2320 3650
187 70 308 134 108
872 84 931 130 e.
968 84 1163 130 pum
1195 83 1498 131 suenum

90 250 190 302 121
209 247 297 298 tas
328 239 531 314 visque
552 238 609 296 in
631 234 826 295 tabem
849 241 1189 314 margaritas
1211 241 1477 300 resolvit.
1522 239 1769 317 gerebat
1798 237 2042 299 auribus
2075 256 2193 298 curn
2272 267 2273 276 2

174 338 434 380 maxume
466 320 763 397 singulare
793 320 934 380 illud
971 329 1030 380 et
1059 339 1202 381 vere
1224 326 1453 383 unicum
1496 333 1735 383 naturae
1772 329 1947 403 qpu's.
2000 324 2193 401 itaque
2272 329 2273 362 l

175 413 559 482 exspectante
593 404 845 464 Antonio
877 405 1144 482 quidnam
1180 418 1342 467 esset
1370 417 1569 468 actura
1592 408 1917 467 detractum
1950 407 2194 466 alterum
2272 381 2273 438 ¹

83 543 90 550 ,
171 489 372 547 mersit
435 505 505 547 ac
551 488 924 587 liquefactum
976 488 1298 550 obsorbuit.
1382 493 1578 550 iniecit
1628 492 1801 550 alteri
1851 507 2085 550 manum
2133 490 2191 550 1..
2272 495 2273 500 ’

170 571 449 646 Plancus,
482 571 659 631 iudex
706 574 1037 650 sponsionis
1080 575 1241 650 eius,
1290 591 1421 634 eum
1464 590 1699 653 qnoque
1748 576 1981 652 paranti
2027 574 2233 634 similis

172 656 346 718 modo
398 617 738 731 absumere,
798 657 1130 735 victumque
1183 620 1494 718 A'ntonium
1544 660 1943 736 pronuntiavit
2007 660 2193 718 omine

170 749 317 798 rato.
384 741 687 799 comitatur
721 701 876 799 ’fama
916 742 1142 799 unionis
1204 745 1329 800 eius
1374 759 1574 821 parem
1626 751 1795 841 capta
1845 742 1952 801 illa
2002 751 2193 803 tantae
2274 753 2275 792 l

171 825 529 902 quaestionis
559 824 802 884 victrice
831 826 1035 901 regina
1058 824 1393 902 dissectum,
1418 835 1483 885 ut
1512 833 1677 885 esset
1700 827 1757 884 in
1785 827 2059 904 utrisque
2084 826 2193 885 Ve-
2274 833 2275 882 l

170 909 327 966 neris
358 907 592 966 auribus
628 905 894 967 Romae
877 925 934 966 ιιι
973 907 1230 968 Pantheo
1264 910 1494 970 dimidia
1526 926 1727 968 eornm
1756 926 1925 969 cena.

87 1001 185 1053 122
326 990 499 1068 (59.)
544 990 677 1049 Non
716 991 908 1051 ferent
940 999 1130 1051 tamen
1164 992 1312 1053 hanc
1343 994 1623 1072 palmam,
1667 994 2246 1093 spoliabunturque»

172 1076 341 1133 etiam
372 1074 634 1133 luxuriae
682 1075 892 1151 gloria.
958 1078 1118 1154 prior
1159 1076 1220 1135 id
1255 1077 1483 1138 fecerat
1522 1075 1744 1136 Romae
1787 1079 1845 1136 in
1885 1078 2194 1137 unionibus

164 1175 409 1255 magnae
439 1160 750 1218 taxationis
787 1157 1024 1218 Clodius
1055 1161 1324 1236 tragoedi
1355 1161 1579 1239 Aesopi
1611 1161 1797 1236 lilius,
1842 1162 2095 1221 relictus
2124 1161 2190 1221 ab

170 1243 331 1300 eoin
363 1242 569 1319 amplis
615 1241 823 1321 opibus
867 1242 1077 1318 heres,
1113 1262 1188 1303 ne
1235 1246 1591 1303 triumviratu
1632 1260 1742 1303 suo
1786 1247 1960 1304 nimis
1992 1263 2190 1324 super·

170 1324 290 1384 biat
342 1325 625 1385 Antonius
669 1344 857 1406 paene
906 1327 1172 1387 histrioni
1219 1338 1602 1407 conparatus,
1649 1337 1708 1387 et
1756 1329 1997 1407 quidem
2042 1329 2193 1389 nulla

170 1411 487 1487 sponsione
531 1409 604 1469 ad
645 1409 761 1470 boc
790 1411 1109 1488 producto,
1165 1429 1279 1490 quo
1325 1415 1512 1489 magis
1559 1414 1785 1489 regium
1816 1413 1949 1487 flat,
2001 1413 2108 1473 sed
2134 1421 2277 1472 uti

170 1495 539 1572 experiretur
568 1495 624 1553 in
655 1495 846 1572 gloria
875 1495 1053 1573 palati
1092 1497 1363 1576 quidnam
1394 1506 1670 1575 saperent
1699 1498 2082 1573 margaritae,
2113 1505 2192 1556 at·
2276 1499 2277 1524 ³

172 1594 285 1656 que
320 1587 379 1637 ut
410 1580 553 1638 mire
583 1580 887 1657 placuere,
921 1597 996 1638 ne
1030 1580 1195 1639 solus
1226 1580 1342 1640 hoc
1374 1583 1587 1656 sciret,
1638 1580 1904 1657 singulos
1949 1583 2193 1641 uniones

84 1670 185 1722 123
202 1664 463 1721 convivis
489 1679 722 1743 quoque
763 1662 1171 1724 absorbendos
1207 1665 1383 1725 dedit.
1446 1663 1668 1723 Romae
1715 1666 1775 1723 in
1799 1667 2192 1742 promiscuum

170 1763 241 1807 ac
272 1746 641 1827 frequentem
674 1765 837 1807 usum
859 1749 1095 1807 venisse
1127 1748 1501 1808 Alexandrea
1533 1751 1589 1808 in
1611 1748 1903 1808 dicionem
1931 1749 2190 1823 redacta,

168 1834 412 1910 primum
447 1842 637 1892 autem
669 1835 944 1912 coepisse
983 1835 1140 1893 circa
1167 1835 1407 1894 Sullana
1438 1843 1702 1912 tempora
1732 1834 1985 1894 minutas
2016 1843 2075 1895 et
2114 1835 2249 1895 vim

168 1915 240 1974 lis
276 1914 614 1977 Fenestella
656 1918 827 1977 tradit
869 1917 1177 1977 manifesto
1211 1935 1445 1994 errore,
1494 1936 1620 1978 cum
1661 1917 1867 1977 Aelius
1913 1918 2067 1980 Stilo
2106 1917 2190 1978 Ia·

166 1999 437 2076 gurthino
486 2001 648 2062 bello
691 2003 963 2061 unionum
1007 2020 1221 2061 nomen
1255 2005 1454 2081 inponi
1484 2020 1613 2062 cum
1645 2019 1917 2061 maxume
1961 2002 2187 2080 grandi·

163 2083 273 2143 bus
307 2087 635 2162 margaritis
668 2086 897 2164 prodat.

83 2177 186 2231 124
328 2169 499 2248 (60.)
546 2167 622 2228 Et
663 2169 776 2232 hoc
819 2179 1011 2229 tamen
1057 2179 1336 2249 aeternae
1377 2188 1569 2250 prope
1621 2170 2032 2248 possessionis
2085 2180 2187 2230 est.

169 2255 434 2331 sequitur
467 2253 858 2330 heredem,.in
892 2255 1279 2332 mancipatum
1309 2257 1469 2316 venit
1499 2264 1561 2314 ut
1594 2253 1899 2332 praedium
1930 2254 2243 2334 aliquod-n

166 2337 476 2412 conchylia
507 2346 567 2397 et
600 2356 886 2416 purpuras
920 2340 1107 2397 omnis
1146 2339 1293 2399 hora
1325 2341 1556 2414 atterit,
1592 2337 1802 2415 quibus
1844 2339 2057 2399 eadem
2078 2355 2187 2397 ma-

83 2431 184 2483 125
196 2430 289 2480 ter
311 2421 537 2481 luxuria
561 2423 723 2499 paria
749 2439 935 2500 paene
962 2424 1134 2481 etiam
1154 2425 1483 2500 margaritis
1509 2423 1697 2500 pretia
1718 2421 1883 2481 fecit.
1926 2421 2032 2484 36.
2058 2421 2186 2482 Pur-

164 2521 349 2582 purae
390 2507 593 2565 vivont
640 2507 803 2565 annis
826 2505 1149 2585 plurumum
1185 2510 1479 2585 septenis.
1534 2506 1716 2566 latent
1759 2506 1917 2564 sicut
1944 2508 2189 2566 murices

166 2590 325 2649 circa
348 2589 506 2648 canis
549 2599 737 2649 ortum
765 2592 1006 2650 tricenis
1035 2590 1261 2650 diebus.
1325 2598 1760 2668 congregantur
1805 2606 2002 2649 verno
2051 2598 2184 2649 ten·

164 2690 334 2751 pore,
355 2683 724 2752 mutuamque
750 2675 944 2733 attritu
968 2675 1255 2733 lentorem
1278 2675 1574 2735 cuiusdam
1601 2688 1777 2733 cerae
1802 2674 2074 2733 salivaat.
2102 2674 2239 2732 ‘si-2

163 2758 283 2817 mili
316 2757 491 2817 modo
529 2767 590 2817 et
618 2759 892 2834 murices,
926 2758 1032 2817 sed
1072 2775 1369 2836 purpurae
1408 2758 1615 2818 florem
1661 2757 1825 2818 illum
1856 2758 2187 2835 tingue-dl·

81 2850 185 2905 126
200 2844 518 2921 expetitum
550 2841 815 2901 vestibus
846 2844 905 2901 iu
941 2842 1149 2902 mediis
1184 2841 1401 2902 habent
1443 2840 1731 2902 faucibus.
1794 2840 2072 2920 Liquoris
2098 2841 2188 2901 hic

164 2928 395 2987 minumi
429 2935 521 2986 est
559 2927 619 2985 in
661 2925 903 2986 candida
944 2929 1095 2986 ven'a
1141 2926 1299 2986 unde
1338 2928 1640 3005 pretiosus
1675 2924 1785 2985 ille
1820 2924 2065 3001 bibitur,
2102 2926 2183 2984 ti·

163 3012 384 3084 grantis
415 3027 591 3070 rosae
622 3010 829 3069 colore
859 3004 1196 3071 sublucens.
1246 3011 1534 3090 reliquom
1566 3024 1783 3087 corpus
1813 3009 2048 3071 sterile.
2098 3009 2179 3067 vi·

166 3107 271 3148 vas
305 3108 522 3169 capere
565 3093 950 3169 contendunt,
980 3095 1113 3192 quia
1151 3112 1280 3153 cum
1321 3097 1439 3155 vita
1480 3111 1679 3154 sucum
1725 3110 1861 3151 eum
1896 3100 2229 3153 evomunta

45 3227 47 3231 ,
170 3178 229 3229 et
257 3174 570 3234 maioribus
604 3176 834 3253 quidem
867 3178 1137 3259 purpuris
1183 3177 1443 3238 detracta
1489 3176 1714 3237 concha
1751 3178 2049 3253 auferunt,
2088 3177 2183 3236 ni-

167 3266 347 3309 nores
392 3270 520 3311 cum
564 3266 715 3318 testa
755 3262 920 3320 vivas
961 3252 1268 3336 frangunt,
1311 3263 1390 3321 ita
1447 3262 1675 3322 demum
1718 3278 1855 3320 enm
1902 3264 2189 3343 exspuent·

45 3340 187 3394 127
203 3337 294 3389 tis
358 3332 495 3406 Tyri
525 3344 872 3418 praecipuus
902 3343 999 3402 hic
1031 3343 1234 3419 Asiae,
1279 3347 1337 3403 in
1367 3344 1639 3423 Meninge
1669 3344 1917 3406 Africae
1954 3353 2017 3405 et
2044 3332 2178 3407 Gne*
