2320 3650
541 126 703 172 NAT.
733 123 913 172 msr.
952 125 1019 171 x.
1056 121 1296 175 31—33.
1338 114 1645 195 (46—51.)
1984 121 2103 202 1347

81 280 205 342 sere
238 281 421 341 nnius
454 280 670 359 spatio,
704 278 1140 356 quod'humano
1174 296 1358 360 opere
1389 284 1595 360 perfici
1626 301 1742 343 non
1765 291 1986 363 posset.
2054 290 2110 347 in

81 366 290 426 eadem
318 366 491 424 iuxta
522 363 796 442 oppidum
828 360 1062 443 Copton
1093 367 1279 427 insula
1312 376 1401 426 est
1436 385 1603 427 sacra
1636 367 1804 444 Isidi,
1839 387 2005 446 quam
2036 391 2108 432 ne

77 451 305 509 laceret
341 450 531 509 amnis
564 447 746 523 idem,
782 449 1036 509 muniunt
1069 469 1287 529 opere,
1320 451 1728 529 incipientibus
1760 456 1958 513 vernis
1989 455 2106 515 die-

76 532 190 595 bus
222 534 424 613 palea
461 542 522 592 et
569 540 888 594 stramento
931 545 1180 595 rostrum
1224 536 1349 596 eius
1388 536 1717 612 firmantes,
1766 540 2110 598 continuatis

40 637 200 696 spet-
215 613 493 708 ajamim
537 617 809 678 noctibus
853 628 1010 680 tanto
1046 618 1249 679 labore
1285 625 1346 678 ut
1372 619 1578 681 multas
1611 621 1668 679 in
1710 638 1895 698 opere
1929 625 2155 700 e'mori

77 689 360 768 constet:
377 719 597 780 eaque
629 703 826 762 militia
859 703 974 763 illis
1014 719 1142 762 cum
1173 721 1320 763 anno
1355 704 1507 763 redit
1537 722 1790 782 semper.
1852 704 2102 766 Tertium
2127 717 2193 770 95

75 796 161 847 est
193 805 418 847 earum
436 804 644 863 genus,
681 795 968 846 excavant
996 789 1151 866 ripas
1183 796 1355 865 atque
1382 789 1459 846 ita
1489 789 1948 847 inter-nidificant.
2012 790 2109 849 ha-

71 890 200 932 rum
224 871 388 950 pulli
421 870 498 930 ad
527 872 782 930 cinerem
813 869 1057 930 ambusti
1091 872 1391 930 mortifero
1424 872 1670 930 faucium
1707 872 1858 931 malo
1890 873 2108 933 multis-

73 974 200 1033 que
212 956 362 1015 aliis
405 954 625 1013 morbis
657 954 886 1013 humani
920 957 1192 1031 corporis
1221 956 1542 1015 medentur.
1609 969 1724 1014 non
1756 957 1970 1016 faciunt
1999 958 2110 1016 hae

40 1040 261 1116 midos,
299 1040 679 1116 migrantque
704 1038 904 1097 multis
927 1038 1131 1098 diebus
1156 1049 1310 1114 ante,
1344 1041 1392 1098 si
1424 1040 1671 1098 futurum
1702 1049 1792 1099 est
1821 1049 1879 1099 ut
1910 1050 2111 1100 auctus
2166 1039 2169 1040 ⁷

71 1126 251 1185 amnis
281 1124 606 1198 attingant.
655 1139 660 1140 ⁷

181 1208 390 1286 (50.)
449 1204 514 1263 In
565 1222 789 1281 genere
832 1206 1236 1283 vitiparrarum
1283 1215 1373 1264 est
1415 1207 1507 1265 cui
1559 1208 1726 1265 nidus
1782 1226 1856 1267 ex
1903 1177 2102 1267 musco
2127 1214 2196 1271 96

70 1291 231 1351 arido
273 1292 366 1349 ita
406 1289 671 1349 absoluta
705 1287 1004 1366 perficitur
1033 1289 1149 1367 pila
1180 1299 1243 1348 ut
1271 1289 1514 1349 inveniri
1547 1307 1662 1348 non
1684 1287 1870 1368 pos'sit
1905 1291 2107 1351 aditus„

72 1374 444 1449 acanthyllis
481 1372 1057 1452 appellatureadem
1099 1373 1282 1450 figura
1328 1392 1403 1432 ex
1439 1373 1555 1432 lino
1588 1375 1873 1433 intexens.
1943 1374 2108 1432 Pico-

40 1459 458 1535 irumaliquis
490 1457 861 1534 suspenditur
891 1457 1125 1517 surculo
1159 1458 1356 1534 primis
1392 1457 1450 1515 in
1479 1459 1653 1519 ramis
1690 1458 1882 1531 cyathi
1913 1458 2108 1532 mod0,

67 1555 132 1603 ut·
155 1544 333 1604 nulla
388 1541 706 1619 quadripes
749 1542 937 1618 possit
982 1541 1290 1600 accedere.
1367 1540 1640 1617 galgulos
1683 1541 1910 1618 quidem
1948 1542 2110 1619 ipsos

69 1627 478 1707 dependentis
510 1623 759 1702 pedibus
803 1642 1060 1683 somnum
1106 1643 1322 1703 capere
1368 1625 1730 1699 confirmant,
1777 1627 1908 1702 quia
1941 1626 2109 1684 tutio-

65 1731 162 1772 res
204 1712 296 1771 ita
340 1727 415 1769 se
448 1717 704 1787 sperant.
770 1707 889 1767 Iam
923 1708 1216 1787 publicum
1254 1708 1485 1786 quidem
1522 1710 1768 1768 omnium
1814 1719 1902 1769 est
1940 1709 2194 1772 tabu-'97

65 1797 181 1856 lata
225 1810 538 1856 ramorum
582 1792 920 1852 sustinendo
962 1792 1095 1853 nido
1131 1794 1376 1872 provide
1421 1793 1667 1870 eligere,
1706 1811 1997 1854 camarare
2039 1792 2111 1853 ab

40 1881 276 1956 umbri,
333 1886 438 1938 aut
480 1877 689 1937 fronde
731 1886 1051 1956 protegere
1084 1878 1283 1937 densa.
1354 1877 1418 1936 In
1462 1879 1678 1939 Arabia
1715 1878 2112 1955 cinnamolgos

67 1967 192 2024 avis
244 1960 613 2042 appellatur.
690 1963 944 2024 ,cinnami
997 1962 1246 2021 surculis
1292 1963 1563 2022 nidificat.
1642 1962 2114 2041 plumbatis·eos

68 2050 330 2127 sagittis·
380 2046 676 2107 decutiunt
717 2047 1023 2125 indigenae
1069 2047 1283 2105 mercis
1327 2049 1530 2123 gratia.
1607 2049 1665 2105 in
1712 2047 1945 2121 Scythis
1990 2047 2113 2105 avis

65 2130 489 2210 magnitudine
535 2129 705 2189 otidis
746 2129 915 2189 binos
957 2132 1142 2207 parit,
1170 2132 1247 2189 .in
1279 2131 1544 2207 leporina
1588 2130 1746 2208 pelle
1793 2148 2026 2207 semper
2057 2133 2113 2188 in

66 2213 485 2279 cacuminibus
514 2231 802 2274 ramorum
833 2231 1134 2292 suspensa.
1195 2213 1370 2272 Picae
1403 2214 1892 2288 cumdiligentius
1924 2215 2106 2271 visum
2128 2221 2200 2275 98

40 2302 138 2363 ·ab
181 2299 443 2360 homine
490 2298 681 2357 nidum
727 2314 1001 2372 sensere,
1041 2314 1150 2356 ova
1194 2297 1545 2356 transferunt
1568 2297 1714 2356 ali0.
1779 2296 1895 2356 hoc
1936 2298 1993 2355 in
2022 2297 2110 2356 his

64 2384 288 2444 avibus
349 2399 593 2459 quarum
644 2381 807 2458 digiti
869 2399 983 2441 non
1031 2383 1142 2440 sint
1197 2380 1623 2440 adcommodati
1670 2381 2113 2458 conplectendis

61 2466 634 2542 transferendisque
677 2467 803 2524 ovis
846 2468 993 2525 miro
1035 2465 1274 2525 traditur
1313 2464 1506 2523 modo.
1580 2482 1825 2542 namque
1874 2465 2109 2524 surculo

61 2571 258 2631 super
308 2550 448 2610 bina
508 2566 617 2609 ova
651 2550 915 2628 inposito
963 2568 1033 2610 ac
1073 2549 1415 2609 feruminato
1462 2548 1599 2607 alvi
1620 2549 1842 2625 glutino
1887 2549 2111 2645 subdita

60 2637 328 2697 cervice
361 2633 554 2692 medio
591 2651 776 2711 aequa
806 2634 1088 2712 utrimque
1119 2633 1265 2693 libra
1302 2633 1607 2710 deportant
1636 2632 1769 2692 alio.

87 2764 96 2769 -
199 2721 355 2797 (51.
362 2719 394 2796 )
439 2716 569 2777 Nec
589 2735 734 2777 vero
759 2719 827 2776 iis
851 2718 1035 2777 minor
1064 2717 1328 2776 sollertia
1364 2734 1512 2793 quae
1546 2715 1877 2776 cunabula
1861 2733 1917 2773 in
1947 2723 2103 2774 terra
2126 2722 2197 2777 99

57 2806 309 2865 faciunt
341 2802 614 2881 corporis
635 2804 918 2878 gravitate
950 2802 1277 2880 prohibitae
1311 2800 1554 2860 sublime
1587 2809 1814 2878 petere.
1873 2796 2112 2875 Merops

58 2898 336 2949 vocatur
376 2886 675 2962 genitores
712 2902 851 2945 suos
882 2886 1218 2945 reconditos
1248 2900 1533 2963 pascenS,
1570 2884 1789 2962 pallido
1821 2884 1969 2941 intus
2012 2899 2109 2941 co-

57 2975 230 3033 lore
247 2972 593 3049 pinnarum,
628 2988 883 3048 superne
914 2987 1158 3045 cyaneo,
1191 2970 1427 3047 primori
1457 2968 1756 3029 subruti10.
1823 2962 2114 3024 nidificant

53 3061 118 3117 in
160 3073 377 3135 specu
418 3072 528 3115 sex
582 3052 793 3131 pedum
836 3053 1072 3114 defossa
1120 3053 1438 3113 altitudine.
1497 3053 1773 3112 Perdices
1811 3051 1972 3128 spina
2019 3059 2076 3109 et
2096 3058 2198 3110 100

53 3141 302 3215 frutice
339 3139 432 3199 sic
462 3139 717 3197 muniunt
749 3138 1185 3216 receptaculum
1217 3147 1279 3196 ut
1309 3146 1507 3197 contra
1540 3138 1696 3196 feras
1730 3134 1957 3194 abunde
1990 3132 2111 3192 val·

48 3225 305 3286 lentur.
397 3224 524 3281 ovis
565 3222 890 3298 stragulum
929 3222 1107 3281 molle
1149 3221 1396 3299 pulvere
1442 3219 1862 3294 contumulant,
1906 3236 2016 3277 nec
2055 3219 2112 3276 in

52 3325 192 3388 quo
233 3309 384 3371 loco
419 3324 715 3385 peperere
746 3305 1035 3365 incubant.
1104 3323 1177 3364 ne
1211 3307 1301 3364 cui
1344 3305 1704 3382 frequentior
1743 3303 2110 3364 conversatio

53 3400 377 3472 suspecta
425 3391 534 3466 sit,
578 3389 1098 3453 transferuntalio.
1176 3389 1313 3448 illae
1344 3390 1572 3465 quidem
1610 3397 1669 3447 et
1704 3390 1941 3448 maritos
1972 3403 2111 3446 suos
