2320 3650
182 66 306 131 238
932 80 992 130 o.
1039 78 1231 142 mm
1270 80 1568 129 saeuum

181 242 375 313 aestus
409 242 468 292 et
492 232 716 293 stativis
749 232 874 293 dies
905 232 1292 309 absumuntur,
1336 242 1518 295 totum
1560 252 1592 295 a
1624 231 1817 333 Copto
1847 234 2179 299 Berenicen

100 329 200 382 104
216 319 325 377 iter
362 316 701 376 duodecimo
752 317 845 377 die
889 320 1208 394 peragitur.
1286 315 1578 395 Navigare
1626 319 1902 398 incipiunt
1944 330 2179 382 aestate

179 400 365 460 media
404 409 534 460 ante
568 401 724 459 canis
770 409 955 460 ortum
996 410 1092 461 aut
1135 399 1208 460 ab
1244 409 1450 460 exortu
1491 402 1782 478 protinus,
1823 404 2178 502 veniuntque

182 484 413 544 circiter
438 480 620 542 XXX.
653 482 746 543 die
782 481 1005 543 Ocelim
1032 484 1287 543 Arabiae
1311 493 1406 543 aut
1440 482 1638 544 Canen
1670 482 1947 546 turiferae
1976 488 2178 564 regio·

179 570 285 627 nIS.
365 576 454 628 est
485 576 543 626 et
572 567 774 627 tertius
810 576 1010 644 portus
1043 568 1139 645 qui
1169 576 1412 627 vocatur
1433 565 1618 643 Muza,
1652 586 1820 645 quem
1850 566 2045 629 Indica
2079 589 2178 631 na·
2198 586 2220 623 5

178 651 393 727 vigatio
417 667 532 709 non
562 651 736 729 petit,
781 668 890 710 nec
914 651 1021 710 nisi
1050 651 1191 710 turis
1230 651 1586 727 odorumque
1616 651 1996 712 Arabicorum
2025 672 2177 712 mer·

180 744 428 795 catores.
462 735 610 794 intus
637 733 927 811 oppidum,
958 734 1123 811 regia
1151 735 1297 809 eiua,
1324 734 1651 812 appellatur
1677 735 1961 814 Sapphar,
1992 736 2176 798 aliud·

178 836 290 896 que
332 819 504 878 Save.
576 816 748 877 Indos
778 825 969 877 autem
1008 817 1337 896 petentibus
1368 817 1725 876 utilissimum
1761 827 1852 878 est
1887 818 1958 879 ab
2005 818 2177 882 Oceli

177 903 398 981 egredi.
465 900 596 959 inde
635 908 809 958 vento
852 900 1089 979 hippalo
1131 903 1400 979 navigant
1442 901 1645 960 diebus
1687 899 1785 961 XL
1828 902 1900 963 ad
1929 903 2180 981 primum

178 986 493 1062 emporium
526 982 727 1055 ,Indiae
773 981 1029 1042 Muzirim
1070 1001 1186 1043 non
1237 984 1624 1062 expetendum
1663 994 1904 1064 propter
1945 988 2178 1047 vicinos
2199 1003 2241 1043 ιο

177 1070 389 1146 piratas
438 1067 532 1145 qui
576 1067 836 1144 optinent
878 1067 1070 1127 locum
1109 1066 1337 1126 nomine
1380 1066 1625 1143 NitriaS,
1687 1086 1879 1147 neque
1930 1079 2021 1128 est
2073 1071 2177 1130 ab·

175 1150 392 1210 undans
422 1150 731 1209 mercibus.
797 1159 1105 1228 praeterea
1135 1152 1314 1228 longe
1342 1168 1377 1211 a
1409 1160 1564 1211 terra
1602 1152 1768 1215 abest
1800 1153 2027 1213 navium
2057 1164 2179 1215 sta-

176 1235 278 1309 tio,
349 1233 723 1313 lintribusque
761 1234 1093 1294 adferuntur
1134 1251 1311 1294 onera
1365 1242 1425 1294 et
1473 1244 1805 1311 egeruntur.
1888 1237 2182 1314 regnabat

91 1329 190 1382 1οπ
204 1317 302 1392 1b1,
340 1334 466 1376 cum
496 1317 805 1396 proderem
833 1318 1005 1394 haec,
1041 1316 1483 1379 Caelobothras.
1549 1315 1714 1377 Alius
1742 1319 1959 1379 utilior
1967 1330 2178 1398 portus

171 1401 359 1478 gentis
383 1400 757 1499 Neacyndon,
793 1403 890 1478 qui
919 1412 1160 1463 vocatur
1182 1403 1423 1461 Becare.
1485 1400 1563 1460 ibi
1584 1402 1864 1478 regnabat
1890 1402 2172 1480 Pandion,
2196 1415 2239 1455 1⁵
2319 1434 2320 1477 3

174 1484 347 1561 longe
382 1484 453 1544 ab
478 1486 736 1563 emporio
767 1486 1189 1546 mediterraneo
1222 1486 1468 1545 distante
1493 1484 1709 1562 oppido
1742 1486 1896 1563 quod
1926 1497 2177 1547 vocatur

172 1567 431 1629 Modura.
526 1569 692 1644 regio
746 1577 936 1635 autem
991 1587 1068 1627 ex
1128 1585 1240 1645 qua
1294 1569 1462 1646 piper
1521 1569 1849 1643 monoxxlis
1903 1569 2174 1631 lintribus

170 1651 432 1712 Becaren
471 1650 797 1711 convehunt
826 1660 1069 1711 vocatur
1104 1650 1453 1726 Cottonara,
1499 1668 1646 1729 quae
1694 1653 1881 1712 omnia
1914 1655 2175 1729 gentium

173 1744 512 1812 portuumve
558 1744 655 1794 aut
705 1735 1046 1812 oppidorum
1088 1737 1314 1794 nomina
1368 1734 1520 1812 apud
1575 1738 1857 1795 neminem
1913 1737 2174 1813 priorum

91 1820 594 1897 106reperiuntur,
636 1834 750 1896 quo
791 1818 1031 1896 adparet
1079 1821 1282 1878 mutari
1325 1818 1585 1879 locorum
1614 1829 1814 1880 status.
1883 1817 1974 1880 Ex
2003 1820 2239 1883 Indiam

172 1903 507 1978 renavigant
535 1919 734 1961 mense
756 1902 1051 1980 Aegyptio
1084 1901 1230 1977 Tybi
1261 1904 1591 1980 incipiente,
1624 1913 1823 1964 nostro
1849 1904 2170 1981 decembri,

173 1994 267 2044 aut
312 1987 509 2063 utique
534 1984 804 2044 Mechiris
836 1985 1109 2064 Aegyptii
1139 1989 1284 2046 intra
1318 1985 1468 2046 diem
1510 1996 1757 2064 sextum,
1800 1988 1958 2065 quod
1989 1988 2051 2048 fit
2082 1990 2172 2047 in-

170 2078 258 2128 tra
307 2069 432 2130 idus
483 2067 772 2128 lanuarias
823 2078 1071 2129 nostras.
1120 2072 1236 2138 ‘ita
1286 2070 1477 2129 evenit
1518 2079 1580 2129 ut
1623 2072 1831 2131 eodem
1881 2088 2028 2131 anno
2071 2089 2168 2131 re·

171 2161 383 2213 meent.
457 2153 725 2228 navigant
780 2161 968 2213 autem
1025 2172 1101 2213 ex
1137 2153 1298 2216 India
1336 2162 1511 2214 vento
1562 2154 1830 2214 volturno
1885 2164 1978 2231 et,
2030 2171 2171 2214 cum

169 2238 457 2295 intravere
482 2234 734 2296 Rubrum
763 2254 952 2314 mare,
988 2238 1190 2299 Africo
1220 2237 1317 2297 vel
1351 2245 1566 2298 austro.
1618 2236 1783 2298 Nunc
1803 2247 2241 2322 revertemur&

171 2320 241 2380 ad
274 2321 651 2398 propositum.

92 2411 191 2465 107
365 2400 539 2480 (27.)
627 2401 960 2483 Carmaniae
1023 2421 1183 2465 oram
1237 2413 1440 2483 patere
1473 2405 1621 2473 'XI—1
1677 2402 1762 2461 L
1785 2402 1845 2463 Μ
1894 2421 2170 2482 passuum

327 2485 466 2545 chus
519 2488 770 2584 scripsit.
841 2487 911 2547 ab
946 2487 1103 2546 initio
1137 2490 1262 2548 eius
1296 2488 1366 2548 ad
1397 2486 1605 2548 flumen
1636 2485 1827 2546 Sabim
1862 2485 1908 2547 C
1941 2485 1998 2545 M
2030 2504 2168 2564 pas-

168 2485 350 2628 ΝΚ.
436 2561 564 2629 inde
599 2573 799 2630 vineas
844 2571 959 2631 coli
1006 2580 1064 2630 et
1109 2587 1245 2631 arva
1289 2570 1361 2631 ad
1403 2570 1611 2630 flumen
1644 2569 1886 2629 Ananim
1915 2567 2078 2629 XXV
2107 2568 2169 2629 Μ

169 2654 378 2731 spatio.
457 2653 624 2731 regio
654 2664 897 2714 vocatur
925 2653 1207 2730 Armysia.
1289 2654 1501 2734 oppida
1541 2652 1876 2715 Carmaniae
1910 2652 2067 2713 Zetis
2105 2661 2239 2713 etac

169 2737 537 2798 Alexandria.
1723 2799 1733 2814 „

337 2818 503 2899 (28.)
585 2820 858 2899 Inrumpit
890 2819 1096 2882 deinde
1151 2830 1210 2881 et
1251 2821 1307 2880 in
1335 2822 1445 2883 hac
1488 2832 1653 2901 parte
1693 2821 1976 2900 geminum
2005 2836 2166 2880 mare
2219 2861 2228 2864 -

167 2912 375 2980 terras,
411 2904 564 2981 quod
604 2904 858 2963 Rubrum
887 2904 1089 2964 dixere
1124 2905 1327 2981 nostri,
1362 2905 1568 2967 Graeci
1605 2906 1914 2981 Erythrum
1950 2921 1982 2966 a
2016 2919 2167 2980 rege

167 2984 436 3062 Erythra,
468 2996 584 3064 aut,
621 2997 682 3048 ut
710 2987 827 3062 alii,
860 2987 1003 3047 solis
1031 3005 1384 3067 repercussu
1409 2989 1587 3049 talem
1619 2990 1785 3050 reddi
1817 2989 2164 3064 existuman-

167 3077 258 3128 tes
293 3070 589 3148 colorem,
626 3071 722 3131 alii
757 3070 828 3130 ab
852 3071 1065 3132 harena
1097 3081 1404 3150 terraque,
1437 3073 1535 3134 alii
1565 3073 1664 3134 tali
1698 3069 1881 3152 aq'ua'e
1917 3071 2100 3150 ipsius
2130 3087 2234 3131 aas

170 3161 389 3212 natura.

97 3245 198 3299 108
367 3235 464 3297 24.
536 3236 703 3297 Sed·
687 3256 741 3296 ιιι
772 3237 915 3297 duos
947 3238 1253 3300 dividitur
1243 3240 1419 3299 sinus.
1491 3240 1539 3298 is
1581 3240 1677 3316 qui
1708 3237 1781 3299 ab
1814 3236 2040 3297 oriente
2073 3244 2165 3297 est

167 3317 436 3378 Persicus
466 3320 825 3400 appellatur,
855 3321 1022 3391 ΧΤν
1045 3321 1103 3382 Μ
1128 3338 1401 3401 passuum
1432 3323 1705 3399 circuitu,
1737 3330 1800 3381 ut
1822 3319 2161 3381 Eratosthe-

33 3537 125 3559 -ιι
