2320 3650
551 77 709 122 ΝΑΤ.
742 77 920 123 ms'r.
954 78 1116 124 vm.
1153 75 1393 127 alu-22.
1434 62 1733 147 (30-34.)
2042 66 2117 124 57

118 240 183 291 ut
214 232 437 309 reliqua
479 248 692 309 corpus
738 231 961 309 inpellit
1002 232 1106 292 sed
1137 231 1335 292 celsus
1372 242 1429 291 et
1463 241 1700 291 erectus
1727 218 2006 292 in¹rnedio
2040 234 2121 291 in-

118 314 360 376 cedens.
407 323 577 378 necat
610 315 886 389 frutices,
926 332 1039 374 non
1069 325 1371 375 contactos
1403 316 1575 375 modo
1628 327 1916 376 verumret
1946 316 2121 376 adfla-

115 409 236 473 tos,
268 400 455 463 exurit
484 397 720 472 herbas,
754 402 1155 477 rumpitsaxa.
1220 399 1352 459 talis
1387 401 1473 465 vis
1502 399 1652 458 malo
1685 409 1794 459 est.
1842 400 2122 464 creditum

116 482 406 562 quondam
436 500 511 546 ex
545 500 698 561 equo
728 485 985 546 occisum
1015 484 1179 544 hasta
1223 493 1281 543 et
1309 502 1418 561 per
1447 501 1573 542 eam
1602 483 1885 544 subeunte
1921 485 1975 541 vi
2007 495 2122 542 non

0 619 1 638 ἶ
61 582 88 619 5
120 568 376 643 equitem
405 567 578 625 modo
605 568 709 630 sed
740 585 948 644 equum
980 585 1211 646 quoque
1238 567 1616 644 absumptum.
1664 566 1809 626 Huic
1838 567 1936 626 tali
1953 585 2118 626 mon·
2142 572 2210 627 79

0 649 1 652 ’
114 660 264 725 stro,
282 684 365 698 -·
381 669 562 728 saepe
593 652 742 710 enim
767 652 1032 711 enectum
1056 652 1448 730 concupivere
1473 669 1650 727 reges
1672 651 1897 726 videre,
1914 669 2123 709 -ιιιιι-

115 735 395 796 stelarum
421 736 579 794 virus
604 736 783 796 exitio
821 745 927 794 est.
968 736 1115 796 adeo
1145 745 1382 795 naturae
1413 735 1553 795 nihil
1591 735 1806 813 placuit
1837 753 1972 794 esse
2003 737 2125 794 sine

114 837 280 897 pare.
369 819 603 880 iniciunt
646 818 750 878 has
800 822 1065 881 cavernis
1110 820 1288 879 facile
1338 821 1588 895 cognitis
1637 820 1751 878 soli
1796 819 1952 878 tabe.
2027 836 2124 878 ne·

114 912 252 964 cant
291 902 428 962 illae
474 902 639 964 simul
674 902 858 1012 odore
887 905 1349 981 moriunturque,
1383 912 1443 962 et
1473 912 1710 963 naturae
1753 920 1944 981 pugna
1989 919 2123 962 con-

40 1009 94 1049 ιο
114 987 325 1050 ficitur.

247 1069 346 1130 22.
380 1071 549 1149 (34.)
583 1070 746 1130 Sed
731 1089 789 1129 ιιι
801 1068 965 1130 Italia
986 1088 1222 1150 quoque
1239 1072 1492 1136 creditur
1515 1072 1781 1149 luporum
1798 1072 1955 1129 visus
1983 1089 2118 1130 esse
2140 1083 2212 1136 80

113 1155 360 1229 noxius,
413 1171 737 1232 vocemque
778 1154 991 1214 homini
1019 1173 1206 1232 quem
1238 1157 1465 1232 priores
1510 1155 1971 1232 contemplentur
2006 1156 2122 1215 adi-

113 1256 279 1297 mere
305 1237 376 1298 ad
408 1256 713 1316 praesens.
751 1237 960 1297 Inertis
986 1238 1094 1298 hos
1128 1251 1458 1316 parvosque
1497 1239 1697 1298 Africa
1730 1249 1788 1297 et
1818 1238 2122 1317 Aegyptus

113 1323 391 1399 gignunt,
444 1340 688 1400 asperos
738 1323 1032 1399 trucisque
1068 1321 1332 1398 frigidior
1363 1321 1555 1399 plaga.
1632 1322 1907 1381 Homines
1955 1324 2010 1381 in
2040 1323 2121 1381 lu·

42 1427 94 1465 15
116 1423 230 1484 pos
285 1407 433 1465 verti
479 1424 819 1483 rursumque
876 1407 1098 1464 restitui
1151 1405 1259 1464 sibi
1312 1406 1520 1466 falsum
1576 1423 1734 1464 essex
1769 1406 2125 1465 confidenter

84 1534 86 1536 >
115 1491 467 1550 existumare
515 1490 793 1552 debemus
845 1500 942 1549 aut
994 1489 1239 1548 credere
1292 1492 1479 1549 omnia
1523 1508 1671 1566 quae
1718 1489 1983 1549 fabulosa
2038 1499 2121 1549 tot

116 1574 370 1633 saeculis
404 1576 790 1651 conperimus.
853 1574 1004 1634 unde
1048 1583 1237 1632 tamen
1282 1576 1390 1633 ista
1426 1573 1608 1649 volgo
1646 1574 1818 1632 infixa
1862 1575 1936 1631 sit
1969 1573 2118 1632 fama

0 1656 15 1678 ⁸
113 1665 333 1720 tantum
361 1665 421 1714 ut
452 1659 507 1715 in
538 1658 857 1720 maledictis
904 1658 1238 1735 versipellis
1269 1656 1479 1717 habeat
1509 1657 1866 1717 indi-cabitur.
1929 1656 2116 1715 Euan·
2138 1660 2205 1713 81

113 1740 249 1799 thes
276 1741 431 1800 inter
461 1750 731 1802 auctores
756 1741 1038 1802 Graeciae
1067 1759 1184 1802 non
1228 1752 1458 1819 spretus
1487 1742 1661 1800 tradit
1684 1741 1945 1800 Arcadas
1979 1744 2120 1799 scri-

41 1845 99 1883 20
120 1825 266 1885 here
299 1843 374 1885 ex
406 1836 582 1903 gente
611 1824 789 1885 Anthi
808 1825 1103 1888 cuiusdam
1139 1836 1298 1894 sorte
1340 1827 1591 1886 familiae
1638 1825 1849 1886 lectum
1894 1827 1965 1885 ad
2010 1835 2119 1889 sta-

112 1927 291 1986 gnum
323 1910 608 1987 quoddam
656 1912 915 1986 regionis
947 1912 1072 1969 eius
1104 1911 1235 1970 duci
1281 1913 1611 1987 vestituque
1656 1912 1710 1968 in
1743 1928 1962 1988 quercu
1995 1928 2118 1967 sus-

113 2011 303 2070 penso
347 2003 575 2065 tranare
619 2003 793 2070 atque
846 1994 1006 2053 abire
1040 1995 1095 2051 in
1124 1995 1361 2054 deserta
1389 1995 1900 2071 transfigurarique
1947 1996 2003 2051 in
2035 1994 2137 2052 Ιιι-Δ

113 2095 252 2154 pum
292 2086 352 2135 et
396 2095 525 2136 cum
574 2079 788 2137 ceteris
826 2079 1096 2151 ,eiusdem
1143 2080 1379 2154 generis
1424 2080 1771 2153 congregari
1805 2095 1911 2156 per
1939 2094 2118 2135 annos

110 2177 343 2221 novem.
407 2177 521 2237 quo
552 2163 610 2220 in
648 2172 914 2238 tempore
946 2163 995 2219 si
1025 2161 1255 2220 homine
1292 2179 1358 2220 se
1398 2161 1754 2234 abstinuerit,
1803 2162 2017 2227 reverti
2048 2160 2120 2219 ad
2183 2191 2187 2195 ⁴

41 2264 89 2304 25
112 2244 267 2304 idem
299 2254 559 2320 stagnum
590 2254 680 2320 et,
710 2264 840 2305 cum
873 2247 1205 2318 tranaverit,
1250 2246 1505 2320 effigiem
1536 2247 1871 2320 reciperare
1902 2244 1971 2302 ad
2005 2245 2117 2320 pri·

111 2329 322 2387 stinum
356 2328 604 2389 habitum
634 2329 829 2388 addito
859 2344 1066 2387 novem
1101 2347 1375 2388 annorum
1405 2328 1589 2386 senio.
1661 2326 1717 2385 id
1750 2345 1980 2403 quoque
2013 2326 2118 2385 Fa-

110 2412 265 2488 bius,
282 2413 522 2473 eandem
548 2414 816 2490 recipere
840 2421 1087 2471 vestem.
1119 2412 1320 2472 Mirum
1346 2421 1438 2470 est
1462 2429 1576 2488 quo
1597 2404 1879 2488 procedat
1897 2410 2120 2469 Graeca
2135 2420 2206 2472 82

111 2494 460 2561 credulitas!
485 2496 701 2557 nullum
722 2505 837 2555 tam
861 2496 1141 2572 inpudens
1160 2497 1518 2558 mendacium
1535 2505 1625 2554 est
1647 2503 1708 2552 ut
1730 2504 1879 2553 teste
1901 2504 2117 2555 careat.

108 2582 192 2639 ita
188 2580 499 2678 Agriopas
525 2599 620 2659 qur
607 2578 1067 2656 Olympionicas
1086 2581 1318 2658 scripsit
1339 2589 1531 2639 narrat
1553 2579 1970 2637 Demaenetum
1986 2579 2119 2637 Par-

44 2681 91 2721 3ο
114 2664 329 2723 rasium
360 2666 418 2722 in
444 2665 732 2723 sacrificio
758 2663 914 2742 quod
945 2663 1209 2723 Arcades
1241 2663 1366 2723 Iovi
1396 2663 1626 2737 Lycaeo
1652 2662 1892 2720 humana
1924 2664 2118 2720 etiam-

0 2762 1 2815 ἢ
42 2742 45 2745 “
109 2756 232 2806 tum
263 2747 448 2809 hostia
471 2747 782 2822 faciebant,
821 2747 1075 2807 inmolati
1106 2749 1270 2825 pueri
1304 2756 1439 2806 exta
1472 2748 1815 2831 degustasse
1852 2754 1908 2803 et
1940 2748 1995 2803 in
2036 2746 2117 2803 lu-

111 2847 250 2909 pum
282 2850 347 2889 se
395 2834 777 2906 convertisse,
832 2832 1075 2892 eundem
1105 2832 1348 2891 decumo
1390 2848 1537 2889 anno
1574 2832 1896 2889 restitutum
1935 2828 2117 2887 athle-

107 2915 265 2975 ticae
308 2917 595 2975 restitisse
640 2917 697 2974 in
721 2915 977 2993 pugilatu
1030 2916 1430 2992 victoremque
1475 2911 1742 2992 Olympia
1795 2929 2115 2973 reversum.

108 2999 250 3077 quin
288 3008 347 3057 et
386 2999 605 3060 caudae
636 3000 801 3058 huius
844 2998 1101 3058 animalis
1145 2999 1397 3058 creditur
1447 2999 1625 3074 volgo
1671 2999 1866 3056 inesse
1902 3004 2116 3057 amato·
2132 2996 2206 3048 83

39 3095 91 3135 35
109 3084 255 3143 rium
284 3084 439 3141 virus
473 3078 694 3159 exiguo'
723 3085 778 3142 in
812 3083 955 3142 villo
1000 3100 1265 3160 eumque,
1307 3101 1435 3142 cum
1479 3085 1771 3160 capiatur,
1814 3080 1963 3140 abici
2008 3097 2118 3138 nec

108 3166 263 3225 idem
307 3165 536 3243 pollere
576 3169 682 3225 nisi
710 3169 925 3226 viventi
957 3166 1263 3244 direptum.
1354 3167 1479 3226 dies
1523 3165 1730 3245 quibus
1777 3175 1947 3224 coeat
1990 3173 2114 3222 toto

110 3265 261 3309 anno
308 3266 425 3308 non
458 3251 710 3328 amplius
754 3249 1081 3309 duodecim.
1145 3249 1389 3313 eundem
1434 3252 1491 3307 in
1532 3250 1682 3307 fame
1730 3251 1895 3308 vesci
1933 3258 2116 3308 terra.

108 3334 262 3393 inter
304 3335 563 3410 auguria,
595 3334 668 3393 ad
702 3334 1001 3394 dexteram
1045 3335 1461 3394 conmeantium
1510 3335 1779 3411 praeciso
1822 3334 2028 3393 itinere
2068 3333 2116 3393 si

0 281 6 318 l

0 349 17 402 ἰ.

0 448 5 486 Ι

0 535 3 571 l
