<?xml version="1.0" encoding="UTF-8"?>
<!DOCTYPE html PUBLIC "-//W3C//DTD XHTML 1.0 Transitional//EN"
    "http://www.w3.org/TR/xhtml1/DTD/xhtml1-transitional.dtd">
<html xmlns="http://www.w3.org/1999/xhtml" xml:lang="en" lang="en">
 <head>
  <title>
</title>
<meta http-equiv="Content-Type" content="text/html;charset=utf-8" />
  <meta name='ocr-system' content='tesseract 3.04.00' />
  <meta name='ocr-capabilities' content='ocr_page ocr_carea ocr_par ocr_line ocrx_word'/>
</head>
<body>
  <div class='ocr_page' id='page_1' title='image "./cplinisecundina00eldegoog_0568.png"; bbox 0 0 2320 3650; ppageno 0'>
   <div class='ocr_carea' id='block_1_1' title="bbox 618 101 2158 187">
    <p class='ocr_par' dir='ltr' id='par_1_1' title="bbox 618 101 2158 187">
     <span class='ocr_line' id='line_1_1' title="bbox 618 101 2158 187; baseline -0.002 -21"><span class='ocrx_word' id='word_1_1' title='bbox 618 119 779 166; x_wconf 74' lang='lat' dir='ltr'><strong>NA&#39;r.</strong></span> <span class='ocrx_word' id='word_1_2' title='bbox 817 118 1000 165; x_wconf 76' lang='lat' dir='ltr'><strong>ms&#39;r.</strong></span> <span class='ocrx_word' id='word_1_3' title='bbox 1033 119 1153 164; x_wconf 76' lang='grc' dir='ltr'><strong>ΧΠ.</strong></span> <span class='ocrx_word' id='word_1_4' title='bbox 1195 113 1439 168; x_wconf 79' lang='grc'><strong>17-19,</strong></span> <span class='ocrx_word' id='word_1_5' title='bbox 1488 106 1649 183; x_wconf 80' lang='lat'><strong>(40—</strong></span> <span class='ocrx_word' id='word_1_6' title='bbox 1672 101 1791 187; x_wconf 83' lang='lat'><strong>42.)</strong></span> <span class='ocrx_word' id='word_1_7' title='bbox 2037 102 2158 169; x_wconf 55' lang='lat'><strong>23</strong></span> 
     </span>
    </p>
   </div>
   <div class='ocr_carea' id='block_1_2' title="bbox 36 268 2282 3456">
    <p class='ocr_par' dir='ltr' id='par_1_2' title="bbox 36 268 2282 3456">
     <span class='ocr_line' id='line_1_2' title="bbox 147 268 2160 356; baseline -0.004 -20"><span class='ocrx_word' id='word_1_8' title='bbox 147 283 462 356; x_wconf 73' lang='lat' dir='ltr'><strong>praeterea</strong></span> <span class='ocrx_word' id='word_1_9' title='bbox 501 272 802 343; x_wconf 82' lang='lat' dir='ltr'><strong>hibernum</strong></span> <span class='ocrx_word' id='word_1_10' title='bbox 843 290 1001 333; x_wconf 80' lang='lat' dir='ltr'><strong>mare</strong></span> <span class='ocrx_word' id='word_1_11' title='bbox 1044 274 1283 350; x_wconf 80' lang='lat' dir='ltr'><strong>exigunt</strong></span> <span class='ocrx_word' id='word_1_12' title='bbox 1324 268 1479 332; x_wconf 87' lang='lat' dir='ltr'><strong>circa</strong></span> <span class='ocrx_word' id='word_1_13' title='bbox 1524 272 1812 350; x_wconf 84' lang='lat' dir='ltr'><strong>brumam,</strong></span> <span class='ocrx_word' id='word_1_14' title='bbox 1859 272 2013 345; x_wconf 75' lang='lat' dir='ltr'><strong>euris</strong></span> <span class='ocrx_word' id='word_1_15' title='bbox 2044 280 2160 329; x_wconf 90' lang='lat' dir='ltr'><strong>tum</strong></span> 
     </span>
     <span class='ocr_line' id='line_1_3' title="bbox 144 356 2244 434; baseline -0.002 -13"><span class='ocrx_word' id='word_1_16' title='bbox 144 377 413 421; x_wconf 82' lang='lat' dir='ltr'><strong>maxume</strong></span> <span class='ocrx_word' id='word_1_17' title='bbox 437 356 735 417; x_wconf 78' lang='lat' dir='ltr'><strong>flantibus.</strong></span> <span class='ocrx_word' id='word_1_18' title='bbox 790 357 848 416; x_wconf 87' lang='lat' dir='ltr'><strong>hi</strong></span> <span class='ocrx_word' id='word_1_19' title='bbox 880 365 1046 416; x_wconf 86' lang='lat' dir='ltr'><strong>recto</strong></span> <span class='ocrx_word' id='word_1_20' title='bbox 1066 374 1253 416; x_wconf 49' lang='lat' dir='ltr'><strong>‘cursu</strong></span> <span class='ocrx_word' id='word_1_21' title='bbox 1286 374 1395 434; x_wconf 83' lang='lat' dir='ltr'><strong>per</strong></span> <span class='ocrx_word' id='word_1_22' title='bbox 1419 356 1578 416; x_wconf 88' lang='lat' dir='ltr'><strong>sinus</strong></span> <span class='ocrx_word' id='word_1_23' title='bbox 1608 356 1891 434; x_wconf 83' lang='lat' dir='ltr'><strong>inpellunt</strong></span> <span class='ocrx_word' id='word_1_24' title='bbox 1919 365 2093 433; x_wconf 85' lang='lat' dir='ltr'><strong>atque</strong></span> <span class='ocrx_word' id='word_1_25' title='bbox 2124 362 2244 416; x_wconf 85' lang='lat' dir='ltr'><strong>a88</strong></span> 
     </span>
     <span class='ocr_line' id='line_1_4' title="bbox 144 439 2162 524; baseline -0.003 -21"><span class='ocrx_word' id='word_1_26' title='bbox 144 443 510 524; x_wconf 86' lang='lat' dir='ltr'><strong>promontori</strong></span> <span class='ocrx_word' id='word_1_27' title='bbox 549 441 760 501; x_wconf 81' lang='lat' dir='ltr'><strong>ambitu</strong></span> <span class='ocrx_word' id='word_1_28' title='bbox 803 450 1035 518; x_wconf 83' lang='lat' dir='ltr'><strong>argeste</strong></span> <span class='ocrx_word' id='word_1_29' title='bbox 1083 440 1352 500; x_wconf 83' lang='lat' dir='ltr'><strong>deferunt</strong></span> <span class='ocrx_word' id='word_1_30' title='bbox 1392 442 1448 499; x_wconf 91' lang='lat' dir='ltr'><strong>in</strong></span> <span class='ocrx_word' id='word_1_31' title='bbox 1493 449 1719 519; x_wconf 71' lang='lat' dir='ltr'><strong>portum</strong></span> <span class='ocrx_word' id='word_1_32' title='bbox 1755 439 2162 500; x_wconf 86' lang='lat' dir='ltr'><strong>Gebanitarum</strong></span> 
     </span>
     <span class='ocr_line' id='line_1_5' title="bbox 145 523 2157 608; baseline -0.003 -20"><span class='ocrx_word' id='word_1_33' title='bbox 145 529 245 608; x_wconf 79' lang='lat' dir='ltr'><strong>qui</strong></span> <span class='ocrx_word' id='word_1_34' title='bbox 277 535 522 591; x_wconf 84' lang='lat' dir='ltr'><strong>vocatur</strong></span> <span class='ocrx_word' id='word_1_35' title='bbox 548 523 751 585; x_wconf 78' lang='lat' dir='ltr'>Ocilia.</span> <span class='ocrx_word' id='word_1_36' title='bbox 818 524 1193 603; x_wconf 82' lang='lat' dir='ltr'><strong>quamobrem</strong></span> <span class='ocrx_word' id='word_1_37' title='bbox 1236 525 1318 584; x_wconf 90' lang='lat' dir='ltr'><strong>illi</strong></span> <span class='ocrx_word' id='word_1_38' title='bbox 1347 542 1616 585; x_wconf 78' lang='lat' dir='ltr'><strong>maxume</strong></span> <span class='ocrx_word' id='word_1_39' title='bbox 1644 524 1699 584; x_wconf 90' lang='lat' dir='ltr'><strong>id</strong></span> <span class='ocrx_word' id='word_1_40' title='bbox 1744 533 1977 601; x_wconf 88' lang='lat' dir='ltr'><strong>petunt,</strong></span> <span class='ocrx_word' id='word_1_41' title='bbox 2022 540 2157 600; x_wconf 87' lang='lat' dir='ltr'><strong>pro-</strong></span> 
     </span>
     <span class='ocr_line' id='line_1_6' title="bbox 102 608 2157 688; baseline -0.003 -16"><span class='ocrx_word' id='word_1_42' title='bbox 102 614 404 688; x_wconf 65' lang='lat' dir='ltr'><strong>5duntque</strong></span> <span class='ocrx_word' id='word_1_43' title='bbox 433 612 531 669; x_wconf 87' lang='lat' dir='ltr'><strong>vix</strong></span> <span class='ocrx_word' id='word_1_44' title='bbox 561 610 759 686; x_wconf 86' lang='lat' dir='ltr'><strong>quinto</strong></span> <span class='ocrx_word' id='word_1_45' title='bbox 786 626 941 673; x_wconf 85' lang='lat' dir='ltr'><strong>-anuo</strong></span> <span class='ocrx_word' id='word_1_46' title='bbox 971 610 1191 668; x_wconf 80' lang='lat' dir='ltr'><strong>reverti</strong></span> <span class='ocrx_word' id='word_1_47' title='bbox 1220 610 1619 686; x_wconf 78' lang='lat' dir='ltr'><strong>negotiatores</strong></span> <span class='ocrx_word' id='word_1_48' title='bbox 1655 617 1713 667; x_wconf 88' lang='lat' dir='ltr'><strong>et</strong></span> <span class='ocrx_word' id='word_1_49' title='bbox 1739 608 1951 674; x_wconf 85' lang='lat' dir='ltr'><strong>multos</strong></span> <span class='ocrx_word' id='word_1_50' title='bbox 1983 609 2157 666; x_wconf 86' lang='lat' dir='ltr'><strong>inter-</strong></span> 
     </span>
     <span class='ocr_line' id='line_1_7' title="bbox 142 690 2181 768; baseline -0.003 -13"><span class='ocrx_word' id='word_1_51' title='bbox 142 699 251 755; x_wconf 85' lang='lat' dir='ltr'><strong>ire.</strong></span> <span class='ocrx_word' id='word_1_52' title='bbox 288 703 488 754; x_wconf 87' lang='lat' dir='ltr'><strong>contra</strong></span> <span class='ocrx_word' id='word_1_53' title='bbox 512 693 797 754; x_wconf 87' lang='lat' dir='ltr'><strong>revehunt</strong></span> <span class='ocrx_word' id='word_1_54' title='bbox 818 694 1002 752; x_wconf 80' lang='lat' dir='ltr'><strong>vitrea</strong></span> <span class='ocrx_word' id='word_1_55' title='bbox 1034 702 1093 752; x_wconf 89' lang='lat' dir='ltr'><strong>et</strong></span> <span class='ocrx_word' id='word_1_56' title='bbox 1113 710 1293 766; x_wconf 87' lang='lat' dir='ltr'><strong>aena,</strong></span> <span class='ocrx_word' id='word_1_57' title='bbox 1326 694 1541 768; x_wconf 75' lang='lat' dir='ltr'><strong>vestiS,</strong></span> <span class='ocrx_word' id='word_1_58' title='bbox 1576 691 1783 751; x_wconf 84' lang='lat' dir='ltr'><strong>fibulas</strong></span> <span class='ocrx_word' id='word_1_59' title='bbox 1810 708 1936 750; x_wconf 79' lang='lat' dir='ltr'><strong>cum</strong></span> <span class='ocrx_word' id='word_1_60' title='bbox 1965 690 2181 749; x_wconf 82' lang='lat' dir='ltr'><strong>armil·&#39;</strong></span> 
     </span>
     <span class='ocr_line' id='line_1_8' title="bbox 140 773 2159 854; baseline -0.004 -14"><span class='ocrx_word' id='word_1_61' title='bbox 140 781 216 840; x_wconf 85' lang='lat' dir='ltr'><strong>lis</strong></span> <span class='ocrx_word' id='word_1_62' title='bbox 246 797 323 840; x_wconf 80' lang='lat' dir='ltr'><strong>ac</strong></span> <span class='ocrx_word' id='word_1_63' title='bbox 353 777 678 837; x_wconf 79' lang='lat' dir='ltr'><strong>monilibus.</strong></span> <span class='ocrx_word' id='word_1_64' title='bbox 742 794 889 854; x_wconf 77' lang='lat' dir='ltr'><strong>ergo</strong></span> <span class='ocrx_word' id='word_1_65' title='bbox 912 777 1233 853; x_wconf 79' lang='lat' dir='ltr'><strong>negotiatio</strong></span> <span class='ocrx_word' id='word_1_66' title='bbox 1263 777 1362 837; x_wconf 89' lang='lat' dir='ltr'><strong>illa</strong></span> <span class='ocrx_word' id='word_1_67' title='bbox 1387 777 1726 836; x_wconf 81' lang='lat' dir='ltr'><strong>feminarum</strong></span> <span class='ocrx_word' id='word_1_68' title='bbox 1754 793 2017 835; x_wconf 83' lang='lat' dir='ltr'><strong>maxume</strong></span> <span class='ocrx_word' id='word_1_69' title='bbox 2045 773 2159 833; x_wconf 83' lang='lat' dir='ltr'><strong>fide</strong></span> 
     </span>
     <span class='ocr_line' id='line_1_9' title="bbox 140 859 2243 939; baseline -0.003 -12"><span class='ocrx_word' id='word_1_70' title='bbox 140 871 397 927; x_wconf 80' lang='lat' dir='ltr'><strong>constat.</strong></span> <span class='ocrx_word' id='word_1_71' title='bbox 456 860 589 939; x_wconf 83' lang='lat' dir='ltr'><strong>lpse</strong></span> <span class='ocrx_word' id='word_1_72' title='bbox 620 862 815 921; x_wconf 73' lang='lat' dir='ltr'><strong>frutex</strong></span> <span class='ocrx_word' id='word_1_73' title='bbox 855 860 1025 920; x_wconf 86' lang='lat' dir='ltr'><strong>duum</strong></span> <span class='ocrx_word' id='word_1_74' title='bbox 1057 859 1379 921; x_wconf 87' lang='lat' dir='ltr'><strong>cubitorum</strong></span> <span class='ocrx_word' id='word_1_75' title='bbox 1412 860 1709 921; x_wconf 71' lang='lat' dir='ltr'><strong>altitudIne</strong></span> <span class='ocrx_word' id='word_1_76' title='bbox 1740 859 2149 937; x_wconf 83' lang='lat' dir='ltr'><strong>amplissimus,</strong></span> <span class='ocrx_word' id='word_1_77' title='bbox 2173 867 2243 921; x_wconf 84' lang='grc'><strong>89</strong></span> 
     </span>
     <span class='ocr_line' id='line_1_10' title="bbox 134 943 2160 1026; baseline -0.002 -20"><span class='ocrx_word' id='word_1_78' title='bbox 134 947 443 1026; x_wconf 64' lang='lat' dir='ltr'><strong>pal-mique</strong></span> <span class='ocrx_word' id='word_1_79' title='bbox 467 947 768 1020; x_wconf 86' lang='lat' dir='ltr'><strong>minumus,</strong></span> <span class='ocrx_word' id='word_1_80' title='bbox 802 956 921 1005; x_wconf 69' lang='lat'>111}</span> <span class='ocrx_word' id='word_1_81' title='bbox 940 943 1248 1020; x_wconf 79' lang='lat' dir='ltr'>digitorum</span> <span class='ocrx_word' id='word_1_82' title='bbox 1282 945 1714 1023; x_wconf 81' lang='lat' dir='ltr'><strong>crassitudinis,</strong></span> <span class='ocrx_word' id='word_1_83' title='bbox 1731 945 1920 1007; x_wconf 87' lang='lat' dir='ltr'><strong>statim</strong></span> <span class='ocrx_word' id='word_1_84' title='bbox 1943 961 1976 1002; x_wconf 93' lang='lat' dir='ltr'><strong>a</strong></span> <span class='ocrx_word' id='word_1_85' title='bbox 2003 953 2160 1002; x_wconf 86' lang='lat' dir='ltr'><strong>terra</strong></span> 
     </span>
     <span class='ocr_line' id='line_1_11' title="bbox 70 1028 2157 1106; baseline -0.002 -17"><span class='ocrx_word' id='word_1_86' title='bbox 70 1045 218 1095; x_wconf 75' lang='lat' dir='ltr'><strong>mvl</strong></span> <span class='ocrx_word' id='word_1_87' title='bbox 252 1030 450 1106; x_wconf 77' lang='lat' dir='ltr'><strong>digitis</strong></span> <span class='ocrx_word' id='word_1_88' title='bbox 479 1030 851 1103; x_wconf 82' lang='lat' dir='ltr'><strong>surculosus,</strong></span> <span class='ocrx_word' id='word_1_89' title='bbox 885 1028 1048 1088; x_wconf 87' lang='lat' dir='ltr'><strong>arido</strong></span> <span class='ocrx_word' id='word_1_90' title='bbox 1079 1029 1315 1106; x_wconf 84' lang='lat' dir='ltr'><strong>similis,</strong></span> <span class='ocrx_word' id='word_1_91' title='bbox 1358 1047 1486 1089; x_wconf 91' lang='lat' dir='ltr'><strong>cum</strong></span> <span class='ocrx_word' id='word_1_92' title='bbox 1517 1030 1685 1104; x_wconf 84' lang='lat' dir='ltr'><strong>viret,</strong></span> <span class='ocrx_word' id='word_1_93' title='bbox 1717 1045 1833 1088; x_wconf 89' lang='lat' dir='ltr'><strong>non</strong></span> <span class='ocrx_word' id='word_1_94' title='bbox 1858 1028 2157 1102; x_wconf 85' lang='lat' dir='ltr'><strong>odoratus,</strong></span> 
     </span>
     <span class='ocr_line' id='line_1_12' title="bbox 137 1111 2156 1189; baseline -0.004 -13"><span class='ocrx_word' id='word_1_95' title='bbox 137 1116 292 1176; x_wconf 83' lang='lat' dir='ltr'><strong>folio</strong></span> <span class='ocrx_word' id='word_1_96' title='bbox 348 1114 603 1189; x_wconf 79' lang='lat' dir='ltr'><strong>origani,</strong></span> <span class='ocrx_word' id='word_1_97' title='bbox 663 1114 926 1172; x_wconf 79' lang='lat' dir='ltr'><strong>siccitate</strong></span> <span class='ocrx_word' id='word_1_98' title='bbox 977 1112 1271 1189; x_wconf 81' lang='lat' dir='ltr'><strong>gaudens,</strong></span> <span class='ocrx_word' id='word_1_99' title='bbox 1331 1114 1587 1177; x_wconf 73' lang='lat' dir='ltr'><strong>sterilior</strong></span> <span class='ocrx_word' id='word_1_100' title='bbox 1628 1112 1845 1187; x_wconf 87' lang='lat' dir='ltr'><strong>imbre,</strong></span> <span class='ocrx_word' id='word_1_101' title='bbox 1900 1111 2156 1172; x_wconf 87' lang='lat' dir='ltr'><strong>caeduae</strong></span> 
     </span>
     <span class='ocr_line' id='line_1_13' title="bbox 36 1194 2157 1275; baseline -0.003 -16"><span class='ocrx_word' id='word_1_102' title='bbox 36 1272 37 1275; x_wconf 8' lang='grc' dir='ltr'><strong>Ἴ</strong></span> <span class='ocrx_word' id='word_1_103' title='bbox 138 1209 407 1263; x_wconf 74' lang='lat' dir='ltr'><strong>naturae.</strong></span> <span class='ocrx_word' id='word_1_104' title='bbox 461 1198 712 1273; x_wconf 75' lang='lat' dir='ltr'><strong>gignitur</strong></span> <span class='ocrx_word' id='word_1_105' title='bbox 742 1199 798 1255; x_wconf 90' lang='lat' dir='ltr'><strong>in</strong></span> <span class='ocrx_word' id='word_1_106' title='bbox 826 1196 1015 1274; x_wconf 83' lang='lat' dir='ltr'><strong>planis</strong></span> <span class='ocrx_word' id='word_1_107' title='bbox 1051 1197 1313 1274; x_wconf 84' lang='lat' dir='ltr'><strong>quidem,</strong></span> <span class='ocrx_word' id='word_1_108' title='bbox 1347 1197 1456 1257; x_wconf 85' lang='lat' dir='ltr'><strong>sed</strong></span> <span class='ocrx_word' id='word_1_109' title='bbox 1487 1197 1847 1257; x_wconf 79' lang='lat' dir='ltr'><strong>densissimis</strong></span> <span class='ocrx_word' id='word_1_110' title='bbox 1877 1197 1933 1255; x_wconf 91' lang='lat' dir='ltr'><strong>in</strong></span> <span class='ocrx_word' id='word_1_111' title='bbox 1962 1194 2157 1273; x_wconf 80' lang='lat' dir='ltr'><strong>vepri-</strong></span> 
     </span>
     <span class='ocr_line' id='line_1_14' title="bbox 136 1278 2168 1358; baseline -0.003 -14"><span class='ocrx_word' id='word_1_112' title='bbox 136 1284 253 1344; x_wconf 76' lang='lat' dir='ltr'><strong>bus</strong></span> <span class='ocrx_word' id='word_1_113' title='bbox 288 1280 597 1358; x_wconf 74' lang='lat' dir='ltr'><strong>urbisque,</strong></span> <span class='ocrx_word' id='word_1_114' title='bbox 644 1280 895 1343; x_wconf 86' lang='lat' dir='ltr'><strong>difficilis</strong></span> <span class='ocrx_word' id='word_1_115' title='bbox 935 1280 1208 1340; x_wconf 73' lang='lat' dir='ltr'><strong>collecta.</strong></span> <span class='ocrx_word' id='word_1_116' title='bbox 1270 1282 1501 1340; x_wconf 82' lang='lat' dir='ltr'><strong>metitur</strong></span> <span class='ocrx_word' id='word_1_117' title='bbox 1533 1298 1649 1341; x_wconf 94' lang='lat' dir='ltr'><strong>non</strong></span> <span class='ocrx_word' id='word_1_118' title='bbox 1689 1282 1798 1340; x_wconf 90' lang='lat' dir='ltr'><strong>nisi</strong></span> <span class='ocrx_word' id='word_1_119' title='bbox 1827 1278 2168 1358; x_wconf 31' lang='lat' dir='ltr'><strong>permiserit,</strong></span> 
     </span>
     <span class='ocr_line' id='line_1_15' title="bbox 136 1363 2155 1443; baseline -0.002 -18"><span class='ocrx_word' id='word_1_120' title='bbox 136 1368 315 1435; x_wconf 80' lang='lat' dir='ltr'><strong>deus.</strong></span> <span class='ocrx_word' id='word_1_121' title='bbox 374 1364 573 1424; x_wconf 84' lang='lat' dir='ltr'><strong>Iovem</strong></span> <span class='ocrx_word' id='word_1_122' title='bbox 604 1364 759 1428; x_wconf 77' lang='lat' dir='ltr'><strong>huuc</strong></span> <span class='ocrx_word' id='word_1_123' title='bbox 802 1363 1147 1440; x_wconf 85' lang='lat' dir='ltr'><strong>intellegunt</strong></span> <span class='ocrx_word' id='word_1_124' title='bbox 1174 1364 1383 1443; x_wconf 83' lang='lat' dir='ltr'><strong>aliqui,</strong></span> <span class='ocrx_word' id='word_1_125' title='bbox 1414 1364 1762 1431; x_wconf 75' lang='lat' dir='ltr'><strong>Assabinum</strong></span> <span class='ocrx_word' id='word_1_126' title='bbox 1797 1364 1881 1423; x_wconf 89' lang='lat' dir='ltr'><strong>illi</strong></span> <span class='ocrx_word' id='word_1_127' title='bbox 1923 1371 2155 1423; x_wconf 83' lang='lat' dir='ltr'><strong>vocant.</strong></span> 
     </span>
     <span class='ocr_line' id='line_1_16' title="bbox 68 1446 2158 1527; baseline -0.003 -15"><span class='ocrx_word' id='word_1_128' title='bbox 68 1471 122 1512; x_wconf 82' lang='lat'><strong>15</strong></span> <span class='ocrx_word' id='word_1_129' title='bbox 138 1463 358 1517; x_wconf 77' lang='lat' dir='ltr'>XL1111</span> <span class='ocrx_word' id='word_1_130' title='bbox 390 1449 564 1511; x_wconf 88' lang='lat' dir='ltr'><strong>boum</strong></span> <span class='ocrx_word' id='word_1_131' title='bbox 608 1466 1029 1526; x_wconf 81' lang='lat' dir='ltr'><strong>caprarumque</strong></span> <span class='ocrx_word' id='word_1_132' title='bbox 1065 1457 1125 1507; x_wconf 88' lang='lat' dir='ltr'><strong>et</strong></span> <span class='ocrx_word' id='word_1_133' title='bbox 1160 1450 1402 1508; x_wconf 87' lang='lat' dir='ltr'><strong>arietum</strong></span> <span class='ocrx_word' id='word_1_134' title='bbox 1438 1450 1590 1508; x_wconf 83' lang='lat' dir='ltr'><strong>extis</strong></span> <span class='ocrx_word' id='word_1_135' title='bbox 1626 1450 1946 1527; x_wconf 85' lang='lat' dir='ltr'><strong>inpetratur</strong></span> <span class='ocrx_word' id='word_1_136' title='bbox 1988 1446 2158 1506; x_wconf 83' lang='lat' dir='ltr'><strong>venia</strong></span> 
     </span>
     <span class='ocr_line' id='line_1_17' title="bbox 36 1531 2158 1611; baseline -0.002 -17"><span class='ocrx_word' id='word_1_137' title='bbox 36 1602 37 1611; x_wconf 10' lang='grc' dir='ltr'>χ</span> <span class='ocrx_word' id='word_1_138' title='bbox 140 1531 468 1607; x_wconf 88' lang='lat' dir='ltr'><strong>caedendi,</strong></span> <span class='ocrx_word' id='word_1_139' title='bbox 512 1549 626 1590; x_wconf 89' lang='lat' dir='ltr'><strong>non</strong></span> <span class='ocrx_word' id='word_1_140' title='bbox 659 1541 847 1593; x_wconf 88' lang='lat' dir='ltr'><strong>tamen</strong></span> <span class='ocrx_word' id='word_1_141' title='bbox 887 1539 984 1592; x_wconf 88' lang='lat' dir='ltr'><strong>aut</strong></span> <span class='ocrx_word' id='word_1_142' title='bbox 1014 1541 1149 1593; x_wconf 86' lang='lat' dir='ltr'><strong>ante</strong></span> <span class='ocrx_word' id='word_1_143' title='bbox 1176 1542 1363 1592; x_wconf 86' lang='lat' dir='ltr'><strong>ortum</strong></span> <span class='ocrx_word' id='word_1_144' title='bbox 1392 1533 1556 1597; x_wconf 81' lang='lat' dir='ltr'><strong>solis,</strong></span> <span class='ocrx_word' id='word_1_145' title='bbox 1582 1542 1679 1592; x_wconf 86' lang='lat' dir='ltr'><strong>aut</strong></span> <span class='ocrx_word' id='word_1_146' title='bbox 1708 1542 1844 1611; x_wconf 88' lang='lat' dir='ltr'><strong>post</strong></span> <span class='ocrx_word' id='word_1_147' title='bbox 1885 1549 2158 1592; x_wconf 88' lang='lat' dir='ltr'><strong>occasum</strong></span> 
     </span>
     <span class='ocr_line' id='line_1_18' title="bbox 138 1616 2247 1694; baseline -0.001 -15"><span class='ocrx_word' id='word_1_148' title='bbox 138 1620 307 1679; x_wconf 88' lang='lat' dir='ltr'><strong>licet.</strong></span> <span class='ocrx_word' id='word_1_149' title='bbox 375 1625 660 1679; x_wconf 77' lang='lat' dir='ltr'><strong>sarmenta</strong></span> <span class='ocrx_word' id='word_1_150' title='bbox 687 1616 855 1679; x_wconf 80' lang='lat' dir='ltr'><strong>hasta</strong></span> <span class='ocrx_word' id='word_1_151' title='bbox 884 1616 1083 1677; x_wconf 83' lang='lat' dir='ltr'><strong>dividit</strong></span> <span class='ocrx_word' id='word_1_152' title='bbox 1123 1618 1408 1677; x_wconf 74' lang='lat' dir='ltr'><strong>sacerdos</strong></span> <span class='ocrx_word' id='word_1_153' title='bbox 1438 1617 1670 1694; x_wconf 85' lang='lat' dir='ltr'><strong>deoque</strong></span> <span class='ocrx_word' id='word_1_154' title='bbox 1707 1626 1930 1694; x_wconf 86' lang='lat' dir='ltr'><strong>partem</strong></span> <span class='ocrx_word' id='word_1_155' title='bbox 1972 1616 2153 1694; x_wconf 89' lang='lat' dir='ltr'><strong>ponit,</strong></span> <span class='ocrx_word' id='word_1_156' title='bbox 2176 1623 2247 1677; x_wconf 90' lang='grc'><strong>90</strong></span> 
     </span>
     <span class='ocr_line' id='line_1_19' title="bbox 136 1699 2159 1779; baseline -0.003 -14"><span class='ocrx_word' id='word_1_157' title='bbox 136 1703 437 1779; x_wconf 75' lang='lat' dir='ltr'><strong>reliquom</strong></span> <span class='ocrx_word' id='word_1_158' title='bbox 464 1709 754 1779; x_wconf 75' lang='lat' dir='ltr'><strong>mercator</strong></span> <span class='ocrx_word' id='word_1_159' title='bbox 774 1701 831 1770; x_wconf 86' lang='lat' dir='ltr'><strong>in</strong></span> <span class='ocrx_word' id='word_1_160' title='bbox 859 1716 1082 1760; x_wconf 87' lang='lat' dir='ltr'><strong>massas</strong></span> <span class='ocrx_word' id='word_1_161' title='bbox 1113 1701 1327 1762; x_wconf 87' lang='lat' dir='ltr'><strong>condit.</strong></span> <span class='ocrx_word' id='word_1_162' title='bbox 1371 1711 1463 1761; x_wconf 87' lang='lat' dir='ltr'><strong>est</strong></span> <span class='ocrx_word' id='word_1_163' title='bbox 1486 1710 1545 1771; x_wconf 80' lang='lat' dir='ltr'><strong>et</strong></span> <span class='ocrx_word' id='word_1_164' title='bbox 1566 1701 1678 1763; x_wconf 84' lang='lat' dir='ltr'><strong>alia</strong></span> <span class='ocrx_word' id='word_1_165' title='bbox 1704 1701 1851 1764; x_wconf 76' lang='lat' dir='ltr'><strong>fama</strong></span> <span class='ocrx_word' id='word_1_166' title='bbox 1884 1717 2011 1759; x_wconf 89' lang='lat' dir='ltr'><strong>cum</strong></span> <span class='ocrx_word' id='word_1_167' title='bbox 2028 1699 2159 1758; x_wconf 87' lang='lat' dir='ltr'><strong>sole</strong></span> 
     </span>
     <span class='ocr_line' id='line_1_20' title="bbox 36 1774 2158 1864; baseline -0.002 -16"><span class='ocrx_word' id='word_1_168' title='bbox 36 1774 37 1785; x_wconf 40' lang='lat'>¹</span> <span class='ocrx_word' id='word_1_169' title='bbox 139 1786 325 1849; x_wconf 84' lang='lat' dir='ltr'><strong>dividi</strong></span> <span class='ocrx_word' id='word_1_170' title='bbox 349 1792 664 1862; x_wconf 82' lang='lat' dir='ltr'><strong>ternasque</strong></span> <span class='ocrx_word' id='word_1_171' title='bbox 684 1784 871 1863; x_wconf 37' lang='lat' dir='ltr'><strong>*partis</strong></span> <span class='ocrx_word' id='word_1_172' title='bbox 893 1784 1039 1860; x_wconf 82' lang='lat' dir='ltr'><strong>fieri,</strong></span> <span class='ocrx_word' id='word_1_173' title='bbox 1072 1784 1207 1845; x_wconf 92' lang='lat' dir='ltr'><strong>dein</strong></span> <span class='ocrx_word' id='word_1_174' title='bbox 1229 1795 1389 1847; x_wconf 86' lang='lat' dir='ltr'><strong>sorte</strong></span> <span class='ocrx_word' id='word_1_175' title='bbox 1418 1787 1651 1864; x_wconf 81' lang='lat' dir='ltr'><strong>gemina</strong></span> <span class='ocrx_word' id='word_1_176' title='bbox 1674 1785 1947 1863; x_wconf 80' lang='lat' dir='ltr'><strong>discerni,</strong></span> <span class='ocrx_word' id='word_1_177' title='bbox 1976 1782 2158 1863; x_wconf 84' lang='lat' dir='ltr'><strong>quod-</strong></span> 
     </span>
     <span class='ocr_line' id='line_1_21' title="bbox 63 1861 2282 1951; baseline -0 -21"><span class='ocrx_word' id='word_1_178' title='bbox 63 1889 262 1951; x_wconf 57' lang='grc' dir='ltr'><strong>,σφω</strong></span> <span class='ocrx_word' id='word_1_179' title='bbox 309 1869 422 1930; x_wconf 88' lang='lat' dir='ltr'><strong>soli</strong></span> <span class='ocrx_word' id='word_1_180' title='bbox 467 1870 714 1928; x_wconf 83' lang='lat' dir='ltr'><strong>cesserit</strong></span> <span class='ocrx_word' id='word_1_181' title='bbox 745 1869 993 1947; x_wconf 85' lang='lat' dir='ltr'><strong>relinqui</strong></span> <span class='ocrx_word' id='word_1_182' title='bbox 1028 1886 1098 1929; x_wconf 90' lang='lat' dir='ltr'><strong>ac</strong></span> <span class='ocrx_word' id='word_1_183' title='bbox 1135 1880 1348 1949; x_wconf 81' lang='lat' dir='ltr'><strong>sponte</strong></span> <span class='ocrx_word' id='word_1_184' title='bbox 1392 1870 1775 1948; x_wconf 78' lang='lat' dir='ltr'><strong>conflagrare.</strong></span> <span class='ocrx_word' id='word_1_185' title='bbox 1838 1870 2158 1948; x_wconf 79' lang='lat' dir='ltr'><strong>Praecipua</strong></span> <span class='ocrx_word' id='word_1_186' title='bbox 2175 1876 2242 1931; x_wconf 84' lang='lat'><strong>91</strong></span> <span class='ocrx_word' id='word_1_187' title='bbox 2281 1861 2282 1872; x_wconf 70' lang='grc'>’</span> 
     </span>
     <span class='ocr_line' id='line_1_22' title="bbox 136 1953 2159 2033; baseline -0.001 -17"><span class='ocrx_word' id='word_1_188' title='bbox 136 1956 382 2016; x_wconf 83' lang='lat' dir='ltr'><strong>bonitas</strong></span> <span class='ocrx_word' id='word_1_189' title='bbox 425 1953 805 2028; x_wconf 70' lang='lat' dir='ltr'><strong>virgultorum</strong></span> <span class='ocrx_word' id='word_1_190' title='bbox 827 1954 1179 2013; x_wconf 75' lang='lat' dir='ltr'><strong>tenuissimis</strong></span> <span class='ocrx_word' id='word_1_191' title='bbox 1206 1955 1464 2033; x_wconf 75' lang='lat' dir='ltr'><strong>partibus</strong></span> <span class='ocrx_word' id='word_1_192' title='bbox 1481 1956 1557 2016; x_wconf 87' lang='lat' dir='ltr'><strong>-ad</strong></span> <span class='ocrx_word' id='word_1_193' title='bbox 1589 1955 2003 2033; x_wconf 82' lang='lat' dir='ltr'><strong>longitudinem</strong></span> <span class='ocrx_word' id='word_1_194' title='bbox 2036 1953 2159 2031; x_wconf 89' lang='lat' dir='ltr'><strong>pal-</strong></span> 
     </span>
     <span class='ocr_line' id='line_1_23' title="bbox 134 2036 2155 2117; baseline -0.002 -18"><span class='ocrx_word' id='word_1_195' title='bbox 134 2041 250 2112; x_wconf 88' lang='lat' dir='ltr'><strong>mi,</strong></span> <span class='ocrx_word' id='word_1_196' title='bbox 303 2036 564 2098; x_wconf 85' lang='lat' dir='ltr'><strong>secunda</strong></span> <span class='ocrx_word' id='word_1_197' title='bbox 604 2037 903 2114; x_wconf 86' lang='lat' dir='ltr'><strong>proxumis</strong></span> <span class='ocrx_word' id='word_1_198' title='bbox 941 2036 1217 2097; x_wconf 83' lang='lat' dir='ltr'><strong>breviore</strong></span> <span class='ocrx_word' id='word_1_199' title='bbox 1260 2057 1560 2113; x_wconf 86' lang='lat' dir='ltr'><strong>mensura,</strong></span> <span class='ocrx_word' id='word_1_200' title='bbox 1610 2049 1783 2117; x_wconf 78' lang='lat' dir='ltr'><strong>atque</strong></span> <span class='ocrx_word' id='word_1_201' title='bbox 1816 2040 1894 2097; x_wconf 85' lang='lat' dir='ltr'><strong>ita</strong></span> <span class='ocrx_word' id='word_1_202' title='bbox 1927 2039 2155 2104; x_wconf 82' lang='lat' dir='ltr'><strong>ordine.</strong></span> 
     </span>
     <span class='ocr_line' id='line_1_24' title="bbox 136 2119 2161 2200; baseline -0.003 -16"><span class='ocrx_word' id='word_1_203' title='bbox 136 2122 486 2183; x_wconf 85' lang='lat' dir='ltr'><strong>vilissimum</strong></span> <span class='ocrx_word' id='word_1_204' title='bbox 515 2119 672 2197; x_wconf 87' lang='lat' dir='ltr'><strong>quod</strong></span> <span class='ocrx_word' id='word_1_205' title='bbox 699 2119 992 2180; x_wconf 81' lang='lat' dir='ltr'><strong>radicibus</strong></span> <span class='ocrx_word' id='word_1_206' title='bbox 1027 2137 1404 2198; x_wconf 81' lang='lat' dir='ltr'><strong>proxumum,</strong></span> <span class='ocrx_word' id='word_1_207' title='bbox 1442 2123 1712 2200; x_wconf 82' lang='lat' dir='ltr'><strong>quoniam</strong></span> <span class='ocrx_word' id='word_1_208' title='bbox 1740 2123 1819 2181; x_wconf 87' lang='lat' dir='ltr'><strong>ibi</strong></span> <span class='ocrx_word' id='word_1_209' title='bbox 1855 2124 2161 2181; x_wconf 85' lang='lat' dir='ltr'><strong>minumum</strong></span> 
     </span>
     <span class='ocr_line' id='line_1_25' title="bbox 138 2205 2161 2292; baseline -0.002 -25"><span class='ocrx_word' id='word_1_210' title='bbox 138 2206 423 2279; x_wconf 74' lang='lat' dir='ltr'><strong>corticis,</strong></span> <span class='ocrx_word' id='word_1_211' title='bbox 476 2205 532 2262; x_wconf 91' lang='lat' dir='ltr'><strong>in</strong></span> <span class='ocrx_word' id='word_1_212' title='bbox 566 2221 680 2281; x_wconf 87' lang='lat' dir='ltr'><strong>quo</strong></span> <span class='ocrx_word' id='word_1_213' title='bbox 711 2220 927 2262; x_wconf 89' lang='lat' dir='ltr'><strong>summa</strong></span> <span class='ocrx_word' id='word_1_214' title='bbox 957 2205 1201 2292; x_wconf 52' lang='lat' dir='ltr'><strong>gratiae.</strong></span> <span class='ocrx_word' id='word_1_215' title='bbox 1278 2224 1391 2284; x_wconf 87' lang='lat' dir='ltr'><strong>qua</strong></span> <span class='ocrx_word' id='word_1_216' title='bbox 1426 2208 1498 2266; x_wconf 86' lang='lat' dir='ltr'><strong>de</strong></span> <span class='ocrx_word' id='word_1_217' title='bbox 1546 2224 1721 2265; x_wconf 89' lang='lat' dir='ltr'><strong>causa</strong></span> <span class='ocrx_word' id='word_1_218' title='bbox 1758 2205 2161 2283; x_wconf 84' lang='lat' dir='ltr'><strong>praeferuntur</strong></span> 
     </span>
     <span class='ocr_line' id='line_1_26' title="bbox 60 2287 2159 2367; baseline -0.002 -14"><span class='ocrx_word' id='word_1_219' title='bbox 60 2313 114 2353; x_wconf 81' lang='lat'><strong>25</strong></span> <span class='ocrx_word' id='word_1_220' title='bbox 136 2290 480 2363; x_wconf 89' lang='lat' dir='ltr'><strong>cacumina,</strong></span> <span class='ocrx_word' id='word_1_221' title='bbox 512 2287 611 2346; x_wconf 90' lang='lat' dir='ltr'><strong>ubi</strong></span> <span class='ocrx_word' id='word_1_222' title='bbox 643 2287 938 2365; x_wconf 77' lang='lat' dir='ltr'><strong>plurumas</strong></span> <span class='ocrx_word' id='word_1_223' title='bbox 970 2296 1193 2350; x_wconf 80' lang='lat' dir='ltr'><strong>cortex.</strong></span> <span class='ocrx_word' id='word_1_224' title='bbox 1261 2291 1447 2367; x_wconf 80' lang='lat' dir='ltr'><strong>ipsum</strong></span> <span class='ocrx_word' id='word_1_225' title='bbox 1477 2307 1621 2364; x_wconf 83' lang='lat' dir='ltr'><strong>vero</strong></span> <span class='ocrx_word' id='word_1_226' title='bbox 1660 2290 1875 2366; x_wconf 83' lang='lat' dir='ltr'><strong>lignum</strong></span> <span class='ocrx_word' id='word_1_227' title='bbox 1905 2291 1959 2348; x_wconf 86' lang='lat' dir='ltr'><strong>in</strong></span> <span class='ocrx_word' id='word_1_228' title='bbox 1995 2288 2159 2348; x_wconf 88' lang='lat' dir='ltr'><strong>fasti-</strong></span> 
     </span>
     <span class='ocr_line' id='line_1_27' title="bbox 135 2372 2158 2450; baseline -0.003 -13"><span class='ocrx_word' id='word_1_229' title='bbox 135 2376 239 2437; x_wconf 89' lang='lat' dir='ltr'><strong>dio</strong></span> <span class='ocrx_word' id='word_1_230' title='bbox 287 2380 534 2450; x_wconf 87' lang='lat' dir='ltr'><strong>propter</strong></span> <span class='ocrx_word' id='word_1_231' title='bbox 577 2373 800 2449; x_wconf 78' lang='lat' dir='ltr'><strong>origani</strong></span> <span class='ocrx_word' id='word_1_232' title='bbox 843 2372 1246 2448; x_wconf 76' lang='lat' dir='ltr'><strong>acrimoniam,</strong></span> <span class='ocrx_word' id='word_1_233' title='bbox 1293 2373 1852 2447; x_wconf 72' lang='lat' dir='ltr'><strong>xylocinnamomum</strong></span> <span class='ocrx_word' id='word_1_234' title='bbox 1895 2382 2158 2436; x_wconf 81' lang='lat' dir='ltr'><strong>vocatur.</strong></span> 
     </span>
     <span class='ocr_line' id='line_1_28' title="bbox 132 2454 2244 2538; baseline 0 -19"><span class='ocrx_word' id='word_1_235' title='bbox 132 2458 399 2538; x_wconf 84' lang='lat' dir='ltr'><strong>pretium</strong></span> <span class='ocrx_word' id='word_1_236' title='bbox 431 2457 486 2515; x_wconf 88' lang='lat' dir='ltr'><strong>ei</strong></span> <span class='ocrx_word' id='word_1_237' title='bbox 518 2456 574 2513; x_wconf 89' lang='lat' dir='ltr'><strong>in</strong></span> <span class='ocrx_word' id='word_1_238' title='bbox 606 2455 784 2517; x_wconf 87' lang='lat' dir='ltr'><strong>libras</strong></span> <span class='ocrx_word' id='word_1_239' title='bbox 820 2454 875 2515; x_wconf 89' lang='lat' dir='ltr'><strong>X</strong></span> <span class='ocrx_word' id='word_1_240' title='bbox 901 2470 971 2515; x_wconf 86' lang='lat' dir='ltr'><strong>x.</strong></span> <span class='ocrx_word' id='word_1_241' title='bbox 1033 2456 1276 2530; x_wconf 84' lang='lat' dir='ltr'><strong>Quidam</strong></span> <span class='ocrx_word' id='word_1_242' title='bbox 1305 2458 1689 2518; x_wconf 86' lang='lat' dir='ltr'><strong>cinnamiduo</strong></span> <span class='ocrx_word' id='word_1_243' title='bbox 1725 2475 1947 2533; x_wconf 80' lang='lat' dir='ltr'><strong>genera</strong></span> <span class='ocrx_word' id='word_1_244' title='bbox 1982 2457 2154 2517; x_wconf 86' lang='lat' dir='ltr'><strong>tradi·</strong></span> <span class='ocrx_word' id='word_1_245' title='bbox 2175 2465 2244 2520; x_wconf 79' lang='lat'><strong>92</strong></span> 
     </span>
     <span class='ocr_line' id='line_1_29' title="bbox 131 2539 2158 2619; baseline -0.002 -15"><span class='ocrx_word' id='word_1_246' title='bbox 131 2543 327 2618; x_wconf 69' lang='lat' dir='ltr'><strong>dere,</strong></span> <span class='ocrx_word' id='word_1_247' title='bbox 375 2539 671 2599; x_wconf 85' lang='lat' dir='ltr'><strong>candidius</strong></span> <span class='ocrx_word' id='word_1_248' title='bbox 718 2541 1088 2617; x_wconf 80' lang='lat' dir='ltr'><strong>nigriuaque,</strong></span> <span class='ocrx_word' id='word_1_249' title='bbox 1139 2549 1198 2599; x_wconf 88' lang='lat' dir='ltr'><strong>et</strong></span> <span class='ocrx_word' id='word_1_250' title='bbox 1229 2541 1515 2618; x_wconf 85' lang='lat' dir='ltr'><strong>quondam</strong></span> <span class='ocrx_word' id='word_1_251' title='bbox 1547 2541 1991 2619; x_wconf 78' lang='lat' dir='ltr'><strong>praeferebatur</strong></span> <span class='ocrx_word' id='word_1_252' title='bbox 2027 2559 2158 2601; x_wconf 88' lang='lat' dir='ltr'><strong>can—</strong></span> 
     </span>
     <span class='ocr_line' id='line_1_30' title="bbox 131 2624 2158 2712; baseline -0.003 -22"><span class='ocrx_word' id='word_1_253' title='bbox 131 2626 377 2699; x_wconf 85' lang='lat' dir='ltr'><strong>didum,</strong></span> <span class='ocrx_word' id='word_1_254' title='bbox 435 2641 584 2684; x_wconf 90' lang='lat' dir='ltr'><strong>nunc</strong></span> <span class='ocrx_word' id='word_1_255' title='bbox 636 2632 836 2683; x_wconf 89' lang='lat' dir='ltr'><strong>contra</strong></span> <span class='ocrx_word' id='word_1_256' title='bbox 889 2625 1111 2699; x_wconf 87' lang='lat' dir='ltr'><strong>nigrum</strong></span> <span class='ocrx_word' id='word_1_257' title='bbox 1157 2624 1459 2712; x_wconf 58' lang='lat' dir='ltr'><strong>laudatur,</strong></span> <span class='ocrx_word' id='word_1_258' title='bbox 1515 2634 1687 2703; x_wconf 83' lang='lat' dir='ltr'><strong>atque</strong></span> <span class='ocrx_word' id='word_1_259' title='bbox 1735 2627 1906 2685; x_wconf 86' lang='lat' dir='ltr'><strong>etiam</strong></span> <span class='ocrx_word' id='word_1_260' title='bbox 1940 2627 2158 2685; x_wconf 86' lang='lat' dir='ltr'><strong>varium</strong></span> 
     </span>
     <span class='ocr_line' id='line_1_31' title="bbox 36 2707 2156 2791; baseline -0.001 -21"><span class='ocrx_word' id='word_1_261' title='bbox 36 2731 112 2788; x_wconf 53' lang='lat' dir='ltr'><strong>,ao</strong></span> <span class='ocrx_word' id='word_1_262' title='bbox 132 2707 493 2791; x_wconf 82' lang='lat' dir='ltr'><strong>praeferunt</strong></span> <span class='ocrx_word' id='word_1_263' title='bbox 525 2708 810 2780; x_wconf 57' lang='lat' dir='ltr'><strong>candida,</strong></span> <span class='ocrx_word' id='word_1_264' title='bbox 847 2709 1168 2767; x_wconf 86' lang='lat' dir='ltr'><strong>certissima</strong></span> <span class='ocrx_word' id='word_1_265' title='bbox 1200 2718 1390 2769; x_wconf 83' lang='lat' dir='ltr'><strong>tamen</strong></span> <span class='ocrx_word' id='word_1_266' title='bbox 1424 2711 1783 2784; x_wconf 79' lang='lat' dir='ltr'><strong>aestimatio,</strong></span> <span class='ocrx_word' id='word_1_267' title='bbox 1817 2728 1890 2768; x_wconf 88' lang='lat' dir='ltr'><strong>ne</strong></span> <span class='ocrx_word' id='word_1_268' title='bbox 1923 2712 1995 2769; x_wconf 86' lang='lat' dir='ltr'><strong>sit</strong></span> <span class='ocrx_word' id='word_1_269' title='bbox 2030 2725 2156 2768; x_wconf 86' lang='lat' dir='ltr'><strong>sca-</strong></span> 
     </span>
     <span class='ocr_line' id='line_1_32' title="bbox 130 2790 2158 2870; baseline -0.003 -14"><span class='ocrx_word' id='word_1_270' title='bbox 130 2794 348 2866; x_wconf 84' lang='lat' dir='ltr'><strong>brum,</strong></span> <span class='ocrx_word' id='word_1_271' title='bbox 404 2801 577 2870; x_wconf 80' lang='lat' dir='ltr'><strong>atque</strong></span> <span class='ocrx_word' id='word_1_272' title='bbox 606 2801 668 2850; x_wconf 90' lang='lat' dir='ltr'><strong>ut</strong></span> <span class='ocrx_word' id='word_1_273' title='bbox 709 2790 858 2849; x_wconf 89' lang='lat' dir='ltr'><strong>inter</strong></span> <span class='ocrx_word' id='word_1_274' title='bbox 890 2809 1027 2850; x_wconf 86' lang='lat' dir='ltr'><strong>sese</strong></span> <span class='ocrx_word' id='word_1_275' title='bbox 1057 2794 1250 2851; x_wconf 89' lang='lat' dir='ltr'><strong>tritum</strong></span> <span class='ocrx_word' id='word_1_276' title='bbox 1277 2793 1442 2853; x_wconf 85' lang='lat' dir='ltr'><strong>tarde</strong></span> <span class='ocrx_word' id='word_1_277' title='bbox 1489 2793 1710 2853; x_wconf 86' lang='lat' dir='ltr'><strong>frietur.</strong></span> <span class='ocrx_word' id='word_1_278' title='bbox 1774 2792 2071 2852; x_wconf 83' lang='lat' dir='ltr'><strong>damnatur</strong></span> <span class='ocrx_word' id='word_1_279' title='bbox 2103 2793 2158 2850; x_wconf 84' lang='lat' dir='ltr'><strong>in</strong></span> 
     </span>
     <span class='ocr_line' id='line_1_33' title="bbox 130 2874 2244 2960; baseline 0 -20"><span class='ocrx_word' id='word_1_280' title='bbox 130 2878 349 2960; x_wconf 78' lang='lat' dir='ltr'><strong>primis</strong></span> <span class='ocrx_word' id='word_1_281' title='bbox 392 2876 570 2936; x_wconf 84' lang='lat' dir='ltr'><strong>molle</strong></span> <span class='ocrx_word' id='word_1_282' title='bbox 602 2884 698 2934; x_wconf 90' lang='lat' dir='ltr'><strong>aut</strong></span> <span class='ocrx_word' id='word_1_283' title='bbox 739 2875 829 2934; x_wconf 89' lang='lat' dir='ltr'><strong>cui</strong></span> <span class='ocrx_word' id='word_1_284' title='bbox 861 2874 1070 2934; x_wconf 86' lang='lat' dir='ltr'><strong>labitur</strong></span> <span class='ocrx_word' id='word_1_285' title='bbox 1103 2886 1329 2938; x_wconf 83' lang='lat' dir='ltr'><strong>cortex.</strong></span> <span class='ocrx_word' id='word_1_286' title='bbox 1388 2876 1483 2937; x_wconf 89' lang='lat' dir='ltr'><strong>Ius</strong></span> <span class='ocrx_word' id='word_1_287' title='bbox 1520 2878 1645 2937; x_wconf 89' lang='lat' dir='ltr'><strong>eius</strong></span> <span class='ocrx_word' id='word_1_288' title='bbox 1675 2895 1708 2938; x_wconf 91' lang='lat' dir='ltr'><strong>a</strong></span> <span class='ocrx_word' id='word_1_289' title='bbox 1746 2876 2151 2938; x_wconf 80' lang='lat' dir='ltr'><strong>Gebanitarum</strong></span> <span class='ocrx_word' id='word_1_290' title='bbox 2173 2884 2244 2940; x_wconf 82' lang='lat'><strong>93</strong></span> 
     </span>
     <span class='ocr_line' id='line_1_34' title="bbox 36 2959 2152 3040; baseline -0.002 -17"><span class='ocrx_word' id='word_1_291' title='bbox 36 2959 95 3000; x_wconf 60' lang='lat'><strong>³⁴³³</strong></span> <span class='ocrx_word' id='word_1_292' title='bbox 128 2978 293 3039; x_wconf 85' lang='lat' dir='ltr'><strong>rege</strong></span> <span class='ocrx_word' id='word_1_293' title='bbox 331 2959 460 3019; x_wconf 89' lang='lat' dir='ltr'><strong>solo</strong></span> <span class='ocrx_word' id='word_1_294' title='bbox 484 2959 889 3036; x_wconf 85' lang='lat' dir='ltr'><strong>proficiscitur.</strong></span> <span class='ocrx_word' id='word_1_295' title='bbox 923 2959 974 3017; x_wconf 87' lang='lat' dir='ltr'><strong>is</strong></span> <span class='ocrx_word' id='word_1_296' title='bbox 1004 2959 1198 3020; x_wconf 85' lang='lat' dir='ltr'><strong>edicto</strong></span> <span class='ocrx_word' id='word_1_297' title='bbox 1221 2970 1476 3020; x_wconf 85' lang='lat' dir='ltr'><strong>mercatu</strong></span> <span class='ocrx_word' id='word_1_298' title='bbox 1504 2961 1719 3021; x_wconf 80' lang='lat' dir='ltr'><strong>vendit.</strong></span> <span class='ocrx_word' id='word_1_299' title='bbox 1755 2962 1941 3040; x_wconf 84' lang='lat' dir='ltr'><strong>pretia</strong></span> <span class='ocrx_word' id='word_1_300' title='bbox 1973 2977 2152 3038; x_wconf 83' lang='lat' dir='ltr'><strong>quon-</strong></span> 
     </span>
     <span class='ocr_line' id='line_1_35' title="bbox 129 3041 2158 3123; baseline -0.001 -15"><span class='ocrx_word' id='word_1_301' title='bbox 129 3048 276 3108; x_wconf 88' lang='lat' dir='ltr'><strong>dam</strong></span> <span class='ocrx_word' id='word_1_302' title='bbox 312 3042 480 3102; x_wconf 83' lang='lat' dir='ltr'><strong>fuere</strong></span> <span class='ocrx_word' id='word_1_303' title='bbox 512 3044 570 3105; x_wconf 88' lang='lat' dir='ltr'><strong>in</strong></span> <span class='ocrx_word' id='word_1_304' title='bbox 601 3042 779 3118; x_wconf 82' lang='lat' dir='ltr'><strong>libras</strong></span> <span class='ocrx_word' id='word_1_305' title='bbox 810 3041 1106 3103; x_wconf 74' lang='lat' dir='ltr'><strong>denarium</strong></span> <span class='ocrx_word' id='word_1_306' title='bbox 1135 3045 1310 3108; x_wconf 86' lang='lat' dir='ltr'><strong>milia.</strong></span> <span class='ocrx_word' id='word_1_307' title='bbox 1370 3055 1597 3105; x_wconf 85' lang='lat' dir='ltr'><strong>auctum</strong></span> <span class='ocrx_word' id='word_1_308' title='bbox 1628 3046 1684 3106; x_wconf 88' lang='lat' dir='ltr'><strong>id</strong></span> <span class='ocrx_word' id='word_1_309' title='bbox 1732 3055 1896 3123; x_wconf 86' lang='lat' dir='ltr'><strong>parte</strong></span> <span class='ocrx_word' id='word_1_310' title='bbox 1929 3046 2158 3106; x_wconf 86' lang='lat' dir='ltr'><strong>dimidia</strong></span> 
     </span>
     <span class='ocr_line' id='line_1_36' title="bbox 50 3126 2157 3202; baseline -0.001 -12"><span class='ocrx_word' id='word_1_311' title='bbox 50 3148 107 3190; x_wconf 80' lang='lat'><strong>35</strong></span> <span class='ocrx_word' id='word_1_312' title='bbox 129 3138 237 3196; x_wconf 82' lang='lat' dir='ltr'><strong>est</strong></span> <span class='ocrx_word' id='word_1_313' title='bbox 269 3128 563 3202; x_wconf 85' lang='lat' dir='ltr'><strong>incensis,</strong></span> <span class='ocrx_word' id='word_1_314' title='bbox 594 3136 659 3186; x_wconf 83' lang='lat' dir='ltr'><strong>ut.</strong></span> <span class='ocrx_word' id='word_1_315' title='bbox 681 3126 903 3200; x_wconf 80' lang='lat' dir='ltr'><strong>ferunt,</strong></span> <span class='ocrx_word' id='word_1_316' title='bbox 936 3127 1098 3186; x_wconf 85' lang='lat' dir='ltr'><strong>silvis</strong></span> <span class='ocrx_word' id='word_1_317' title='bbox 1128 3130 1213 3188; x_wconf 91' lang='lat' dir='ltr'><strong>ira</strong></span> <span class='ocrx_word' id='word_1_318' title='bbox 1243 3127 1636 3190; x_wconf 84' lang='lat' dir='ltr'><strong>barbarorum.</strong></span> <span class='ocrx_word' id='word_1_319' title='bbox 1693 3130 1749 3190; x_wconf 88' lang='lat' dir='ltr'><strong>id</strong></span> <span class='ocrx_word' id='word_1_320' title='bbox 1782 3130 2059 3190; x_wconf 85' lang='lat' dir='ltr'><strong>acciderit</strong></span> <span class='ocrx_word' id='word_1_321' title='bbox 2080 3127 2157 3189; x_wconf 86' lang='lat' dir='ltr'><strong>ob</strong></span> 
     </span>
     <span class='ocr_line' id='line_1_37' title="bbox 126 3212 2156 3291; baseline -0.001 -16"><span class='ocrx_word' id='word_1_322' title='bbox 126 3212 507 3291; x_wconf 84' lang='lat' dir='ltr'><strong>iniquitatem</strong></span> <span class='ocrx_word' id='word_1_323' title='bbox 528 3212 991 3288; x_wconf 86' lang='lat' dir='ltr'><strong>praepotentium</strong></span> <span class='ocrx_word' id='word_1_324' title='bbox 1019 3230 1092 3271; x_wconf 85' lang='lat' dir='ltr'><strong>an</strong></span> <span class='ocrx_word' id='word_1_325' title='bbox 1118 3212 1307 3288; x_wconf 84' lang='lat' dir='ltr'><strong>forte,</strong></span> <span class='ocrx_word' id='word_1_326' title='bbox 1336 3232 1454 3274; x_wconf 86' lang='lat' dir='ltr'><strong>non</strong></span> <span class='ocrx_word' id='word_1_327' title='bbox 1482 3217 1621 3274; x_wconf 86' lang='lat' dir='ltr'><strong>satis</strong></span> <span class='ocrx_word' id='word_1_328' title='bbox 1648 3222 1893 3274; x_wconf 86' lang='lat' dir='ltr'><strong>constat.</strong></span> <span class='ocrx_word' id='word_1_329' title='bbox 1928 3222 2156 3274; x_wconf 81' lang='lat' dir='ltr'><strong>austros</strong></span> 
     </span>
     <span class='ocr_line' id='line_1_38' title="bbox 124 3293 2154 3374; baseline -0.002 -14"><span class='ocrx_word' id='word_1_330' title='bbox 124 3298 220 3360; x_wconf 82' lang='lat' dir='ltr'><strong>ibi</strong></span> <span class='ocrx_word' id='word_1_331' title='bbox 254 3305 376 3355; x_wconf 90' lang='lat' dir='ltr'><strong>tam</strong></span> <span class='ocrx_word' id='word_1_332' title='bbox 417 3293 668 3374; x_wconf 78' lang='lat' dir='ltr'><strong>ardentis</strong></span> <span class='ocrx_word' id='word_1_333' title='bbox 715 3294 856 3355; x_wconf 86' lang='lat' dir='ltr'><strong>flare</strong></span> <span class='ocrx_word' id='word_1_334' title='bbox 896 3304 957 3355; x_wconf 91' lang='lat' dir='ltr'><strong>ut</strong></span> <span class='ocrx_word' id='word_1_335' title='bbox 996 3296 1309 3358; x_wconf 83' lang='lat' dir='ltr'><strong>aestatibus</strong></span> <span class='ocrx_word' id='word_1_336' title='bbox 1354 3298 1532 3359; x_wconf 84' lang='lat' dir='ltr'><strong>silvas</strong></span> <span class='ocrx_word' id='word_1_337' title='bbox 1575 3299 1895 3359; x_wconf 88' lang='lat' dir='ltr'><strong>accendant</strong></span> <span class='ocrx_word' id='word_1_338' title='bbox 1938 3300 2154 3359; x_wconf 85' lang='lat' dir='ltr'><strong>inveni·</strong></span> 
     </span>
     <span class='ocr_line' id='line_1_39' title="bbox 123 3376 2243 3456; baseline -0.001 -12"><span class='ocrx_word' id='word_1_339' title='bbox 123 3383 271 3444; x_wconf 74' lang='lat' dir='ltr'><strong>mus</strong></span> <span class='ocrx_word' id='word_1_340' title='bbox 300 3378 457 3456; x_wconf 88' lang='lat' dir='ltr'><strong>apud</strong></span> <span class='ocrx_word' id='word_1_341' title='bbox 501 3387 788 3438; x_wconf 86' lang='lat' dir='ltr'><strong>auctores.</strong></span> <span class='ocrx_word' id='word_1_342' title='bbox 852 3376 1114 3440; x_wconf 88' lang='lat' dir='ltr'><strong>Coronas</strong></span> <span class='ocrx_word' id='word_1_343' title='bbox 1153 3400 1226 3441; x_wconf 89' lang='lat' dir='ltr'><strong>ex</strong></span> <span class='ocrx_word' id='word_1_344' title='bbox 1260 3383 1519 3444; x_wconf 84' lang='lat' dir='ltr'><strong>cinnamo</strong></span> <span class='ocrx_word' id='word_1_345' title='bbox 1555 3384 1862 3444; x_wconf 83' lang='lat' dir='ltr'><strong>interrasili</strong></span> <span class='ocrx_word' id='word_1_346' title='bbox 1896 3401 2035 3444; x_wconf 83' lang='lat' dir='ltr'><strong>auro</strong></span> <span class='ocrx_word' id='word_1_347' title='bbox 2067 3385 2147 3441; x_wconf 88' lang='lat' dir='ltr'><strong>in·</strong></span> <span class='ocrx_word' id='word_1_348' title='bbox 2173 3386 2243 3444; x_wconf 74' lang='lat'><strong>94</strong></span> 
     </span>
    </p>
   </div>
   <div class='ocr_carea' id='block_1_3' title="bbox 2233 3489 2283 3583">
    <p class='ocr_par' dir='ltr' id='par_1_3' title="bbox 2233 3489 2283 3583">
     <span class='ocr_line' id='line_1_40' title="bbox 2233 3489 2283 3583; baseline 0 0"><span class='ocrx_word' id='word_1_349' title='bbox 2233 3489 2283 3583; x_wconf 71' lang='lat' dir='ltr'><em>A</em></span> 
     </span>
    </p>
   </div>
  </div>
 </body>
</html>
