2320 3650
142 97 264 161 268
796 112 856 160 c.
892 113 1087 159 Pmm
1115 112 1417 160 saeuum

54 277 124 331 89
280 269 376 329 13.
440 265 571 326 Non
618 265 833 327 licebat
873 266 931 326 id
982 266 1210 327 feminis
1256 267 1478 328 Romae
1522 268 1751 330 bibere.
1829 268 2143 343 invenimus

141 354 289 413 inter
317 351 585 430 exempla
616 350 826 428 Egnati
860 349 1091 410 Meceni
1120 369 1362 412 uxorem
1380 398 1397 428 ,
1425 355 1589 432 quod·
1612 357 1808 414 vinum
1841 346 2088 423 bibisset
2115 374 2147 415 e

140 437 335 510 dolio,
382 435 746 496 interfectam
782 436 920 494 fusti
961 453 993 494 a
1033 437 1238 495 marito
1260 480 1277 510 ,
1323 455 1573 517 eumque
1604 439 1806 498 caedis
1836 457 1873 498 3
1907 438 2146 499 Romulo

138 519 485 580 absolutum.
532 519 745 579 Fabius
771 518 967 579 Pictor
990 521 1045 577 in
1074 520 1374 580 annalibus
1405 522 1523 581 suis
1549 524 1787 601 scripsit
1815 533 2146 599 matronam,

140 603 296 684 quod
327 604 556 665 loculos
603 607 661 662 in
693 602 898 682 quibus
941 613 1106 663 erant
1138 604 1339 665 claves
1378 607 1631 666 vinariae
1668 607 1860 667 cellae
1891 609 2187 684 resigna-⁵

52 698 122 753 90
144 690 359 765 visset,
392 706 426 749 a
452 689 574 746 suis
603 689 795 748 inedia
826 688 973 747 mori
1000 697 1281 747 coactam.
1338 687 1483 749 Cato
1512 690 1650 749 ideo
1681 692 2052 770 propinquos
2075 691 2150 750 fe-

138 774 303 833 minis
333 773 598 832 osculum
628 772 770 835 dare
809 780 871 830 ut
899 773 1116 831 scirent
1142 789 1228 831 an
1268 781 1538 833 temetum
1570 774 1821 835 olerent.
1885 775 2006 834 hoc
2044 785 2150 834 tam

138 875 347 918 nomen
383 858 516 916 vino
559 865 719 931 erat,
765 855 915 915 unde
953 864 1012 913 et
1050 856 1386 917 temulentia
1426 854 1756 958 appella*
1818 856 2149 918 (33.1)ουί-

137 945 247 1001 tius
277 941 454 1002 iudex
482 940 870 1019 pronuntiavit
897 939 1199 1000 mulierem
1221 940 1406 1001 videri
1437 941 1569 1019 plus
1596 945 1711 1002 vim
1695 924 1967 1002 bibisse
1991 961 2153 1021 quam

137 1026 482 1087 valetudinis
530 1041 706 1084 causa
745 1024 873 1082 viro
916 1025 1233 1100 insciente,
1245 1035 1352 1103 et
1387 1025 1523 1085 dote
1580 1026 1860 1086 multavit.
1943 1026 2152 1104 dunque
2168 1034 2207 1075 10
2269 1060 2270 1069 ι

51 1118 117 1172 91
146 1113 271 1170 eius
305 1111 394 1169 rei
440 1126 647 1185 magna
690 1109 1048 1186 parcimonia
1086 1108 1211 1168 fuit.
1278 1108 1342 1168 L.
1391 1108 1654 1187 Papirius
1694 1110 2020 1188 imperator
2063 1111 2154 1171 ad—

138 1212 345 1254 versus
377 1194 664 1254 Samnites
689 1191 1058 1252 dimicaturus
1086 1200 1285 1253 votum
1310 1193 1482 1268 fecit,
1515 1195 1562 1252 si
1591 1195 1870 1268 vicisset,
1895 1193 2025 1254 lovi
2055 1211 2151 1272 po-

138 1279 333 1338 cillum
376 1278 508 1337 vini.
572 1277 822 1355 denique
870 1277 1022 1335 inter
1051 1276 1208 1347 dona
1249 1278 1754 1337 sextarios‘lactis
1787 1278 1961 1338 datos
2001 1279 2151 1336 inve-

134 1366 339 1439 nimus,
367 1378 645 1440 nusquam
667 1361 802 1420 vini.
863 1360 1017 1420 idem
1042 1357 1193 1420 Cato
1215 1379 1343 1421 cum
1371 1362 1428 1420 in
1457 1360 1795 1439 Hispaniam
1824 1362 2148 1438 navigaret,

136 1448 289 1508 unde
340 1464 469 1507 cum
517 1444 806 1524 triumpho
847 1443 1050 1518 rediit,
1099 1461 1215 1504 non
1260 1444 1415 1505 aliud
1455 1446 1646 1505 vinum
1681 1444 1828 1504 bibit
1860 1462 2033 1525 quam
2066 1455 2211 1504 rii-1⁸

135 1533 351 1608 migeS,
413 1532 470 1589 in
516 1538 732 1588 tantum
783 1489 1077 1588 dissimilis
1135 1529 1294 1589 istis
1320 1530 1419 1609 qui
1487 1530 1658 1589 etiam
1714 1530 1984 1588 convivis
2045 1528 2153 1588 alia

137 1633 305 1694 quam
357 1613 734 1693 sibimetipsis
796 1613 1115 1672 ministrant
1142 1622 1273 1677 aut
1328 1613 1692 1692 procedente
1754 1630 1963 1673 mensa
2029 1611 2154 1671 sub·

133 1702 329 1759 iciunt.

49 1793 117 1849 92
272 1785 440 1863 (15.)
490 1781 829 1843 Lautissima
873 1780 1025 1860 apud
1068 1779 1309 1859 priscos·
1327 1781 1456 1841 vina
1500 1790 1666 1841 erant
1697 1794 1932 1842 murrae
1976 1780 2157 1841 odore

137 1867 398 1943 condita,
444 1875 506 1926 ut
541 1866 783 1945 adparet
825 1866 882 1924 in
925 1864 1109 1925 Plauti
1149 1863 1347 1925 fabula
1393 1883 1541 1944 quae
1572 1865 1754 1926 Persa
1801 1864 2155 1939 inscribitur
2167 1872 2216 1914 ²⁰

136 1969 478 2032 quamquam
510 1952 566 2009 in
599 1969 668 2012 ea
695 1958 754 2010 et
794 1949 1072 2010 calamum
1101 1949 1235 2009 addi
1265 1948 1443 2010 iubet.
1503 1949 1636 2009 ideo
1673 1949 1911 2026 quidam
1939 1965 2158 2009 aroma-

47 2064 54 2073 ·
134 2039 239 2098 tite
284 2036 612 2097 delectatos
643 2051 908 2095 maxume
953 2032 1213 2093 credunt.
1277 2032 1383 2093 sed
1421 2032 1634 2093 Fabius
1678 2031 2036 2093 Dossennus
2075 2032 2160 2092 bis

134 2120 403 2181 versibus
434 2121 739 2180 decernit:

363 2203 743 2265 Mittebam
777 2204 1014 2262 vinum
1045 2201 1465 2280 pulchrum,
1495 2201 1932 2277 murrinam,

137 2293 279 2350 etin
314 2290 755 2349 Acharistione.
2178 2293 2224 2335 Ἀ

366 2373 622 2433 Panem
654 2380 724 2431 et
757 2370 1170 2452 polentam,
1215 2370 1469 2429 vinum
1511 2369 1933 2430 murrinam.

49 2468 120 2524 93
139 2457 490 2518 Scaevolam
528 2473 760 2534 quoque
793 2464 867 2518 et
878 2454 939 2514 L.
967 2453 1199 2513 Aelium
1235 2462 1293 2513 et
1324 2453 1553 2513 Ateium
1584 2450 1940 2530 Capitonem
1984 2454 2047 2512 in
2070 2468 2166 2511 ea·

139 2544 271 2602 dem
308 2542 590 2602 sententia
620 2540 804 2599 fuisse
846 2539 1052 2613 vide0,
1087 2540 1357 2622 quoniam
1388 2538 1444 2597 in
1475 2535 1772 2608 Pseudolo
1819 2538 1931 2596 sit:

138 2626 348 2700 Quod
417 2626 479 2685 si
541 2640 736 2703 opus
799 2632 955 2697 est,
1019 2631 1089 2681 ut
1156 2621 1375 2682 dulce
1439 2628 1730 2698 promat
1805 2619 2167 2692 indidem,

565 2707 831 2786 ecquid
862 2704 1128 2766 habet?
1182 2704 1411 2766 CHAR.
1439 2700 1727 2781 Rogas?
2181 2709 2270 2753 θ’

136 2794 561 2869 Murrinam,
596 2810 928 2871 passum,
961 2790 1368 2865 defrutum,
1403 2788 1697 2852 mella..
1773 2832 1794 2863 ,

137 2878 346 2958 quibus
374 2877 618 2955 adparet
635 2893 749 2935 non
776 2877 926 2935 inter
946 2876 1079 2934 vina
1106 2874 1280 2935 modo
1306 2873 1634 2946 murrinam,
1667 2870 1776 2934 sed
1799 2872 1956 2933 inter
1978 2871 2270 2954 dulcia

139 2979 371 3039 quoque
391 2962 757 3020 nominatum.
918 2993 922 2998 -

52 3054 123 3108 94
270 3046 367 3103 14.
406 3044 583 3123 (16.)
633 3043 976 3121 Apothecas
1019 3042 1203 3101 fuisse
1248 3050 1308 3100 et
1349 3040 1586 3101 diffundi
1625 3037 1806 3098 solita
1843 3041 1975 3101 vina
2021 3041 2178 3099 and
2269 3049 2270 3110 ζ

52 3139 58 3156 ’
139 3136 486 3202 ΒΟΧΧΧῌΙ.
568 3127 731 3186 urbis
796 3127 1042 3203 adparet
1099 3124 1414 3185 indubitato
1466 3122 1755 3202 Opimiani
1822 3125 1945 3183 vini
1997 3127 2270 3200 ιιιξμεὲι

141 3214 368 3280 mento,
418 3209 527 3268 iam
571 3209 952 3286 intelhgente
996 3227 1158 3271 suum
1195 3210 1407 3269 bonum
1440 3206 1623 3267 Italia.
1686 3207 1953 3267 nondum
1969 3216 2170 3292 με·
2268 3245 2270 3308 4

143 3286 253 3343 ista
285 3304 501 3360 genera
530 3294 586 3350 in
616 3293 878 3353 claritate
912 3302 1094 3352 erant.
1148 3294 1344 3371 itaque
1376 3292 1565 3351 omnia
1594 3300 1733 3351 tunc
1765 3292 1972 3368 genita
1999 3303 2169 3352 ιιι·

59 3375 128 3425 05
141 3365 359 3425 habent
393 3375 645 3434 consulis
671 3392 899 3435 nomen.
935 3377 1034 3435 Sic
1054 3394 1293 3455 quoque
1323 3385 1532 3454 postea
1565 3375 1661 3436 diu
1697 3376 2092 3436 transmarina
2117 3372 2167 3430 ia
2267 3379 2271 3446 l
