2320 3650
541 97 702 146 NA'r.
734 97 914 146 ms'r.
947 97 1022 144 11.
1066 92 1340 147 97—101.
1379 81 1714 166 (99—104.)
2071 82 2190 145 115

214 269 435 315 oceano
471 260 710 328 augetur
740 251 1152 330 minuiturque,
1196 251 1339 310 alias
1374 258 1673 328 utrumque
1719 250 2019 311 contrariis
2048 259 2192 310 tem-

212 337 469 417 poribus.
527 335 734 396 eodem
777 337 833 394 in
876 335 1010 394 loco
1056 335 1202 394 alter
1243 335 1448 394 oceani
1481 333 1728 393 motibus
1761 335 2067 405 consentit.
2129 333 2194 394 In

210 423 331 500 ripa
362 419 856 498 Baetisoppidum
891 428 979 478 est
1013 419 1173 477 cuius
1202 419 1361 495 putei
1405 426 1711 477 crescente
1744 427 1907 477 aestu
1937 419 2191 476 minuun·
2296 408 2311 435 *

208 513 318 580 tur,
350 512 668 579 augescunt
692 503 1035 577 decedente,
1065 502 1269 561 mediis
1291 510 1609 580 temporum
1631 501 1955 561 inmobiles.
1991 500 2196 560 eadem

169 597 409 655 suatura
437 585 657 664 Hispali
689 587 905 664 oppido
936 586 1032 644 uni
1061 594 1260 664 puteo,
1295 588 1508 645 ceteris
1536 584 1815 661 volgaris.
1875 583 1950 644 Et
1979 585 2196 644 Pontus

209 689 443 750 semper
474 678 636 741 extra
669 679 822 730 meat
851 671 907 729 in
930 669 1358 748 Propontidem,
1390 670 1671 729 introrsus
1702 671 1759 729 in
1778 669 2016 729 Pontum
2037 685 2192 727 num-

209 772 376 834 quam
406 754 588 813 refluo
619 755 778 813 mari.
1999 756 2000 759 ’

332 837 433 898 98.
468 837 674 916 (101.)
709 835 904 896 Omnia
935 835 1251 915 plenilunio
1285 837 1462 895 maria
1491 845 1836 914 purgantur,
1873 835 2154 913 quaedam
2176 842 2281 895 220

211 931 269 983 et
302 929 451 981 stato
487 930 767 999 tempore.
827 918 994 979 Circa
1024 918 1347 980 Messanam
1382 928 1440 978 et
1469 919 1652 995 Mylas
1691 920 1821 980 iimo
1860 919 2063 979 similia
2095 937 2194 978 ex·

143 1024 193 1067 ιο
213 1012 489 1085 spuuntur
517 1004 575 1063 in
593 1005 734 1064 litus
760 1013 1151 1083 purgamenta,
1187 1004 1334 1064 unde
1366 1002 1556 1063 fabula
1587 1004 1950 1064 Solis‘boves
1980 1002 2059 1061 ibi
2083 1011 2195 1061 sta·

212 1089 415 1150 bulari.
467 1087 569 1151 His
602 1088 755 1151 addit
779 1087 868 1165 (ut
889 1087 1026 1146 nihil
1050 1088 1205 1165 quod
1231 1087 1498 1166 equidem
1520 1090 1777 1150 noverim
1800 1088 2194 1167 praeteream)

210 1172 561 1232 Aristoteles
583 1172 794 1232 nul-lum
818 1170 1022 1231 animal
1045 1172 1152 1229 nisi
1184 1180 1347 1232 aestu
1371 1173 1689 1231 recedente
1716 1174 2035 1248 exspirare.
2079 1169 2195 1229 Ob·

214 1265 501 1316 servatum
533 1256 591 1316 id
623 1254 854 1315 multum
888 1255 943 1314 in
975 1253 1196 1315 Gallico
1228 1271 1453 1314 oceano
1485 1264 1543 1314 et
1569 1256 1854 1315 dumtaxat
1883 1257 1942 1313 in
1967 1255 2197 1315 homine

214 1349 569 1419 conpertum.
1070 1396 1075 1403 ,
2223 1332 2230 1348 ’

144 1448 195 1490 15
334 1424 435 1485 99.
470 1422 676 1501 (102.)
705 1421 833 1496 Quo
865 1440 1007 1482 vera
1036 1421 1382 1481 coniectatio
1407 1422 1629 1481 exsistit
1650 1420 1785 1482 haut
1807 1423 2017 1482 frustra
2039 1422 2154 1499 spi·
2177 1429 2279 1482 221

209 1510 354 1570 ritus
397 1507 553 1585 sidus
587 1507 776 1568 lunam
808 1506 1154 1566 existumari.
1216 1505 1330 1565 hoc
1375 1508 1510 1565 esse
1557 1506 1713 1584 quod
1743 1514 1932 1571 terras
1958 1512 2196 1578 saturet,

212 1592 618 1669 accedensque
653 1607 903 1669 corpora
933 1590 1178 1669 inpleat,
1234 1588 1561 1650 abscedens
1609 1590 1836 1650 inaniat.
1892 1590 2026 1650 ideo
2069 1604 2198 1647 cum

210 1678 565 1737 incremento
599 1675 722 1734 eius
753 1674 953 1752 augeri
980 1673 1303 1749 conchylia,
1339 1682 1395 1732 et
1416 1691 1677 1733 maxume
1703 1674 1958 1752 spiritum
1983 1673 2197 1731 sentire

215 1760 420 1841 quibus
452 1759 684 1837 sanguis
712 1756 827 1818 n'on
859 1760 952 1835 sit,
985 1757 1092 1818 sed
1123 1767 1182 1817 et
1205 1759 1535 1835 sanguinem
1565 1757 1850 1817 hominum
1876 1759 2044 1817 etiam
2068 1772 2198 1831 cum

141 1862 197 1904 20
213 1845 420 1906 lumine
453 1845 574 1903 eius
606 1845 805 1920 augeri
836 1852 906 1903 ao
935 1844 1126 1918 minui,
1158 1842 1377 1903 frondis
1413 1859 1646 1921 quoque
1676 1861 1746 1903 ac
1773 1842 1984 1922 pabula
2020 1835 2280 1923 (ut¹231({'2²¹

214 1945 319 1990 suo
354 1928 772 2006 loco'dicetur)
807 1929 1054 2003 sentire,
1087 1928 1145 1985 in
1177 1928 1361 1987 omnia
1393 1927 1596 1987 eadem
1626 1936 1964 2006 penetrante
1995 1926 2071 1984 vi.

344 2011 480 2072 100.
519 2010 725 2090 (103.)
759 2009 957 2089 Itaque
990 2011 1133 2071 solis
1165 2011 1372 2071 ardore
1404 2014 1654 2071 siccatur
1698 2012 1917 2090 liquor,
1959 2018 2016 2068 et
2045 2007 2157 2067 hoc
2179 2012 2283 2068 222

216 2113 352 2157 esse
381 2094 693 2154 masculum
728 2094 884 2155 sidus
916 2095 1282 2173 accepimuS,
1320 2102 1547 2153 torrens
1569 2096 1782 2155 'cuncta
1817 2092 2197 2170 sorbensque.

218 2180 426 2259 (104.)
461 2179 559 2238 Sic
586 2180 726 2237 mari
756 2179 870 2238 late
903 2179 1117 2257 patenti
1147 2194 1419 2256 saporem
1456 2178 1687 2256 incoqui
1729 2178 1899 2253 saliS,
1944 2184 2038 2236 aut
2070 2175 2220 2254 quial

144 2282 198 2324 25
217 2264 497 2326 exhausto
532 2261 664 2321 inde
696 2262 847 2322 dulci
876 2263 1170 2340 tenuique,
1204 2260 1358 2339 quod
1386 2260 1655 2321 facillime
1683 2261 1868 2321 trahat
1888 2261 1975 2319 vis
2009 2261 2202 2335 ignea,

217 2364 387 2409 omne
419 2347 692 2425 asperius>
719 2347 1087 2425 crassiusque
1122 2346 1407 2423 linquatur
1443 2344 1606 2422 (ideo
1643 2363 1854 2404 summa
1890 2358 2204 2421 aequorum

215 2450 364 2513 aqua
389 2430 708 2491 dulciorem
732 2430 1089 2508 profundam,
1116 2428 1266 2489 hanc
1289 2446 1422 2488 esse
1445 2429 1734 2497 veriorem
1758 2445 1986 2488 causam
2012 2425 2205 2505 asperi

215 2516 446 2595 saporis
478 2532 644 2593 quam
681 2513 834 2593 quod
867 2532 1023 2574 mare
1052 2522 1246 2573 terrae
1282 2512 1457 2572 sudor
1488 2514 1559 2571 sit
1589 2512 1913 2590 aeternus),
1947 2519 2041 2572 aut
2074 2510 2206 2588 quia

216 2600 510 2679 plurumas
546 2616 621 2658 ex
654 2598 814 2658 arido
844 2598 1152 2657 misceatur
1180 2597 1264 2657 illi
1286 2614 1490 2674 vapor,
1522 2604 1617 2657 aut
1642 2597 1771 2675 quia
1794 2605 1982 2654 terrae
2008 2602 2207 2653 natura

76 2741 88 2756 ,
146 2699 201 2741 3ο
221 2685 371 2743 sicut
400 2682 713 2742 medicatas
744 2699 923 2761 aquas
954 2681 1184 2741 inficiat.
1244 2679 1352 2740 Est
1381 2681 1436 2739 in
1485 2680 1770 2758 exemplis
1800 2677 2080 2752 Dionysio
2117 2676 2205 2735 Si·

217 2768 388 2827 ciliae
420 2776 660 2842 tyranno
679 2810 696 2840 ,
749 2784 875 2825 cum
907 2764 1110 2843 pulsus
1136 2772 1226 2823 est
1257 2765 1651 2843 capotentia,
1695 2761 1980 2823 accidisse
2012 2759 2205 2838 prodi-

215 2853 375 2929 gium
405 2859 464 2909 ut
498 2867 611 2909 uno
646 2849 740 2909 die
769 2850 827 2907 in
859 2857 1030 2927 portu
1060 2848 1429 2909 dulcesceret
1458 2864 1634 2908 mare.

351 2934 488 2995 101.
521 2932 571 2992 Ε
603 2934 890 2994 contrario
921 2933 1112 2993 ferunt
1141 2932 1309 2992 lunae
1340 2932 1650 2992 femineum
1682 2948 1752 2992 ac
1779 2927 1956 2988 molle
1983 2925 2160 3000 sidae,
2184 2930 2289 2987 223

219 3028 395 3097 atque
434 3027 772 3077 nocturnum
814 3018 1051 3077 solvere
1096 3034 1352 3076 umorem
1388 3026 1447 3076 et
1491 3016 1756 3090 trahere,
1804 3029 1920 3072 non
1956 3011 2204 3072 auferre.

150 3118 202 3159 35
221 3100 285 3162 ld
317 3101 677 3161 manifestum
707 3120 875 3177 esse,
920 3100 1073 3180 quod
1119 3101 1368 3160 ferarum
1413 3101 1609 3160 occisa
1654 3113 1901 3176 corpora
1930 3096 1987 3154 in
2015 3094 2206 3154 tabem

222 3187 352 3245 visu
384 3204 491 3245 suo
520 3185 797 3261 resolvat,
840 3201 1159 3261 somnoque
1197 3184 1400 3260 sopitis
1434 3191 1731 3261 torporem
1773 3188 2123 3240 contractum
2153 3179 2209 3236 in

226 3279 400 3348 caput
433 3278 702 3350 revocet,
747 3268 994 3346 glaciem
1037 3267 1332 3341 refundat,
1382 3274 1700 3344 cunctaque
1734 3265 1960 3325 umifico
2005 3263 2210 3342 spiritu

224 3352 404 3415 laxet.¹
473 3351 557 3413 Ita
594 3354 825 3431 pensari
869 3361 1105 3412 naturae
1149 3352 1295 3410 vicis
1339 3367 1687 3429 semperque
1729 3349 2031 3424 sufficere,
2082 3344 2210 3405 aliis

246 3439 247 3442 ,
1772 3431 1809 3492 8
1839 3431 1872 3467 *

1793 3571 1798 3572 ff
2121 3515 2320 3573 -
