2320 3650
198 92 316 152 144
856 100 916 147 C.
960 101 1151 147 Pmm
1194 100 1492 168 summu}

188 260 360 320 tibus.
430 258 487 315 in
519 255 732 315 ceteris
780 254 918 315 nihil
960 264 1196 332 praeter
1242 254 1599 314 nobilitatem
1634 254 2201 335 longinquitatem
2286 239 2287 252 ¹

188 353 302 403 tam
343 338 772 400 memorandum
808 341 1078 397 occurrit.
1139 336 1240 399 48.
1280 337 1617 398 Phalerides
1660 341 1721 401 i}
1744 340 2050 399 Seleucia
2081 341 2204 401 Par-

191 428 416 487 thorum
450 433 508 484 et
544 425 599 483 in
638 422 781 482 Asia
811 424 1204 500 aquaticarum
1232 421 1683 497 laudatissimae,
1726 443 1937 483 rursus
1985 424 2203 502 phasia-
2286 453 2287 460 ¹

189 528 297 569 nae
326 511 386 568 in
418 506 655 570 Colchis
686 507 948 583 geminas
981 524 1056 566 ex
1087 506 1278 584 pluma
1314 507 1467 566 auris
1509 506 1850 567 submittunt
1879 507 2204 584 subrigunt·

189 612 334 672 que,
378 592 714 653 Numidicae
744 592 799 649 in
842 599 1006 668 parte
1038 589 1276 650 Africae
1307 588 1602 666 Numidia,
1651 603 1983 669 omnesque
2019 593 2130 651 iam
2157 592 2243 651 ins

189 678 376 738 Italia.

107 772 206 826 133
323 760 488 839 (68.)
516 760 961 837 Phoenicopteri
976 758 1231 834 linguam
1242 758 1541 836 praecipui
1561 761 1792 838 saporis
1809 773 1953 820 esse
1970 759 2209 837 Apicius

187 848 384 907 docuit
414 852 688 922 nepotum
721 844 966 904 omnium
995 842 1308 901 altissimus
1339 860 1579 919 gurges.
1643 842 1905 919 Attagen
1950 861 2211 903 maxume

192 930 385 989 Ionius
418 927 659 987 celeber
706 936 764 986 et
813 926 1035 985 vocalis
1077 926 1254 1000 alias,
1316 934 1518 1003 captus
1569 944 1713 986 vero
1769 927 2210 1000 obmutescens,
2282 971 2288 1010 ἅ

189 1013 473 1092 quondam
506 1013 858 1070 existimatus
901 1012 1050 1068 inter
1083 1027 1245 1078 raras
1276 1010 1416 1068 aviS.
1464 1011 1576 1069 iam
1609 1020 1667 1069 et
1698 1013 1757 1069 in
1782 1010 1978 1070 Gallia
2011 1011 2208 1090 Hispa·
2224 1023 2288 1112 ιη

189 1099 399 1175 niaque
450 1096 675 1172 capitur
712 1104 772 1153 et
802 1113 912 1172 per
955 1094 1126 1172 Alpis
1157 1095 1360 1167 etiam,
1398 1092 1494 1153 ubi
1544 1103 1603 1153 et
1645 1095 2209 1172 phalacrocoraces,

190 1198 330 1240 aves
360 1177 669 1238 Baliarium
713 1178 1027 1237 insularum
1058 1176 1424 1255 peculiares,
1458 1179 1609 1237 sicut
1642 1178 1882 1257 Alpium
1928 1195 2210 1257 pyri-oco·

191 1283 295 1323 tax
340 1262 499 1321 luteo
547 1271 737 1322 rostro
796 1263 964 1337 niger
1021 1271 1079 1320 et
1121 1263 1438 1339 praecipuo
1496 1279 1711 1340 sapore
1758 1263 2043 1340 lagopus.
2117 1280 2210 1341 pe·

190 1348 294 1408 des
327 1347 594 1425 leporino
617 1346 759 1406 villo
795 1362 1007 1406 nomen
1031 1347 1085 1403 ei
1109 1345 1225 1412 hoc
1254 1345 1495 1419 dedere,
1529 1355 1737 1405 cetero
1768 1346 2189 1423 candidae,co

107 1432 538 1496 1341umbarum
572 1430 981 1508 magnitudine.
1041 1428 1174 1488 Non
1205 1438 1373 1489 extra
1399 1437 1612 1489 terrain
1642 1448 1772 1496 eam
1802 1432 1975 1489 vesci
2013 1430 2209 1506 facile,
2228 1450 2266 1492 ιι

192 1516 418 1594 quando
477 1532 588 1574 nec
643 1517 760 1573 vita
805 1513 1155 1573 mansuescit
1204 1523 1261 1572 et
1318 1530 1533 1592 corpus
1586 1513 1773 1574 occisi
1833 1515 2204 1574 emarcescit.

190 1600 295 1659 Est
331 1608 389 1657 et
419 1599 530 1658 alia
565 1600 794 1660 nomine
826 1598 1034 1657 eodem
1072 1615 1105 1656 a
1140 1596 1536 1657 coturnicibus
1565 1598 1967 1696 magnitudine
2002 1608 2213 1660 tautum

192 1684 500 1757 differens,
546 1700 764 1741 croceo
806 1683 982 1740 tinctu
1043 1681 1190 1741 cibis
1218 1682 1565 1756 gratissima.
1628 1683 1817 1742 visam
1865 1683 1924 1740 in
1970 1681 2211 1761 Alpibus

193 1767 263 1827 ab
310 1786 374 1825 se
418 1766 776 1844 peculiarem
807 1763 1066 1844 Aegypti
1109 1774 1169 1824 et
1214 1765 1352 1824 ibim
1392 1763 1671 1842 Egnatius
1717 1760 2007 1827 Calvinus
2048 1783 2209 1846 prae-

192 1853 394 1910 fectus
417 1868 612 1909 earum
647 1851 2271 1928 prodidit.»

110 1945 211 1998 135
352 1934 451 1993 49.
489 1934 656 2012 (69.)
705 1934 939 1993 Venere
981 1935 1037 1992 iu
1065 1890 1287 1993 Italiam
1319 1931 1806 1995 Bedriacensibus
1850 1934 2033 1995 bellis
2080 1934 2208 1993 civi·

195 2017 342 2077 libus
377 2028 532 2077 trans
564 2018 775 2081 Padum
819 2028 878 2077 et
923 2035 1111 2079 novae
1155 2034 1295 2075 aves
1324 2051 1412 2061 -—
1451 2018 1529 2077 ita
1571 2018 1721 2077 enim
1766 2018 1961 2079 adhuc
2003 2036 2209 2078 vocau-

191 2113 280 2161 tur
324 2137 405 2147 -—
436 2102 726 2161 turdorum
760 2104 984 2180 specie,
1022 2101 1253 2179 paulum
1284 2101 1429 2160 infra
1448 2101 1762 2161 columbas
1791 2103 2209 2180 magnitudine,

195 2198 406 2264 sapore
443 2195 664 2263 gratae.
739 2185 1001 2246 Baliares
1031 2184 1253 2245 insulae
1284 2183 1630 2244 nobiliorem
1650 2187 1829 2246 etiam
1853 2205 2039 2265 supra
2060 2184 2206 2245 dicto

195 2271 646 2348 porphyrionem
676 2271 918 2329 mittunt.
982 2268 1059 2327 ibi
1096 2278 1153 2328 et
1187 2267 1363 2326 buteo
1394 2270 1731 2347 accipitrum
1755 2272 2003 2347 generis
2032 2273 2093 2329 in
2112 2270 2263 2329 ire-u

194 2372 335 2413 nore
378 2371 701 2413 mensarum
747 2363 872 2430 est,
925 2355 1059 2412 item
1104 2353 1390 2430 vipioneS.
1435 2355 1543 2412 sic
1590 2355 1742 2412 enim
1772 2364 1995 2413 vocant
2035 2356 2206 2413 miuo-
2286 2400 2287 2403 ¹

196 2457 316 2497 rein
345 2456 568 2515 gruem.
2178 2472 2181 2477 -
2286 2480 2287 2487 ¹

111 2532 211 2585 136
358 2522 426 2597 (7
432 2523 490 2582 0
496 2526 524 2602 )
573 2522 836 2599 Pegasos
867 2522 1077 2598 equino
1111 2521 1303 2598 capite
1335 2520 1609 2580 volucres
1642 2530 1700 2579 et
1729 2521 2027 2600 gryphas
2035 2522 2208 2581 aurita

195 2605 518 2670 aduncitate
542 2605 716 2665 rostri
737 2605 1039 2666 fabulosos
1064 2622 1222 2678 reor,
1241 2604 1410 2663 illos’
1394 2623 1451 2664 ιιι
1473 2604 1729 2679 Scythia,
1748 2605 1903 2664 hos·
1883 2625 1946 2665 m
1973 2605 2209 2669 Aethi·—

197 2692 309 2768 pia.
345 2690 611 2768 equidem
644 2699 700 2748 et
727 2699 1071 2766 tragopana,
1106 2688 1179 2748 de
1212 2706 1324 2765 qua
1354 2688 1555 2765 plures
1581 2688 1904 2764 adfirmant,
1934 2692 2271 2753 maioma

195 2774 417 2851 aquila,
464 2790 679 2833 cornua
722 2775 779 2832 in
813 2772 1170 2851 temporibus
1200 2781 1445 2831 curvata
1476 2772 1837 2848 habentem,
1894 2773 2211 2852 ferruginei

198 2859 450 2932 coloris,
501 2867 711 2917 tantum
761 2858 951 2936 capite
1000 2856 1381 2934 phoeniceo.
1418 2855 1545 2915 Nec
1589 2858 1834 2916 Sirenes
1878 2859 2214 2936 inpetran-
2286 2930 2287 2945 χ

196 2943 307 3000 rint
347 2941 550 3015 fidem,
596 2942 857 3001 adfirmet
901 2940 1041 3003 licet
1083 2940 1276 2999 Dinon
1312 2938 1590 3003 Clitar-chi
1628 2940 1921 3001 celebrati
1959 2942 2211 3003 amenti!

198 3035 363 3100 pater
393 3029 449 3087 in
482 3025 641 3085 India
675 3043 843 3100 esse,
888 3025 1247 3101 mulcerique
1295 3041 1491 3083 earum
1540 3034 1707 3083 cantu
1751 3042 1905 3102 quos
1932 3034 2211 3103 gravatos
2286 3024 2287 3085 ξ

115 3116 213 3168 137
232 3124 432 3166 somno
478 3109 755 3168 lacerent.
830 3109 939 3181 Qui
983 3109 1183 3173 credat
1227 3110 1364 3182 ista,
1421 3107 1891 3186 et-Melampodi
1936 3110 2259 3188 protenus

200 3190 351 3244 auris
382 3189 685 3251 lambendo
725 3192 961 3252 dedisse
988 3174 1347 3251 intellectum
1383 3193 1573 3253 avium
1599 3195 1892 3253 sermonis
1924 3193 2211 3261 draeo-u
2286 3226 2287 3267 4

201 3285 316 3325 nou
355 3269 580 3346 abnuat,
613 3275 708 3333 vel
742 3294 888 3353 quae
921 3275 1287 3335 Democritus
1317 3275 1490 3335 tradit
1538 3277 1888 3336 nominando
1920 3281 2055 3339 avis
2080 3292 2206 3359 ῃι·
2286 3324 2287 3337 ¹

204 3366 324 3406 rum
356 3352 597 3413 confuso
629 3362 905 3435 sanguine
932 3378 1179 3437 serpeus
1209 3361 1515 3436 gignatur,
1530 3377 1699 3436 quem
1731 3362 2007 3439 quisquis
2029 3360 2205 3423 ederi
2286 3386 2287 3425 ῑ
