2320 3650
586 93 746 143 NAT.
770 46 958 143 Ἠιετ.
987 95 1062 141 ιι.
1097 89 1338 145 79—84.
1378 78 1674 166 (ει-86.)
2084 87 2199 149 109

200 248 452 308 interdiu
484 256 577 308 aut
607 249 778 325 paulo
810 256 944 325 post
977 260 1247 308 occasum
1282 266 1492 310 sereno
1521 249 1710 309 tenuis
1743 267 1851 310 ceu
1884 251 2017 312 linia
2046 253 2196 314 nube

200 334 261 393 in
294 332 527 408 longum
562 340 832 408 porrecta
865 334 1126 409 spatium.
1214 352 1218 355 ’

264 413 429 474 82.
458 413 589 492 (84.
594 416 623 493 )
649 413 754 474 Est
786 423 844 473 et
873 416 929 472 in
960 415 1150 492 puteis
1177 416 1458 477 turbidior
1488 433 1634 494 aqua
1662 435 1773 477 nec
1803 418 1927 477 sine
1959 418 2156 478 odoris
2181 427 2281 484 197

200 499 418 558 taedi0.
456 499 604 563 sicut
637 499 694 556 in
723 498 927 557 iisdem
958 507 1046 557 est
1073 501 1418 575 remedium,
1464 499 1634 578 quale
1670 510 1728 559 et
1760 500 1949 560 crebri
1980 519 2195 579 specus

114 581 525 661 spraebent‚
581 590 925 658 conceptum
961 583 1110 642 enim
1156 585 1412 662 spiritum
1448 582 1733 643 exhalant.
1788 585 1990 661 quod
1973 603 2029 643 ιιι
2059 587 2194 645 totis
2283 600 2288 603 ⁷

197 674 432 725 notatur
466 665 713 743 oppidis.
746 666 928 724 minus
952 668 1275 744 quatiuntur
1302 667 1525 726 crebris
1548 666 1618 726 ad
1644 666 1890 726 eluviem
1916 668 2192 727 cuniculis

200 757 427 823 cavata,
452 747 744 826 multoque
761 758 889 808 sunt
905 752 1110 810 tutiora
1133 752 1191 809 in
1209 751 1412 810 iisdem
1435 750 1548 810 illis
1575 768 1721 828 quae
1747 751 2021 826 pendent,
2044 752 2195 809 sicut

197 832 455 909 Neapoli
478 833 534 890 in
556 831 716 892 Italia
742 832 1096 909 intellegitur
1119 843 1283 912 parte
1325 835 1448 893 eius
1472 851 1619 911 quae
1643 833 1827 893 solida
1854 842 1942 892 est
1967 834 2037 893 ad
2063 834 2193 892 talis

202 932 377 974 casus
411 915 681 974 obnoxia.
744 915 1030 976 Tutissimi
1065 927 1194 976 sunt
1230 917 1621 977 aedificiorum
1668 916 1956 992 fornices,
2002 917 2195 992 anguli

137 1016 184 1057 ιο
202 1016 437 1077 quoque
472 1000 749 1076 parietum
781 1009 1099 1077 postesque
1135 1001 1358 1060 alterno
1393 1000 1558 1077 pulsu
1589 1002 1891 1060 renitente.
1932 1009 1987 1059 et
2009 1000 2192 1058 latere

200 1084 442 1142 terreno
472 1082 609 1141 facti
638 1083 893 1179 parietes
922 1085 1141 1143 minore
1173 1100 1323 1142 noxa
1360 1085 1699 1161 quatiuntur.
1752 1083 1958 1160 Magna
1991 1083 2149 1143 diffe-
2175 1094 2277 1147 198

199 1167 389 1226 rentia
423 1174 514 1225 est
548 1173 607 1224 et
634 1166 689 1224 in
722 1166 854 1242 ipso
885 1184 1107 1242 genere
1138 1175 1357 1241 motus,
1405 1165 1662 1244 pluribus
1697 1167 1980 1245 siquidem
2009 1167 2191 1226 modis

201 1242 473 1328 quatitur.
544 1247 902 1310 Tutissimum
939 1258 1030 1309 est
1062 1267 1189 1309 cum
1240 1249 1427 1309 vibrat
1472 1250 1759 1326 crispante
1802 1250 2192 1309 aedificiorum

204 1333 431 1410 crepitu
468 1339 526 1390 et
559 1350 684 1411 cum
714 1334 1036 1393 intumescit
1068 1333 1385 1409 adsurgens
1418 1333 1756 1411 alternoque
1785 1343 1938 1393 motu
1968 1333 2190 1407 residit,

50 1448 60 1457 ·
136 1438 185 1479 15
201 1417 493 1475 innoxium
532 1423 591 1474 et
638 1432 765 1474 cum
820 1418 1219 1485 concurrentia
1261 1424 1417 1476 tecta
1461 1418 1747 1475 contrario
1782 1417 1897 1476 ictu
1928 1418 2190 1489 arietant,

201 1500 472 1579 quoniam
513 1498 662 1558 alter
703 1509 887 1559 motus
934 1500 1100 1559 alteri
1150 1501 1429 1559 renititur.
1483 1498 1751 1559 undantis
1797 1499 2086 1558 inclinatio
2136 1507 2195 1558 et

201 1583 410 1643 fluctus
431 1598 600 1641 more
634 1584 914 1660 quaedam
944 1584 1223 1643 volutatio
1256 1583 1461 1642 infesta
1494 1590 1614 1658 est,
1647 1592 1740 1642 aut
1775 1601 1901 1642 cum
1938 1583 1995 1640 in
2029 1600 2192 1641 unam

202 1674 431 1753 partem
469 1674 621 1724 totus
667 1683 733 1725 se
777 1675 961 1725 motus
1006 1667 1251 1744 inpellit.
1321 1627 1615 1726 Desinunt3
1647 1675 1868 1726 autem
1861 1674 2189 1739 tremores,

202 1768 331 1809 cum
358 1743 561 1808 ventus
587 1751 840 1824 emersit,
874 1751 962 1808 sin
994 1768 1137 1810 vero
1172 1751 1475 1825 duravere,
1509 1767 1622 1809 non
1654 1758 1783 1810 ante
1818 1750 2191 1829 quadraginta

136 1834 330 1895 20dies
361 1835 679 1907 sistuntur,
739 1834 1076 1913 plerumque
1126 1845 1184 1895 et
1231 1836 1477 1911 tardiuS,
1531 1844 1736 1913 utpote
1791 1852 1917 1893 cum
1962 1833 2193 1912 quidam

202 1934 389 1978 annuo
423 1924 480 1975 et
509 1917 701 1975 bienni
735 1920 923 1996 spatio
958 1919 1302 1979 duraverint.

325 1999 424 2060 83.
461 1997 626 2077 (85.)
659 1998 892 2059 Factum
924 2012 1012 2061 est
1042 2003 1255 2076 semel,
1302 2003 1453 2079 quod
1486 2002 1753 2081 equidem
1783 2003 1839 2059 in
1868 1998 2148 2060 Etruscae
2183 2007 2275 2061 199

202 2083 543 2160 disciplinae
574 2083 954 2143 voluminibus
994 2086 1260 2159 inven10‚
1306 2087 1509 2160 ingens
1555 2095 1834 2144 terrarum
1869 2092 2192 2161 portentum

200 2166 262 2226 L.
288 2164 508 2226 Mai-cio
534 2166 672 2225 Sex.
705 2165 850 2227 Iulio
888 2185 1041 2246 coss.
1074 2170 1131 2227 in
1164 2186 1305 2243 agro
1329 2167 1649 2227 Mutinensi.
1695 2185 1937 2245 namque
1967 2176 2191 2225 montes

138 2269 185 2311 25
209 2251 324 2310 duo
353 2251 503 2309 inter
533 2268 598 2308 se
633 2260 1043 2310 concurrerunt
1074 2252 1295 2328 crepitu
1339 2268 1601 2309 maxumo
1635 2251 1989 2310 adsultantes
2024 2267 2191 2309 rece-

204 2334 559 2411 dentesque„
609 2334 756 2393 inter
789 2351 893 2393 eos
926 2334 1144 2395 flamma
1176 2334 1445 2412 fumoque
1481 2335 1538 2394 in
1569 2333 1792 2393 caelum
1829 2341 2078 2392 exeunte
2112 2335 2190 2391 in-

204 2416 425 2490 terdiu,
483 2426 782 2494 spectante
816 2436 849 2477 e
881 2420 973 2478 via
1004 2418 1251 2476 Aemilia
1284 2433 1488 2493 magna
1520 2418 1771 2495 equitum
1807 2416 2192 2482 Romanorum

206 2499 656 2577 familiarumque
709 2509 768 2559 et
812 2502 1093 2561 viatorum
1138 2501 1510 2561 multitudine.
1565 2517 1637 2559 eo
1689 2517 1971 2560 concursu
2017 2499 2192 2558 villae

206 2600 406 2642 omnes
439 2582 641 2658 elisae,
674 2584 934 2644 animalia
965 2584 1247 2661 permulta
1278 2603 1425 2663 quae
1458 2585 1602 2643 intra
1624 2583 1848 2642 fuerant
1873 2584 2192 2641 exanimata

140 2675 365 2741 acuunt,
410 2682 557 2725 anno
602 2676 733 2726 ante
777 2668 995 2727 sociale
1035 2668 1251 2727 bellum
1282 2667 1436 2746 quod
1470 2667 1619 2727 haud
1653 2666 1777 2725 scio
1812 2683 1883 2724 an
1913 2663 2192 2723 funestius

202 2758 396 2809 terrae
428 2750 542 2826 ipsi
570 2749 768 2809 Italiae
794 2751 966 2810 fuerit
989 2770 1157 2830 quam
1191 2751 1347 2811 bella
1373 2751 1583 2810 civilia.
1636 2747 1766 2808 Non
1790 2749 1972 2806 minus
1996 2748 2193 2805 mirum

205 2831 489 2891 ostebtum
522 2842 581 2892 et
609 2842 805 2894 nostra
838 2836 1110 2910 cognovit
1140 2843 1300 2895 aetas
1330 2851 1476 2893 anno
1507 2832 1758 2892 Neronis
1789 2830 2065 2910 principis
2096 2848 2189 2888 su-

205 2933 427 2993 premo,
462 2916 610 2975 sicut
636 2918 694 2974 in
726 2916 900 2975 rebus
933 2919 1054 2977 eius
1087 2919 1478 2995 exposuimu8‚
1510 2917 1691 2994 prat-is
1722 2915 1986 2991 oleisque
2018 2913 2189 2986 inter-

205 2998 452 3058 cedente
496 2998 729 3075 publica
773 3001 867 3059 via
917 3002 974 3060 in
1007 3000 1323 3060 contrarias
1356 3000 1511 3060 sedis
1541 2999 1922 3073 transgressis
1959 2998 2014 3054 in
2049 3013 2190 3071 agro
2233 3023 2238 3024 ff

139 3090 187 3132 ³⁵
203 3075 551 3156 Marrucino,
584 3083 839 3159 praediis
870 3083 1042 3143 Vecti
1071 3081 1333 3187 Marcelli
1365 3083 1572 3161 equitis
1603 3080 1844 3143 Romani
1878 3097 1977 3140 res
2005 3077 2190 3189 Nero-

204 3164 293 3222 nis
321 3167 703 3241 procurantis.

328 3246 429 3318 84.
469 3246 638 3326 (86.)
675 3247 842 3308 Fiunt
887 3250 1052 3309 simul
1098 3267 1224 3309 cum
1254 3256 1447 3307 terrae
1479 3254 1632 3307 motu
1668 3255 1726 3306 et
1754 3243 2150 3307 inundationes
2171 3254 2276 3305 200

204 3330 372 3389 maris
405 3330 617 3391 eodem
643 3332 919 3393 videlicet
961 3333 1160 3411 spiritu
1197 3331 1365 3391 infusi
1396 3348 1464 3391 ac
1507 3339 1699 3394 terrae
1732 3330 2038 3391 residentis
2070 3329 2190 3388 sinu
