2320 3650
614 112 775 158 NAT.
816 104 999 159 msr.
1033 83 1255 164 naz
1288 100 1464 164 (71—
1488 95 1606 181 77.)
2019 98 2130 159 191

134 268 347 365 guinis,
381 275 440 327 et
462 265 595 327 ideo
632 267 690 327 in
719 267 961 327 materia
993 267 1135 326 eius.
1193 275 1355 329 certe
1378 269 1542 328 iecur
1570 267 1712 326 nulli
1747 275 1840 326 est
1868 267 1975 329 nisi
2005 284 2139 327 san-

134 352 366 429 guinem
399 348 768 409 habentibus.
820 350 1033 458 accipit
1062 351 1179 410 hoc
1206 368 1240 409 a
1271 351 1451 415 corde
1486 353 1577 411 cui
1609 352 1889 443 iungitur,
1933 350 2139 410 fundit-

136 453 250 515 que
280 436 336 495 in
362 451 564 495 venas.
1868 458 1875 467 ·

256 536 387 611 (75.
393 535 422 612 )
455 534 575 594 Sed
604 535 661 592 in
690 533 833 593 felle
864 535 1032 610 nigro
1065 535 1321 593 insaniae
1353 532 1799 614 causa—homini,
1833 546 2105 614 morsque
2124 544 2225 599 193

92 633 118 671 ⁵
137 628 259 678 toto
295 617 543 677 reddito.
598 618 730 677 hinc
762 626 820 676 et
849 619 905 675 in
933 634 1126 677 mores
1150 619 1367 678 crimen
1391 619 1520 678 bilis
1544 619 1791 677 nomine.
1846 620 1993 707 adeo
2022 628 2137 678 ma—

134 720 308 780 gnum
351 710 443 761 est
484 703 541 760 in
569 701 679 760 bac
710 709 877 779 parte
906 702 1088 777 virus,
1122 714 1249 760 cum
1279 721 1355 761 se*
1376 702 1558 762 fundit
1590 704 1649 760 in
1678 703 1938 761 animum.
2005 705 2141 781 quin

136 796 194 847 et
224 794 347 845 toto
377 800 587 862 vagum
630 801 882 863 corpore
919 785 1181 844 colorem
1226 787 1411 846 oculis
1462 800 1696 866 quoqne
1737 785 1958 859 aufert,
1999 786 2140 845 illud

137 869 681 948 quidemredditum
710 870 882 928 etiam
910 870 1105 944 aenis,
1130 871 1589 950 nigrescuntque
1610 878 1884 930 ‘contacta
1914 885 1987 928 eo
2007 915 2024 942 ,
2064 888 2138 928 ne

137 956 265 1033 quis
294 955 542 1012 miretur
563 952 622 1012 id
653 969 937 1013 venenum
975 970 1111 1012 esse
1133 955 1513 1032 serpentium.
1532 984 1541 987 f
1602 952 1815 1014 Carent
1845 971 1917 1012 eo
1947 971 2096 1032 quae
2126 961 2229 1014 194

59 1052 114 1093 ιο
137 1036 425 1117 apsinthio
467 1046 778 1112 vescuntur
815 1037 872 1108 in
913 1037 1115 1096 Ponto.
1192 1039 1298 1098 sed
1339 1037 1573 1097 renibus
1615 1047 1674 1099 et
1714 1048 1885 1117 parte
1925 1047 2141 1098 tantum

134 1122 318 1182 altera
344 1122 617 1181 intestino
639 1121 890 1198 iungitur
918 1123 975 1180 in
1004 1124 1218 1196 corvis,
1242 1121 1655 1197 coturnicibus,
1678 1122 1989 1201 phasianis,
2018 1122 2139 1200 qni·

132 1190 376 1265 busdam
416 1194 684 1265 intestino
715 1213 950 1281 tantum,
981 1206 1129 1265 utin
1157 1205 1471 1280 columbis,
1515 1208 1823 1284 accipitre
1864 1207 2136 1265 murenis.

134 1291 337 1368 paucis
368 1290 554 1349 avium
586 1289 643 1347 in
675 1290 909 1364 iecore,
942 1289 1312 1367 serpentibus
1350 1291 1619 1368 portione
1647 1300 1908 1349 maxume
1940 1291 2138 1368 copio·
2252 1346 2262 1356 x

137 1392 259 1444 sum
291 1382 348 1432 et
379 1371 654 1451 piscibus.
725 1373 945 1435 avibus
971 1382 1162 1433 autem
1193 1383 1282 1432 est
1311 1382 1434 1433 toto
1464 1375 1762 1451 plerisque
1804 1375 2098 1448 intestino,
2124 1378 2225 1434 195

59 1476 117 1517 ιε
137 1459 287 1517 sicut
317 1456 617 1535 accipitri,
648 1450 844 1516 milvo.
903 1466 1211 1537 praeterea
1247 1460 1391 1517 etin
1412 1466 1666 1537 pectore
1711 1466 1803 1516 est
1840 1466 1900 1516 et
1926 1457 2142 1516 ceteris

135 1541 571 1616 ambus,v1tuhs
596 1541 828 1619 quidem
849 1543 1079 1600 marinis
1108 1541 1180 1602 ad
1203 1542 1378 1602 multa
1407 1558 1640 1621 qnoque
1658 1541 1875 1601 nobile.
1922 1540 2138 1600 Tauro-

135 1642 259 1684 rum
301 1624 446 1684 felle
495 1641 705 1683 aureus
748 1625 975 1685 ducitur
1018 1602 1204 1684 color.
1277 1625 1633 1705 Haruspices
1671 1625 1728 1684 id
1768 1623 2039 1703 Neptuno
2082 1632 2143 1682 et

136 1709 349 1768 umoris
380 1708 675 1786 ponentiae
706 1709 1000 1786 dicavere,
1024 1711 1429 1789 geminumque
1452 1710 1558 1771 fuit
1581 1709 1715 1769 divo
1734 1709 1997 1786 Augusto
2024 1724 2138 1786 quo

136 1794 231 1854 die
255 1792 415 1872 apud
449 1792 678 1853 Actium
703 1793 860 1882 vicit.

61 1931 117 1970 20
250 1907 679 1989 (76)Mur1um
701 1911 1016 1972 iocusculis
1032 1910 1212 1972 fibrae
1236 1911 1307 1974 ad
1329 1930 1621 1997 numerum
1646 1863 1850 1971 lunae
1834 1930 1888 1969 ιιι
1907 1926 2104 1969 mense
2123 1916 2225 1972 196

139 2011 464 2072 congruere
493 1993 775 2070 dicuntur,
791 1996 1190 2074 totidemque
1174 1998 1415 2056 inveniri
1441 2007 1672 2075 quotum
1689 1995 1878 2056 lumen
1896 1996 2018 2052 eius
2045 1994 2139 2067 sit,

139 2088 445 2175 prae-terea
490 2077 687 2137 bruma
729 2081 1085 2138 increscere.
1178 2077 1582 2140 Cuniculorum
1626 2089 1760 2138 exta
1804 2079 1858 2137 in
1904 2075 2141 2135 Baetica

137 2164 363 2238 gemina
397 2180 578 2240 saepe
608 2163 993 2239 reperiuntur.
1064 2181 1328 2222 ranarum
1358 2164 1686 2232 rubetarum
1721 2162 1901 2221 altera
1932 2160 2077 2219 libra
2107 2177 2140 2218 a

135 2246 394 2304 formicis
424 2263 537 2304 non
570 2247 880 2323 attingitur
889 2236 1132 2326 propter
1152 2264 1458 2321 venenum,
1491 2254 1550 2305 ut
1575 2245 1933 2305 arbitrantur.
1969 2242 2138 2302 Iecur

61 2346 118 2385 25
137 2341 398 2388 maxume
432 2331 734 2389 vetustatis
767 2329 992 2411 patiens
1024 2330 1281 2389 centenis
1326 2329 1532 2389 durare
1575 2330 1733 2386 annis
1777 2327 2139 2388 obsidionum

139 2413 406 2491 exempla
436 2412 767 2490 prodidere.

250 2530 416 2609 (77.)
449 2527 600 2592 Exta
630 2530 1000 2609 serpentibus
1029 2539 1090 2590 et
1122 2529 1358 2590 lacertis
1395 2529 1588 2605 longa.
1656 2526 1946 2590 Caecinae
1976 2527 2092 2586 Vo-
2123 2533 2223 2589 197

135 2615 429 2673 laterrauo
455 2613 743 2676 dracones
767 2616 1076 2678 emicuisse
1107 2613 1182 2674 de
1214 2614 1364 2673 extis
1395 2613 1550 2672 laeto
1579 2612 1849 2691 prodigio
1880 2611 2138 2684 traditur,

137 2707 198 2757 et
223 2697 654 2776 profectoinihil
682 2698 1025 2760 incredibile
1057 2700 1128 2757 sit
1158 2696 1584 2758 aestimantibus
1611 2697 1831 2771 Pyrrho
1864 2696 1992 2770 regi
2025 2711 2138 2772 quc

62 2797 116 2836 30
139 2783 234 2840 die
265 2782 439 2859 periit
472 2782 734 2859 praecisa
765 2783 1077 2842 hostiarum
1107 2783 1296 2860 capita
1327 2782 1586 2858 repsisse
1618 2781 1952 2856 sanguinem
1978 2794 2139 2837 suum

138 2864 464 2928 lambentis.
533 2864 683 2926 Exta
711 2865 924 2928 homini
951 2864 1021 2925 ab
1049 2865 1326 2924 inferiore
1356 2866 1645 2928 viscerum
1672 2872 1837 2942 parte
1867 2878 2140 2941 separan-

132 2959 227 3008 tur
247 2948 597 3024 membrana,
621 2968 789 3029 quam
813 2949 1155 3027 praecordia
1181 2949 1498 3028 appellant,
1525 2950 1658 3027 quia
1685 2947 1848 3007 cordi
1869 2956 2136 3024 praeten-

138 3032 288 3093 ditur
336 3034 491 3110 quod
532 3032 738 3095 Graeci
776 3034 1218 3112 appellaverunt
1263 3029 1530 3111 φρένας.
1623 3030 1822 3090 Omnia
1869 3031 2098 3107 quidem
2121 3038 2222 3092 198

135 3117 480 3195 principalia
518 3119 749 3178 viscera
794 3117 1139 3178 membranis
1184 3119 1437 3195 propriis
1479 3134 1550 3176 ac
1587 3115 1750 3175 velut
1788 3116 2011 3191 vaginis
2054 3116 2135 3173 in·

62 3219 114 3259 35
140 3200 312 3260 clusit
348 3202 666 3278 providens.
703 3211 923 3264 natura.
983 3202 1056 3260 in*
1080 3199 1192 3260 hac
1230 3202 1334 3260 fuit
1366 3207 1424 3260 et
1454 3199 1766 3280 peculiaris
1796 3215 1968 3259 causa
1995 3199 2133 3257 vici-

138 3286 287 3345 nitas
320 3284 467 3361 alvi,
510 3303 584 3346 ne
628 3286 760 3360 cibo
792 3286 1248 3364 supprimeretur
1278 3286 1514 3345 animus
1578 3285 1711 3343 huic
1755 3291 1916 3341 certe
1950 3282 2134 3342 refer-

137 3378 229 3429 tur
261 3378 504 3447 accepta
536 3368 819 3432 subtilitas
848 3370 1077 3444 mentis,
1108 3368 1242 3430 ideo
1276 3368 1431 3429 nulla
1462 3377 1555 3427 est
1586 3369 1641 3427 ei
1675 3383 1835 3443 caro,
1868 3367 1973 3426 sed
2006 3383 2134 3424 ner-
