2320 3650
631 92 792 139 ΝΑΤ.
825 90 1010 138 ms‘r.
1042 89 1196 136 v111.
1230 82 1401 139 44-7.
1443 76 1679 155 (5-47.)
1737 85 1754 101 ²
2062 76 2143 135 45

119 252 311 312 tradit
345 251 594 327 agnitum
633 251 689 307 in
720 256 959 305 senecta
991 246 1204 305 multos
1238 254 1370 323 post
1403 263 1584 304 annos
1615 246 1711 324 qui
1744 255 1945 305 rector
1977 246 2034 306 in
2063 247 2144 304 iu·
2201 301 2208 306 .

122 343 312 395 venta
365 335 586 393 fuisset.
624 367 629 378 ι
671 332 822 391 idem
880 331 1286 390 divinationem
1338 331 1651 408 quandam*
1672 331 1940 389 iustitiae.
2015 343 2147 390 ‘cum
2191 345 2196 350 ·

122 419 408 479 Bocchus
451 436 557 476 rex
597 416 828 492 triginta
869 414 1194 493 elephantis
1248 415 1487 474 totidem
1531 416 1588 471 in
1618 430 1766 491 quos
1799 416 2028 474 saevire
2060 417 2144 474 in·-

127 506 404 563 stituerat
447 500 736 578 stipitibus
768 499 1054 575 adligatos
1086 499 1438 573 obiecisset,
1469 498 1945 577 procursantibus
1998 500 2148 558 inter

69 619 96 655 5
125 605 241 647 eos
272 588 372 665 qui
405 586 789 659 lacesserent,
815 600 938 642 non
972 584 1234 661 potuisse
1266 582 1421 643 effici
1439 592 1504 643 ut
1534 582 1889 645 crudelitatis
1920 582 2145 642 alienae

126 671 456 731 ministerio
490 671 884 746 fungerentur.

258 755 324 813 6.
360 754 484 833 (6.)
532 753 893 830 Elephantos
921 753 1084 813 Italia
1129 755 1369 830 primum
1412 751 1553 810 vidit
1599 751 1763 825 Pyrri
1793 750 1952 827 regis
1978 749 2139 809 bello
2166 759 2231 814 16

24 860 29 866 ·
130 850 190 899 et
224 839 414 898 boves
449 838 633 896 Lucas
669 836 989 915 appellavit
1040 840 1096 895 in
1143 836 1385 895 Lucanis
1430 836 1591 893 visos
1621 851 1774 894 anno
1816 833 1974 893 urbis
2008 852 2147 911 qua·

128 923 589 999 dringentesimo
616 924 1045 998 septuagesimo
1069 921 1350 993 secunde,
1376 918 1559 978 Roma
1581 928 1770 978 autem
1790 920 1846 976 in
1859 919 2146 997 triumpho

58 1028 113 1066 10
133 1016 368 1085 septem
403 1007 563 1064 annis
605 1004 674 1063 ad
708 1007 1070 1083 superiorem
1112 1022 1406 1063 numerum
1442 1003 1670 1079 additis,
1718 1003 2146 1080 eadem‘pluru-

132 1105 265 1150 mos
300 1108 447 1149 anno
486 1090 942 1166 quingentesimo
991 1089 1250 1148 secundo
1295 1089 1537 1147 victoria
1561 1087 1633 1146 L.
1665 1087 1887 1147 Metelli
1921 1086 2146 1165 pontifi-

138 1177 227 1234 cis
273 1176 328 1232 in
382 1174 580 1233 Sicilia
632 1172 705 1231 de
766 1171 979 1232 Poenis
1031 1181 1255 1250 captoS.
1324 1181 1551 1231 centum
1603 1170 2005 1249 quadraginta
2033 1172 2146 1230 duo

136 1259 309 1317 fuere
352 1266 474 1332 aut,
508 1267 569 1316 ut
602 1257 850 1334 quidam,
891 1268 1024 1316 ch
1064 1258 1380 1317 transvecti
1425 1255 1645 1314 ratibus
1692 1274 1833 1332 quas
1863 1255 2148 1314 doliorum

141 1344 430 1401 consertis
464 1340 757 1400 ordinibus
781 1343 1133 1417 inposuerat.
1179 1340 1420 1399 Verrius
1452 1356 1876 1416 eospugnasse
1901 1340 1959 1397 in
1987 1341 2145 1398 circo
2167 1345 2231 1402 17

63 1447 118 1487 15
137 1426 605 1503 interfectosque
641 1425 845 1483 iaculis
878 1425 1050 1483 tradit
1080 1424 1362 1502 paenuria
1394 1422 1622 1495 consili,
1657 1424 1923 1499 quoniam
1955 1440 2147 1499 neque

140 1511 217 1569 ali
251 1510 568 1586 placuisset
612 1526 803 1585 neque
851 1508 1052 1567 donari
1086 1506 1346 1584 regibus.
1393 1506 1632 1564 L.·Piso
1677 1505 1944 1565 inductos
1989 1506 2145 1564 dum·

140 1602 304 1651 taxat
326 1595 390 1660 in
421 1595 636 1651 circum
669 1600 863 1668 atque,
912 1601 971 1651 ut
1005 1599 1368 1669 contemptus
1415 1607 1614 1649 eorum
1643 1592 2023 1662 incresceret,
2073 1589 2162 1648 ab,

141 1678 428 1754 operariis
479 1677 672 1737 hastas
724 1677 1077 1754 praepilatas
1135 1671 1481 1735 habentibus
1533 1692 1644 1752 per
1698 1675 1914 1732 circum
1969 1682 2146 1732 totum

143 1769 326 1820 actos.
364 1775 477 1820 nec
521 1760 656 1839 quid
687 1759 896 1819 deinde
934 1762 1007 1818 iis
1037 1760 1250 1819 factum
1296 1760 1369 1818 sit
1415 1767 1686 1819 auctores
1719 1757 2016 1875 explicant
2048 1760 2154 1835 qui-

63 1863 125 1904 20
144 1863 265 1904 non
293 1854 491 1922 putant
521 1844 879 1911 interfectos.
980 1859 985 1865 ’

269 1930 325 1988 7.
367 1929 456 2005 (7.
463 1930 491 2006 )
530 1926 703 1989 Clara
737 1937 824 1987 est
853 1931 1015 1987 unius
1040 1947 1073 1987 e
1098 1927 1374 1987 Romanis
1397 1928 1687 1987 dimicatio
1713 1927 1995 1986 adversus
2023 1927 2144 1986 ele·
2166 1935 2232 1988 18

143 2014 433 2092 phautum,
475 2031 600 2071 cum
631 2011 912 2071 Hannibal
959 2013 1221 2088 captivos
1257 2021 1495 2070 nostros
1523 2011 1796 2070 dimicare
1830 2012 1978 2070 inter
2008 2020 2143 2070 sese

145 2099 461 2172 coegisset.
524 2114 768 2173 namque
804 2114 973 2154 unum
1004 2097 1099 2173 qui
1136 2104 1441 2173 supererat
1478 2094 1695 2153 obiecit
1726 2094 2060 2172 elephanto,
2089 2104 2147 2153 et

147 2180 245 2240 ille
278 2181 477 2240 dimitti
515 2188 739 2257 pactus,
789 2181 839 2237 si
869 2179 1278 2252 interemisset,
1331 2178 1586 2237 soluein
1617 2177 1833 2237 harena
1868 2190 2144 2253 congres-

71 2287 126 2327 25
147 2282 245 2323 sus
273 2280 479 2340 magno
512 2263 835 2324 Poenorum
869 2263 1076 2322 dolore
1112 2261 1384 2321 confecit.
1451 2259 1754 2335 Hannibal,
1790 2279 1916 2321 cum
1929 2261 2148 2321 ¹famam

149 2349 271 2406 eius
305 2346 681 2406 dimicationis
727 2356 1115 2424 contemptum
1152 2345 1484 2405 adlaturam·
1513 2344 1703 2404 beluis
1730 2344 2150 2421 intellegeret,

150 2433 371 2509 equites
410 2431 561 2488 misit
602 2432 701 2508 qui
748 2430 1050 2489 abeuntem
1090 2429 1503 2488 interficerent.
1575 2427 1987 2506 proboscidem
2045 2446 2145 2488 eo—

138 2533 267 2585 ,rum
304 2515 577 2574 facillime
604 2516 881 2592 amputari
914 2515 1077 2587 Pyrri
1108 2513 1462 2591 proeliorum
1496 2513 1911 2589 experimentis
1942 2514 2142 2590 patuit.

8 2608 11 2643 l
150 2599 364 2658 Romae
413 2615 706 2677 pugnasse
752 2597 1085 2656 Fenestella
1118 2597 1295 2656 tradit
1339 2598 1578 2673 primum
1621 2597 1867 2654 omnium
1897 2597 1954 2654 in
1984 2597 2143 2654 circo
2169 2603 2229 2657 19

76 2704 130 2747 eo
146 2681 346 2742 Claudi
377 2681 607 2741 Pulchri
639 2680 932 2740 aedilitate
966 2680 1147 2739 curuli
1179 2679 1255 2738 Μ.
1281 2679 1531 2740 Antonio
1553 2679 1636 2739 ·A.
1665 2679 2140 2738 Postumiocoss.

153 2782 294 2825 anno
346 2766 503 2825 urhis
555 2766 983 2824 sexcentesimo
1037 2766 1513 2842 quinquagesimo
1568 2765 1785 2841 quinto,
1844 2764 1982 2821 item
2011 2771 2145 2840 post

152 2864 325 2908 annos
360 2863 457 2908 xx
486 2847 853 2908 Lucullorum
885 2848 1182 2907 aedilitate
1216 2848 1406 2908 curuli·
1422 2848 1702 2908 adversus
1725 2857 1943 2907 tauros.
1969 2846 2136 2906 Pom·
2159 2857 2228 2908 20

153 2935 245 3011 pei
269 2946 497 3012 quoque
529 2934 714 2992 altero
753 2933 1075 3006 consulatu,
1109 2931 1472 2991 dedicatione
1501 2932 1703 3010 templi
1730 2931 1979 2990 Veneris
2006 2930 2146 2989 Vic«

152 3019 324 3092 tricis,
348 3018 548 3093 viginti
581 3032 917 3094 pugnavere
946 3019 1004 3075 in
1023 3017 1194 3076 circo
1218 3024 1332 3089 aut,
1366 3025 1429 3075 ut
1451 3017 1680 3093 quidam
1702 3015 1947 3090 nudant,
1969 3028 2138 3075 xvn.

81 3121 133 3163 ³5
155 3100 402 3161 Gaetulis
437 3116 510 3159 ex
542 3101 790 3161 adverso
820 3099 1221 3180 iaculantibuS,
1266 3099 1508 3159 mirabili
1549 3102 1715 3159 unius
1749 3099 2139 3176 dimicatione,

157 3186 261 3262 qui
296 3184 541 3261 pedibus
593 3185 881 3244 confossis
929 3185 1113 3263 repsit
1162 3183 1407 3260 genibus
1457 3185 1513 3242 in
1553 3193 1849 3258 catervas,
1895 3182 2142 3262 abrepta

112 3274 321 3410 q'uta
340 3269 559 3327 iaciens
594 3269 651 3326 in
681 3269 958 3344 sublime,
1010 3286 1160 3345 quae
1192 3268 1516 3327 decidentia
1549 3268 1831 3347 voluptati
1873 3276 2141 3359 spectan-

238 3369 301 3409 us
325 3352 525 3410 erant
506 3368 564 3410 ιιι
595 3351 797 3412 orbem
821 3355 1187 3430 circumacta,
1218 3351 1379 3413 velut
1401 3361 1525 3412 arte
1554 3368 1671 3412 non
1691 3344 1908 3414 furore
1926 3351 2141 3413 beluae

1280 3541 1299 3572 l
2137 3498 2311 3564 Α
