2320 3650
172 119 288 184 148
920 131 981 182 e.
1017 133 1212 181 Pmm
1247 131 1548 182 sncmmr

169 294 484 348 carentem.
547 287 638 346 cui
672 294 1009 363 argumento
1045 287 1212 347 adest
1254 289 1529 368 oppidum
1568 271 1723 346 iuxta
1752 277 2039 348 Industria
2069 305 2176 349 ve-

165 378 319 430 tusto
351 370 579 429 nomine
611 369 1129 447 Bodincomagum,
1162 371 1260 430 ubi
1292 374 1611 451 praecipua
1640 370 1879 430 altitudo
1910 372 2135 449 incipit.

85 462 186 517 123
313 455 407 513 17.
443 453 607 533 (21.)
642 452 1048 531 Transpadana
1079 455 1404 533 appellatur
1435 456 1507 515 ah
1539 471 1613 514 eo
1644 455 1810 531 regio
1841 456 2175 530 undecima,

165 538 378 598 tota·in
423 537 883 613 mediterraneo,
932 539 1025 597 cui
1063 540 1242 598 maria
1287 547 1491 599 cuncta
1532 537 1831 598 fructuoso
1880 537 2056 597 alveo
2087 535 2175 596 i'n—

166 629 377 699 portat.
440 618 667 699 Oppida
708 619 845 679 Vibi
889 622 1111 697 forum,
1159 622 1449 699 Segusio,
1501 622 1766 681 coloniae
1817 620 1890 681 ab
1936 619 2220 699 Alpiums

165 704 457 764 radicibus
487 704 747 782 Augusta
784 703 1177 781 Taurinorum,
1209 706 1342 765 inde
1372 704 1685 783 navigabili
1714 703 1906 779 Pado,
1939 706 2175 783 antiqua

162 787 431 865 Ligurum
463 789 664 866 stirpe,
699 788 834 847 dein
863 788 1227 848 Salassorum
1262 789 1521 867 Augusta
1547 788 1845 849 Praetoria
1878 789 2035 848 iuxta
2065 807 2173 865 ge-

163 873 345 932 minas
385 872 615 950 Alpium
658 872 832 947 foriS,
884 871 1085 933 Graias
1135 882 1308 951 atque
1341 873 1623 949 Peninas,
1655 903 1740 919 -·
1778 871 1868 931 his
1912 872 2171 945 PoenoS,

167 954 334 1016 Grais
363 954 675 1016 Herculem
718 956 995 1015 transisse
1039 966 1388 1032 memorant,
1423 985 1507 1004 —-··
1554 955 1829 1035 oppidum
1871 954 2176 1033 Eporedia

168 1038 466 1114 Sibyllinis
500 1057 533 1098 a
567 1039 783 1117 populo
820 1039 1079 1100 Romano
1112 1041 1401 1100 conditum
1433 1041 1624 1099 iussis.
1673 1039 1987 1117 eporedias
2022 1038 2242 1099 Gallim

84 1131 189 1185 124
211 1120 399 1180 bonos
432 1139 711 1200 equorum
741 1124 1058 1183 domitores
1085 1133 1317 1183 vocant.
1370 1123 1685 1184 Vercellae
1708 1122 2061 1181 Libiciorum
2096 1141 2177 1182 ex

103 1207 109 1212 ’
166 1204 438 1264 Salluviis
458 1215 654 1282 ortae,
687 1205 936 1266 Novaria
969 1225 1043 1266 ex
1062 1206 1603 1284 Vertacomacoris,
1623 1206 2043 1265 Vocontiorum
2062 1205 2173 1266 ho-

167 1288 379 1366 dieque
422 1306 611 1367 pago,
658 1307 772 1349 non
816 1291 906 1369 (ut
941 1288 1085 1350 Cato
1122 1292 1456 1371 existumat)
1497 1291 1796 1367 Ligurum,
1843 1308 1919 1348 ex
1961 1289 2177 1367 quibus

164 1371 344 1431 Laevi
378 1382 434 1432 et
465 1372 666 1433 Marici
702 1373 1018 1434 condidere
1049 1374 1305 1434 Ticinum
1334 1392 1450 1434 non
1481 1373 1689 1454 procul
1722 1391 1754 1433 a
1785 1372 1975 1448 Pado,
2023 1372 2177 1432 sicut

165 1453 271 1516 Boi
304 1454 716 1536 Transalpibus
764 1457 1017 1535 profecti
1050 1456 1301 1518 Laudem
1331 1459 1698 1536 Pompeiam,
1743 1455 2019 1515 Insubres
2049 1455 2177 1517 Me·
2197 1476 2243 1517 ιε

166 1538 474 1599 diolanum.
537 1539 883 1601 Orobiorum
934 1542 1130 1619 stirpis
1167 1560 1301 1602 esse
1326 1540 1577 1603 Comum
1619 1550 1791 1619 atque
1821 1535 2176 1616 Bergomum

167 1632 227 1682 et
281 1622 459 1683 Licini
516 1623 726 1684 Forum
777 1625 996 1703 aliquot
1062 1626 1220 1685 circa
1263 1626 1527 1704 populos
1585 1632 1787 1684 auctor
1851 1633 1942 1682 est
2000 1621 2173 1698 Cato,

168 1706 273 1766 sed
322 1709 603 1784 originem
644 1709 835 1785 gentis
878 1710 1151 1785 ignorare
1196 1727 1262 1768 se
1306 1710 1550 1784 fatetur,
1600 1726 1769 1786 quam
1812 1707 1989 1768 docet
2026 1705 2175 1766 Cor-

165 1790 353 1850 nelius
396 1790 730 1853 Alexander
769 1802 949 1853 ortam
991 1810 1024 1854 a
1050 1792 1296 1854 Graecia
1339 1793 1814 1871 interpretatione
1865 1791 2038 1851 etiam
2066 1808 2172 1851 no-

84 1885 185 1938 125
208 1874 372 1933 minis
398 1876 570 1936 vitam
603 1877 657 1935 in
686 1877 972 1936 montibus
1005 1877 1355 1954 degentium.
1408 1877 1472 1936 In
1494 1877 1607 1937 hoc
1639 1877 1747 1936 situ
1768 1876 1980 1935 interiit
2003 1876 2173 1954 oppi-
2192 1895 2241 1936 πο

170 1959 300 2018 dum
347 1956 690 2019 Orobiorum
720 1958 930 2035 Parra,
980 1961 1131 2021 unde
1177 1960 1559 2038 Bergomates
1604 1957 1748 2020 Cato
1800 1958 1955 2018 dixit
1984 1968 2175 2033 ortos,

168 2041 472 2102 etiamnum
500 2043 785 2122 prodente
809 2062 873 2103 se
904 2045 1071 2105 altius
1102 2063 1270 2123 quam
1292 2044 1631 2104 fortunatius
1654 2045 1838 2102 situm.
1894 2044 2178 2103 interiere

85 2145 155 2181 120
174 2134 232 2184 et
276 2125 581 2204 Caturiges
624 2126 923 2187 In'subrum
968 2129 1207 2188 exsules
1254 2138 1312 2188 et
1356 2129 1535 2206 Spina
1575 2145 1748 2206 supra
1793 2128 2005 2202 dicta,
2035 2127 2181 2186 item

167 2205 421 2287 Melpum
465 2212 759 2290 opulentia
807 2214 1213 2290 praecipuum,
1257 2211 1412 2291 quod
1455 2211 1526 2272 ab
1558 2210 1895 2270 Insubribus
1941 2218 2000 2270 et
2034 2208 2179 2270 Bois

171 2301 229 2352 et
261 2293 585 2354 Senonibus
622 2295 873 2356 deletum
907 2313 1041 2356 esse
1075 2313 1148 2355 eo
1176 2297 1270 2356 die
1302 2310 1415 2375 quo
1443 2292 1715 2355 Camillus
1735 2293 1920 2354 Veios
1943 2294 2244 2373 ceperint

167 2374 373 2454 Nepos
407 2374 712 2438 Cornelius
742 2380 993 2439 tradidit.
1159 2454 1160 2457 Ἴ

86 2467 188 2522 126
318 2461 414 2522 18.
451 2461 618 2542 (22.)
652 2462 925 2541 Sequitur
968 2458 1209 2523 decuma
1242 2462 1410 2540 regio
1438 2461 1638 2523 Italiae
1669 2460 1999 2522 Hadriatico
2031 2465 2182 2522 mari

170 2543 454 2622 adposita,
475 2548 652 2605 *cuius
682 2546 952 2622 Venetia,
988 2546 1195 2606 fluvius
1227 2547 1363 2606 Silis
1395 2564 1471 2606 ex
1502 2545 1787 2604 montibus
1818 2543 2179 2620 Tarvisanis,

170 2628 446 2706 oppidum
476 2628 758 2706 Altinum,
805 2629 1015 2690 flumen
1047 2629 1346 2710 Liquentia
1393 2648 1468 2689 ex
1500 2629 1786 2689 montibus
1815 2627 2181 2705 Opiterginis

171 2721 232 2770 et
266 2721 466 2791 portus
496 2714 706 2773 eodem
735 2714 985 2789 nomine,
1020 2714 1250 2774 colonia
1287 2711 1646 2790 Concordia,
1682 2712 1910 2772 flumina
1946 2718 2004 2769 et
2038 2724 2244 2789 por-ao

170 2804 260 2855 tus
292 2795 615 2874 Reatinum,
650 2797 1029 2858 Tiliaventum
1057 2799 1239 2858 maius
1268 2798 1590 2876 minusque,
1624 2796 1887 2856 Anaxum
1919 2810 2035 2872 quo
2058 2794 2178 2854 Va-

171 2897 362 2949 ramus
394 2880 622 2956 defluit,
655 2881 831 2954 Alsa,
876 2880 1078 2941 Natiso
1115 2881 1494 2956 cumTurro,
1550 2880 1945 2959 praefluentes
1989 2876 2179 2956 Aqui-

87 2963 375 3024 1271eiam
411 2964 706 3024 coloniam
743 2963 854 3024 XV
882 2964 940 3024 Μ
982 2983 1139 3043 pass.
1187 2983 1220 3025 a
1253 2967 1395 3026 mari
1426 2967 1610 3025 sitam.
1674 2961 1992 3041 Carnorum
2022 2961 2180 3023 haec

169 3049 335 3124 regio
372 3049 675 3126 iunctaque
711 3047 1017 3126 Iapydum,
1065 3049 1245 3109 amnis
1277 3048 1574 3125 Timavos,
1630 3046 1930 3108 castellum
1970 3043 2180 3107 nobile

129 3183 140 3191 .
170 3132 304 3189 vino
334 3131 636 3206 Pucinum,
671 3132 1049 3208 Tergestinus
1077 3134 1272 3208 sinus,
1314 3133 1544 3192 colonia
1579 3132 1891 3208 Tergeste,
1924 3127 2243 3190 xxxma

172 3213 230 3272 M
259 3231 415 3291 paSS.
450 3213 522 3272 ab
554 3214 846 3292 Aquileia.
908 3215 1053 3275 ultra
1099 3235 1266 3295 quam
1296 3216 1377 3276 vt
1409 3215 1467 3276 M
1503 3235 1657 3295 pass.
1691 3214 1923 3274 Formio
1967 3213 2177 3288 amnis,

174 3295 247 3356 ab
277 3295 553 3356 Ravenna
584 3295 1005 3370 CLXXXVIIII
1033 3299 1091 3359 Μ
1121 3318 1302 3380 pass.,
1336 3303 1556 3361 anticus
1587 3296 2024 3361 auctaeltaliae
2057 3305 2178 3357 ter-

173 3381 386 3456 minus,
433 3396 581 3439 nunc
622 3398 766 3440 vero
809 3380 1090 3459 Histriae,
1140 3402 1309 3461 quam
1357 3385 1815 3461 cognominatam
1859 3398 1893 3442 a
1944 3378 2179 3443 ilumine
