2320 3650
167 100 291 163 262
869 112 927 159 e.
962 112 1153 157 pum
1188 109 1489 157 suenum

77 280 148 332 54
173 269 302 330 dum
342 269 626 329 Homerus
668 265 938 345 prodidit.
1005 265 1173 325 durat
1215 265 1519 323 etiamnum
1558 266 1650 327 vis
1690 265 1748 323 in
1794 263 2004 324 eadem
2033 273 2184 323 terra
2275 266 2276 349 1

164 355 367 432 generi
400 355 679 429 rigorque
711 351 1019 410 indomitus
1038 395 1054 424 ,
1100 349 1318 427 quippe
1364 365 1491 407 cum
1522 347 1831 407 Mucianus
1859 357 1956 407 ter
1987 348 2187 408 consul
2275 362 2276 405 ;

166 457 241 498 ex
266 440 354 497 ‘iis
396 439 491 516 qui
535 436 865 515 nuperrime
919 433 1235 512 prodidere
1300 434 1593 492 sextarios
1629 432 1914 509 singulos
1965 434 2189 492 octonis
2275 458 2276 497 3

165 539 352 601 aquae
382 522 618 581 misceri
661 520 999 597 conpererit
1031 535 1316 597 praesens
1358 518 1415 575 in
1453 534 1531 576 eo
1561 522 1789 592 tractu,
1831 535 1976 577 esse
2007 528 2192 577 autem

165 606 371 666 colore
392 607 639 682 nigrum,
675 604 1002 677 odoratum,
1034 610 1325 661 vetustate
1353 600 1770 679 pinguescere.
1821 610 1882 660 et
1905 601 2189 675 Pramnio,
2212 621 2231 659 ⁵
2275 604 2276 617 ¹

166 690 319 769 quod
336 691 490 763 idem
511 688 798 748 Homerus
825 686 1177 760 celebravit,
1218 687 1389 744 etiam
1406 703 1562 744 nunc
1580 685 1776 744 honos
1792 685 2189 746 durat..nasci·
2275 676 2276 731 ἶ

77 787 144 837 55
169 785 260 835 tur
294 773 576 849 Zmyrnae
618 774 863 849 regione
906 773 1065 830 iuxta
1110 768 1412 829 delubrum
1446 768 1647 829 Matris
1679 771 1875 829 deum.
1957 770 2025 831 In
2065 771 2189 830 reli·

164 861 292 938 quis
326 859 557 918 claritas
589 857 795 934 generi
824 871 938 914 non
969 854 1076 914 fuit
1104 854 1312 928 alicui,
1359 871 1507 913 anno
1537 853 1676 928 fuit,
1726 855 1987 914 omnium
2018 874 2189 933 gene·

161 961 284 1001 rum
326 942 600 1015 bonitati,
644 940 705 1000 L.
742 940 969 1019 Opimio
1001 940 1266 998 consule.
1325 956 1452 996 cum
1486 936 1552 996 C.
1594 936 1904 998 Gracchus
1934 939 2189 999 tribunus

165 1026 395 1105 plebem
430 1025 812 1084 seditionibus
847 1024 1073 1100 agitans·
1104 1024 1515 1100 interemptus,
1563 1041 1639 1081 ea
1682 1021 1837 1081 caeli
1869 1027 2187 1102 temperies
2205 1044 2238 1082 ιο

161 1110 325 1169 fulsit
341 1144 420 1155 ——
437 1119 729 1168 cocturam
753 1107 1220 1167 vocant—solis
1241 1124 1430 1184 opere
1447 1106 1624 1166 natali
1651 1107 1813 1166 urbis
1840 1120 2188 1168 Dcxxxm.

161 1195 483 1272 durantque
525 1193 712 1253 adhuc
756 1193 887 1251 vina
932 1191 1198 1251 ducentis
1241 1191 1370 1250 fere
1415 1192 1610 1265 anniS,
1672 1193 1893 1251 iamin
1927 1195 2189 1271 speciem

160 1278 398 1338 redacta
428 1278 620 1337 mellis
663 1278 875 1355 asperi.
920 1277 1154 1355 ,etenim
1202 1275 1349 1335 haec
1393 1286 1593 1335 natura
1621 1277 1773 1335 vinis
1802 1277 1864 1334 iu
1902 1287 2189 1359 vetustate

160 1371 281 1437 est,
317 1381 429 1422 nec
459 1362 650 1441 potari
677 1378 784 1440 per
813 1379 879 1419 se
903 1369 1118 1439 queant
1145 1361 1486 1438 pervincive
1514 1377 1698 1437 aqua,
1733 1378 1929 1439 usque
1957 1363 2017 1420 in
2046 1379 2186 1421 ama·

160 1448 465 1508 ritudinem
510 1447 667 1506 carie
716 1445 1011 1505 indomita.
1100 1444 1204 1503 sed
1250 1446 1464 1504 ceteris
1513 1445 1665 1503 vinis
1713 1446 2184 1507 commendandis
2200 1463 2236 1503 ιε,

74 1540 143 1593 56
163 1532 407 1591 minuma
438 1531 629 1608 aliqua
653 1532 901 1589 mixtura
930 1528 1349 1589 medicamenta
1382 1538 1532 1606 sunt,
1601 1529 1758 1606 qnod
1791 1539 1854 1589 ut
1890 1532 2023 1590 eius
2054 1541 2183 1591 ten-

160 1616 324 1694 poris
369 1616 769 1675 aestimatione
812 1616 869 1673 in
908 1613 1166 1689 singulas
1207 1613 1522 1691 amphoras
1551 1615 1785 1672 centeni
1827 1617 2051 1675 nummi
2079 1625 2183 1674 sta·

106 1724 113 1727 f
158 1709 417 1776 tuantur,
475 1717 552 1758 ex
596 1699 685 1759 his
731 1707 922 1757 tamen
966 1715 1139 1756 usura
1181 1697 1558 1777 multiplicata
1596 1698 1990 1776 semissibus,
2046 1716 2183 1778 quae

160 1784 347 1844 civilis
373 1801 442 1843 ac
471 1782 699 1843 modica
723 1791 836 1859 est,
863 1783 920 1841 in
946 1779 1047 1843 Gai
1075 1779 1346 1842 Caesaris
1372 1781 1700 1843 Germanici
1724 1782 1807 1842 fili
1832 1785 2180 1864 principatu,

158 1869 320 1927 annis
351 1881 486 1928 CLX
518 1867 775 1943 singulas
807 1869 1007 1925 uncias
1040 1868 1157 1925 vini
1183 1867 1517 1927 constitisse
1549 1868 1734 1927 nobili
1765 1869 2058 1947 exemplo
2090 1869 2238 1929 dii-20

160 1953 378 2011 cuimus
421 1950 754 2011 referentes
808 1952 980 2010 vitam
1021 1950 1301 2029 Pomponi
1341 1951 1600 2011 Secundi
1652 1953 1805 2011 vatis
1860 1969 2181 2031 cenamque

161 2054 328 2115 quam
356 2036 602 2114 principi
633 2035 717 2095 illi
741 2035 916 2094 dedit.
962 2044 1177 2094 tantum
1210 2036 1583 2113 pecuniarum
1616 2036 1882 2096 detinent
1906 2039 2029 2097 vini
2052 2055 2184 2117 apo·

73 2128 140 2185 57
165 2120 393 2181 thecae.
446 2119 573 2179 Nec
604 2119 716 2179 alia
755 2138 852 2178 res
881 2121 1062 2190 maius
1085 2119 1499 2179 incrementum
1530 2122 1707 2179 sentit
1739 2121 1814 2180 ad
1844 2123 2185 2181 vicesimum

158 2223 362 2265 annum
383 2205 644 2265 maiusve
669 2202 742 2263 ab
766 2220 840 2264 eo
870 2203 1253 2283 dispendium,
1284 2221 1401 2263 non
1422 2204 1770 2282 proliciente
1795 2209 2019 2283 pretio.
2059 2224 2185 2267 raro

159 2291 374 2369 quippe
410 2288 599 2349 adhuc
631 2289 829 2366 fuere,
863 2306 975 2347 nec
1008 2289 1119 2347 nisi
1149 2289 1207 2346 in
1235 2298 1546 2366 nepotatu,
1590 2288 1838 2366 singulis
1868 2294 2045 2350 testis
2092 2292 2239 2349 mi-zs

159 2373 235 2432 lia
262 2392 566 2433 nummum.
610 2372 979 2433 Viennenses
1012 2373 1123 2431 soli
1149 2374 1339 2450 picata
1362 2391 1487 2449 sua,
1519 2389 1764 2450 quorum
1792 2392 2026 2451 genera
2050 2375 2186 2435 dixi·

97 2477 140 2509 1⁸
162 2475 320 2532 muS,
394 2459 534 2516 luris
568 2467 930 2535 permutare,
972 2456 1077 2515 sed
1101 2459 1252 2515 inter
1283 2473 1422 2516 sese
1452 2474 1651 2517 amore
1672 2459 1868 2537 patrio
1888 2503 1908 2533 ,
1943 2461 2185 2521 credun·

159 2550 265 2599 tur.
314 2476 488 2619 iifque
519 2543 710 2600 vinum
729 2541 996 2618 frigidius
1025 2540 1269 2619 reliquis
1295 2542 1653 2602 existimatur
1680 2544 1738 2602 in
1767 2542 1995 2619 frigido
2028 2554 2182 2622 potu.

73 2634 142 2686 58
279 2626 336 2683 5.
365 2626 488 2704 (7.)
504 2624 654 2684 Vino
678 2636 879 2685 natura
904 2634 995 2684 est
1013 2621 1219 2685 hausto
1241 2625 1599 2686 accendendi
1615 2626 1823 2687 calore
1837 2628 2094 2689 viscera
2109 2630 2184 2689 in·

158 2719 271 2784 tuS,
294 2710 440 2769 foris
462 2708 652 2768 infuso
675 2709 1082 2787 refrigerandi.
1129 2727 1243 2768 nec
1267 2709 1515 2770 alienum
1538 2711 2239 2773 fuerit-conmemorans

158 2793 274 2853 hoc
308 2796 365 2852 in
386 2793 519 2852 lo‘co
547 2793 700 2871 quod
726 2793 1115 2869 Androcydes
1140 2794 1423 2870 sapientia
1458 2795 1649 2855 clarus
1682 2796 1758 2854 ad
1785 2795 2184 2857 Alexandrum

156 2876 425 2962 Magnum
453 2878 710 2962 scripsit,
742 2878 1237 2955 intemperantiam
1265 2880 1392 2937 eius
1427 2878 1742 2939 cohibens:
1777 2878 2048 2941 Vinum
2075 2898 2182 2961 po·

156 2967 396 3034 turuS,
430 2970 970 3036 rex,memento
1016 2961 1274 3020 bibere
1319 2972 1391 3022 te
1437 2964 1880 3041 sanguinem
1915 2975 2116 3026 terra

159 3042 407 3101 cicuta
445 3044 752 3103 hominis
787 3063 1151 3104 venenum
1195 3055 1348 3121 est,
1397 3049 1699 3108 cicutae
1746 3050 2012 3110 vinnm.

158 3121 266 3178 bus
312 3128 644 3205 praeceptis
690 3127 793 3187 ille
836 3129 885 3187 si
926 3128 1490 3207 obtemperavisset,
1540 3132 1830 3210 profecto.
1859 3137 2089 3204 amicos
2128 3135 2235 3194 in*

158 3204 488 3267 temulentia
519 3227 634 3268 non
659 3212 1082 3288 interemisset,
1111 3229 1354 3291 pflorsus
1388 3225 1449 3274 ut
1473 3216 1597 3275 iure
1619 3216 1739 3276 dici
1772 3221 1973 3296 possit
1995 3234 2188 3299 neque,

158 3281 666 3429 griillllggcorporis
691 3295 882 3353 utilius
905 3295 1086 3363 aliud3
1124 3311 1316 3375 neque
1339 3300 1741 3379 voluptatibus
1764 3304 2174 3382 perniciosius,

44 3411 51 3442 ,
377 3383 444 3425 us
473 3387 505 3428 a
548 3376 653 3445 sit„
