2320 3650
577 92 737 139 ΝΑΤ.
770 91 951 140 ms'r.
984 93 1031 139 1.
1078 77 1327 161 (xxxn.
1360 75 1643 162 xxxm.)
2068 83 2147 142 57

152 245 380 327 qnando
430 248 675 325 primum
716 252 1013 322 argentum
1055 244 1490 321 adparueritin
1534 245 1782 326 harena,
1832 247 2056 324 quando
2093 249 2148 305 in

152 348 384 391 scaena.
453 331 551 388 17.
589 328 795 408 quihus
836 326 1205 405 temporibus*
1238 327 1553 405 plurumum
1595 330 1650 386 in
1692 332 1917 389 aerario
1951 331 2149 408 populi

151 414 395 474 Romani
428 414 553 472 auri
586 422 645 471 et
673 411 898 487 argenti
936 410 1125 470 fuerit.
1188 410 1281 469 18.
1318 410 1544 489 quando
1594 413 1832 488 primum
1862 413 2148 472 lacunaria

151 500 428 557 inaurata.
471 494 565 555 19.
601 495 805 573 quibus
838 494 909 553 de
941 494 1128 553 causis
1167 496 1479 572 praecipua
1511 495 1821 553 auctoritas
1850 514 2008 554 aum.
2047 495 2146 556 20.

112 582 292 643 sratio
321 579 642 638 inaurandi.
692 577 790 636 21.
820 578 892 637 de
918 577 1262 640 inveniendo
1287 595 1446 636 auro.
1486 575 1583 636 22.
1614 577 1686 636 de
1713 579 2146 655 auripigmento.

150 664 245 725 23.
276 663 355 724 de
391 662 637 722 electro.
693 659 791 719 24.
817 660 1034 736 primae
1067 678 1279 719 aureae
1304 669 1544 720 statuae.
1591 659 1690 719 25.
1724 661 2043 720 medicinae
2076 681 2177 721 ex·

149 763 288 810 auro
324 744 467 804 VIII
518 768 554 801 .·
593 742 902 822 (26—29)
934 742 1024 801 De
1059 743 1428 817 chrysocolla
1461 737 1604 825 (27.
1638 744 1785 803 ratio
1818 744 1942 803 eius
1976 747 2031 802 in
2065 747 2148 822 pi·

149 831 350 890 cturis.
418 826 458 885 2
506 871 520 884 .
552 827 871 886 medicinae
920 844 995 885 ex
1034 825 1401 900 chrysocolla
1430 826 1557 902 VII,
1621 825 1720 886 29.
1755 826 1828 885 de
1860 821 2151 887 aurificum

150 912 530 987 chrysocolla
555 912 679 969 sive
703 905 1032 994 santerna).
1068 910 1212 987 (30)
1236 908 1519 969 Mirabilia
1542 918 1776 969 naturae
1808 910 2152 985 glutinandis

93 998 300 1056 winter
345 1011 413 1053 se
463 1002 521 1053 et
556 992 925 1072 perficiendis
967 993 1274 1054 metallicis
1321 992 1515 1051 rebus.
1581 992 1725 1071 (31)
1757 993 1845 1052 De
1888 1002 2148 1070 argento.

150 1078 296 1158 (32)
331 1077 428 1137 De
460 1085 706 1153 argento
737 1077 889 1135 vivo.
932 1074 1076 1153 (33)
1108 1074 1200 1134 De
1225 1075 1373 1135 stimi
1404 1077 1526 1134 sive
1552 1075 1683 1134 stibi
1710 1080 1833 1135 sive
1859 1078 2151 1137 alabastro
2182 1073 2191 1082 “

149 1164 275 1221 sive
309 1159 531 1220 larbasi
568 1160 690 1219 sive
721 1158 1237 1237 platyophthalmo.
1296 1159 1440 1237 (34)
1473 1160 1793 1218 medicinae
1828 1175 1903 1219 ex
1928 1178 1999 1219 eo
2023 1159 2149 1219 VII.

153 1244 299 1323 (35)
333 1243 431 1303 De
468 1243 659 1302 scoria
688 1243 929 1318 argenti.
981 1241 1303 1303 medicinae
1337 1260 1413 1300 ex
1448 1260 1516 1301 ea
1546 1241 1646 1299 vl.
1707 1241 1796 1301 De
1835 1262 2031 1320 spuma
2064 1261 2151 1303 ar-

153 1329 335 1405 genti.
367 1326 690 1386 medicinae
722 1343 797 1383 ex
832 1343 901 1384 ea
928 1324 1053 1383 VII.
1106 1325 1415 1404 (36—41)
1447 1324 1538 1383 De
1573 1326 1743 1383 minio
1778 1318 1988 1409 [quam
2017 1326 2152 1385 reli-

95 1431 139 1473 ιε
154 1412 387 1488 giosum
411 1409 562 1486 apud
591 1408 855 1489 antiquos
873 1407 1064 1468 fuerit.
1100 1408 1200 1469 37.
1227 1408 1299 1467 de
1323 1409 1650 1467 inventione
1677 1409 1801 1467 eius
1825 1418 1883 1467 et
1906 1410 2150 1485 origine.

155 1492 254 1555 38.
290 1493 396 1554 39.
436 1492 512 1550 de
544 1491 864 1566 cinnabari,
915 1493 1060 1551 ratio
1105 1492 1230 1550 eius
1275 1492 1331 1550 in
1377 1492 1659 1550 medicina
1706 1500 1763 1550 et
1803 1493 1859 1550 in
1892 1494 2150 1570 picturis,

152 1577 253 1637 40.
288 1593 516 1652 genera
544 1576 710 1649 mini,
759 1575 904 1633 ratio
948 1576 1074 1633 eius
1116 1576 1174 1632 in
1214 1575 1471 1652 picturis.
1530 1573 1809 1633 medicina
1855 1594 1929 1635 ex
1958 1576 2149 1634 minio.

153 1661 254 1719 41.
291 1660 369 1718 de
402 1650 827 1742 hydrargyro).
892 1656 1035 1735 (42)
1075 1657 1165 1717 De
1203 1666 1449 1734 argento
1481 1658 1811 1718 inaurando.
1873 1657 2015 1737 (43)
2062 1657 2153 1718 De

156 1740 429 1802 coticulis
460 1743 716 1801 aurariis.
775 1741 1085 1819 (44-55)
1122 1740 1365 1817 Argenti
1394 1755 1614 1817 genera
1656 1748 1714 1800 et
1756 1744 2153 1820 experimenta

93 1820 303 1909 20(45.
340 1824 416 1885 de
449 1823 721 1903 speculis.
784 1824 885 1885 46.
924 1823 996 1884 de
1032 1823 1328 1903 Aegyptio
1375 1834 1637 1902 argento.
1702 1827 1804 1885 47.
1855 1827 1927 1886 de
1973 1828 2152 1885 inmo·

154 1912 286 1970 dica
331 1909 598 1987 pecunia.
653 1924 895 1987 quorum
943 1926 1240 1968 maxumae
1296 1926 1441 1987 opes
1486 1909 1713 1968 fuerint.
1776 1909 1877 1970 48.
1926 1911 2152 1988 quando

152 1994 399 2071 primum
431 1991 679 2070 populus
713 1991 1001 2051 Romanus
1033 1993 1241 2069 stipem
1276 1994 1573 2070 sparserit.
1606 1991 1706 2052 49.
1742 1993 1813 2052 de
1847 1993 2066 2052 luxuria
2098 1995 2155 2051 in

150 2075 311 2136 vasis
347 2071 659 2150 argenteis.
716 2070 828 2134 50.
854 2074 1197 2150 frugalitatis
1228 2077 1492 2154 antiquae
1517 2077 1571 2133 in
1598 2084 1838 2152 argento
1863 2075 2150 2154 exempla.

155 2159 257 2219 51.
314 2158 543 2236 quando
594 2159 831 2235 primum
883 2157 1052 2217 lectis
1101 2168 1398 2234 argentum
1442 2159 1709 2218 additum.
1778 2157 1876 2217 52.
1925 2159 2152 2237 quando

93 2243 361 2303 ²⁵lances
394 2241 715 2301 inmodicae
745 2242 955 2301 factae.
1006 2242 1234 2319 quando
1266 2242 1633 2320 repositoriis
1665 2251 1963 2317 argentum
1996 2242 2151 2301 addi-

153 2335 291 2384 tum.
331 2324 559 2403 quando
591 2333 860 2402 tympana
890 2323 1058 2384 facta.
1109 2324 1208 2384 53.
1241 2325 1525 2386 inmodica
1557 2325 1779 2402 argenti
1812 2326 2019 2402 pretia.
2051 2325 2149 2384 54.

154 2409 227 2469 de
263 2408 467 2467 statuis
497 2410 807 2483 argenteis.
843 2408 941 2467 55.
969 2407 1300 2467 nobilitates
1325 2425 1565 2487 opernm
1596 2417 1653 2466 et
1675 2408 1949 2467 artificum
1977 2409 2033 2467 in
2064 2426 2150 2468 ar-

155 2485 403 2574 gento).
450 2490 595 2569 (56)
627 2490 717 2550 De
750 2491 877 2550 sile.
912 2492 1007 2568 qui
1040 2492 1205 2568 primi
1236 2492 1344 2550 sile
1371 2491 1658 2568 pinxerint
1689 2499 1747 2550 et
1775 2509 1884 2570 qua
1908 2493 2149 2552 ratione.

156 2575 291 2651 (57.
328 2573 441 2653 58)
475 2573 567 2632 De
604 2574 898 2652 caeruleo.
951 2575 1276 2635 medicinae
1310 2593 1385 2634 ex
1416 2592 1490 2633 eo
1525 2573 1595 2634 II.
1661 2576 1918 2635 Summa:
1974 2575 2151 2634 medi-

90 2658 320 2717 ancinae
359 2665 417 2716 et
461 2656 735 2716 historiae
782 2666 840 2716 et
884 2656 1326 2717 observationes
1359 2656 1648 2717 MCXXV.

278 2739 374 2799 Ex
410 2739 767 2800 auctoribus:
826 2739 1149 2800 Domitiano
1185 2739 1460 2814 Caesare,
1493 2740 1651 2799 Iunio
1685 2739 2055 2816 Gracchano,
2088 2739 2150 2799 L.

151 2824 388 2898 Pisone,
414 2823 647 2899 Verrio,
671 2822 746 2882 Μ.
771 2822 1056 2898 Varrone,
1084 2822 1358 2901 Corvino,
1385 2823 1578 2883 Attico
1604 2824 1942 2901 Pomponio,
1971 2822 2151 2883 Calvo

151 2905 397 2982 Licinio,
455 2904 728 2965 Cornelio
764 2905 1025 2985 Nepote,
1060 2906 1354 2982 Muciano,
1387 2907 1643 2982 Bocch0,
1676 2905 1931 2982 Fetiale,
1965 2906 2153 2966 Fene-

154 2989 359 3064 stella,
391 2988 629 3068 Valerio
660 2988 940 3065 Maximo,
989 2989 1132 3049 Iulio
1165 2990 1345 3050 Basso
1379 2994 1474 3069 qui
1511 2992 1582 3050 de
1612 2990 1895 3048 medicina
1929 2989 2152 3050 Graece

87 3092 135 3133 35
157 3072 415 3150 scripsit,
450 3073 651 3132 Sextio
681 3071 862 3148 Nigro
894 3075 990 3151 qui
1019 3075 1175 3132 item.
1229 3073 1529 3133 Externis:
1579 3072 2003 3150 Theophrasto,
2036 3073 2151 3133 De·

154 3155 435 3229 mocrito,
468 3152 635 3229 Iuba,
690 3155 924 3215 Timaeo
971 3154 1248 3220 historico
1293 3159 1389 3235 qui
1435 3158 1506 3217 de
1550 3156 1831 3216 medicina
1862 3157 2151 3216 metallica

154 3238 423 3313 scripsit,
455 3236 800 3313 Heraclide,
842 3238 1108 3313 Andrea,
1140 3239 1429 3314 Diagora,
1464 3238 1709 3312 Botrye,
1757 3238 2149 3316 Archedemo,

152 3318 460 3395 Dionysio,
484 3320 858 3399 Aristogene,
882 3319 1189 3396 Democle,
1215 3319 1498 3395 Mneside,
1527 3320 1723 3382 Attalo
1752 3321 2002 3396 medico,
2032 3317 2148 3376 Xe-

2130 3522 2260 3580 ΛΑ
