2320 3650
679 133 840 180 NAT.
866 133 1048 180 ms‘r.
1081 133 1261 180 x1111.
1294 131 1347 183 2.
1385 130 1435 182 3.
1478 117 1591 202 (4.)
2007 119 2132 181 259

112 271 362 347 sopina,
408 268 661 339 Arretio.
693 269 928 348 talpona
979 280 1039 329 et
1081 271 1337 330 etesiaca
1386 280 1445 328 et
1483 272 1833 331 consemina.
1897 271 2135 350 talpona

102 355 286 431 ’nigra
320 352 622 413 candidum
650 353 790 412 facit
817 363 1079 415 mustum.
1134 355 1391 414 etesiaca
1420 354 1622 415 fallax.
1681 372 1798 434 quo
1826 355 1958 434 plus
1975 355 2132 432 tulit,

107 439 232 500 hoc
264 435 608 496 laudabilius
641 437 856 511 fundit,
888 440 1206 515 mirumque
1238 438 1593 498 fecunditate
1628 439 1848 518 pariter
1878 448 1937 503 et
1970 438 2133 498 boni·

109 532 255 582 tate.
298 531 513 581 cessat.
602 525 948 582 consemina
993 525 1155 599 nigra
1211 524 1345 581 vino
1397 524 1644 582 minume
1696 523 1969 599 durante,
2021 541 2133 583 uva

64 621 414 680 smaxume,
458 614 594 683 post
634 619 729 665 xv
767 606 895 665 dies
940 623 1107 684 quam
1149 605 1268 666 ulla
1315 606 1428 666 alia
1468 609 1730 684 metitur,
1774 606 1983 666 fertilis
2027 607 2131 681 sed

108 690 357 751 cibaria.
430 688 600 748 huius
638 690 783 750 folia
838 691 1005 749 sicuti
1064 690 1373 750 labruscae
1426 692 1584 768 prius
1638 708 1805 769 quam
1859 689 2132 751 decidant
2148 698 2216 753 37

80 773 438 850 sanguineo
486 772 687 833 colore
733 783 1035 835 mutantur.
1113 776 1308 833 evenit
1355 775 1480 834 hoc.
1513 785 1572 834 et
1621 774 1958 852 quibusdam
2003 775 2130 834 aliis

105 857 378 937 pessumi
419 859 665 933 generis
694 867 1050 934 argumento.
1113 858 1306 918 itriola
1335 857 1608 919 Umbriae
1637 857 2043 937 Mevanatique
2076 867 2134 917 et

105 943 337 1003 Piceno
365 950 508 1018 agro
540 942 854 1019 peculiaris
888 951 1011 1018 est,
1055 941 1414 1002 Amiternino
1449 942 1695 1021 pumula.
1759 943 1964 1003 iisdem
1992 941 2129 1002 ban·

43 1028 324 1121 ffnanica
357 1024 539 1085 fallax
570 1035 691 1101 est,
733 1034 920 1086 amant
954 1035 1144 1087 tamen
1177 1044 1323 1086 eam.
1381 1025 1654 1105 Municipi
1686 1045 1854 1087 uvam
1883 1026 2125 1104 Pompei
2145 1035 2216 1089 38

108 1111 354 1170 nomine
403 1109 738 1188 appellant,
783 1112 1041 1187 quamvis
1075 1108 1328 1170 Clusinis
1375 1112 1786 1188 copiosiorem.
1829 1111 2131 1188 ,municipi

109 1205 175 1256 et
215 1191 490 1255 Tiburtes
524 1193 943 1272 appellavere,
987 1195 1248 1271 quamvis
1277 1194 1645 1271 oleagineam
1681 1213 1868 1274 nuper
1892 1197 2127 1254 invene-

107 1281 228 1341 rint
250 1296 287 1336 a
310 1277 676 1338 similitudine
709 1278 920 1337 olivae.
969 1277 1284 1337 novissima
1308 1278 1456 1338 haec
1486 1296 1723 1338 uvarum
1753 1278 1826 1338 ad
1848 1279 1963 1338 hoc
1986 1288 2128 1337 tem-

109 1381 229 1445 pus
264 1371 501 1438 reperta
546 1371 652 1420 est.
719 1362 1065 1421 vinaciolam
1108 1363 1220 1421 soli
1257 1372 1542 1422 noverunt
1572 1361 1808 1438 Sabini,
1852 1362 2129 1422 calventi-

43 1461 87 1501 ιε
106 1465 245 1508 nam
279 1445 546 1506 Gaurani.
608 1448 732 1505 scio
774 1465 811 1505 e
845 1445 1099 1505 Falerno
1139 1463 1283 1522 agro
1319 1446 1558 1506 tralatas
1600 1447 1802 1506 vocari
1829 1444 2129 1517 Falernas,

108 1531 429 1609 cssrrime
471 1529 684 1608 ubique
722 1530 1152 1606 degenerantis.
1221 1548 1332 1590 nec
1375 1547 1490 1589 non
1520 1530 1916 1589 Surrentinum
1945 1547 2131 1606 genus

107 1614 295 1692 aliqui
329 1612 533 1673 fecere
564 1613 865 1691 praedulci
900 1631 1030 1673 uva.
1097 1615 1342 1692 capnios
1376 1624 1435 1673 et
1464 1613 1825 1673 bucconiatis
1854 1623 1911 1673 et
1943 1623 2123 1672 tarru-
2148 1623 2217 1677 39

108 1701 212 1778 pia
243 1700 305 1757 in
335 1697 601 1757 Thurinis
635 1697 886 1758 collibus
918 1715 1035 1757 non
1061 1707 1195 1757 ante
1228 1697 1590 1758 demetuntur
1624 1715 1795 1777 quam
1824 1698 2129 1775 gelaverit.

106 1784 359 1862 Pariana
415 1781 668 1859 gaudent
707 1782 909 1858 Pisae,
957 1781 1173 1843 Mutina
1214 1783 1468 1861 prusinia
1512 1784 1681 1860 nigro
1728 1783 1929 1859 acino,
1986 1783 2130 1842 intra

43 1885 87 1924 20
110 1867 556 1946 quadriennium
593 1866 934 1927 albescente
957 1868 1112 1948 vino.
1171 1869 1372 1928 mirum
1396 1867 1474 1927 ibi
1506 1885 1635 1927 cum
1658 1868 1787 1929 sole
1819 1868 2130 1943 circumagi

109 1970 287 2013 uvam
336 1969 486 2029 quae
523 1950 598 2011 ob
636 1951 697 2010 id
738 1952 977 2031 streptis
1009 1962 1284 2028 vocatur,
1320 1961 1380 2012 et
1407 1953 1466 2011 in
1499 1951 1680 2029 ltalia,
1698 1950 1974 2012 Gallicam
2006 1950 2130 2030 pla-

109 2055 294 2110 cere,
335 2044 492 2094 trans
529 2034 699 2113 Alpis
741 2054 887 2095 vero
932 2035 1223 2100 Picenam.
1283 2036 1427 2096 dixit
1451 2034 1751 2114 Vergilius
1781 2036 2023 2096 Thasias
2074 2043 2133 2092 et

104 2119 476 2181 Mareotidas
519 2129 575 2178 et
623 2120 826 2195 lageas
869 2120 1285 2198 conplurisque
1330 2128 1636 2200 externas,
1676 2137 1828 2197 quae
1882 2137 1996 2176 non
2038 2135 2128 2177 re-

105 2206 417 2283 periuntur
457 2205 514 2262 in
557 2204 737 2265 Italia.
815 2205 918 2282 [8.]
978 2204 1098 2263 Sed
1149 2213 1279 2263 sunt
1329 2204 1634 2262 etiamnum
1676 2203 1934 2278 insignes
1994 2219 2126 2275 uva,
2148 2209 2217 2264 40

43 2304 82 2342 τᾶ
106 2306 234 2350 non
266 2289 423 2350 vino,
491 2289 787 2348 ambrosia
813 2306 848 2346 e
893 2289 1183 2348 duracinis
1216 2289 1342 2347 sine
1375 2286 1507 2346 ullis
1550 2286 1707 2361 vasis
1752 2288 1810 2344 in
1850 2287 1966 2346 vite
2007 2302 2129 2346 ser-

105 2383 304 2433 vatur.
371 2380 521 2432 tanta
557 2381 653 2431 est·
679 2381 881 2431 contra
911 2371 1166 2449 frigora,
1203 2380 1398 2431 aestus
1431 2379 1929 2448 tempestatesque
1963 2369 2130 2429 firmi-

104 2468 227 2518 tas.
290 2474 402 2532 nec
427 2456 821 2534 orthampelos
851 2456 1072 2533 indiget
1102 2456 1318 2516 arbore
1347 2463 1442 2514 aut
1475 2454 1659 2532 paliS,
1705 2456 1832 2532 ipsa
1865 2471 1933 2513 se
1964 2454 2134 2512 susti··

102 2560 298 2617 uena,
337 2557 455 2600 non
493 2542 634 2601 item
667 2540 990 2614 dactylides
1035 2539 1256 2617 digitali
1289 2538 1652 2616 gracilitate,
1701 2536 2067 2598 columbinae
2098 2554 2131 2595 e

100 2624 639 2697 racemosissimiS,
686 2633 743 2683 et
783 2626 966 2700 magis
998 2641 1332 2702 purpureae
1372 2623 1721 2699 cognomine
1749 2622 2131 2695 bimammiae,

44 2721 76 2761 0
102 2710 500 2858 quaffinon
530 2724 795 2768 racemos
828 2709 1100 2784 sedpuvas
1126 2708 1269 2768 alias
1302 2716 1529 2784 gerunt.
1584 2708 1723 2765 item
1759 2706 2122 2784 tripedanea,
2150 2714 2214 2765 41

104 2797 209 2855 cui
382 2812 455 2852 en
485 2811 520 2853 a
545 2809 817 2852 mensura
853 2800 976 2865 est,
1007 2793 1140 2851 item
1180 2791 1437 2869 scripula
1468 2806 1646 2868 passo
1682 2791 1851 2850 acino
1886 2799 1945 2849 et
1978 2787 2129 2848 Rae-

98 2880 249 2942 tica*
279 2879 336 2937 in
365 2878 664 2939 maritimis
708 2874 957 2954 Alpibus
1002 2876 1334 2955 appellata,
1375 2874 1668 2936 dissimilis
1719 2874 1985 2934 laudatae
2021 2872 2126 2932 illi.
2152 2891 2199 2923 2⁶

98 2981 372 3041 namque
398 2961 549 3021 haec
580 2960 810 3035 brevis,
843 2959 1108 3020 conferta
1138 2962 1343 3034 acino,
1375 2959 1638 3036 degener
1665 2960 1832 3033 vino,
1864 2956 1969 3017 sed
1999 2965 2133 3016 cute

99 3048 375 3108 omnium
420 3046 789 3118 tenuissima,
836 3044 1083 3119 nucleo,
1144 3047 1328 3121 quein
1358 3040 1560 3102 Chium
1610 3050 1859 3117 vocant,
1907 3058 2018 3101 uno
2065 3057 2137 3099 ac

43 3151 71 3190 5
95 3134 407 3208 minume,
452 3130 679 3190 acinum
709 3129 1133 3207 praegrandem
1174 3145 1356 3187 unum.
1387 3127 1705 3187 alterumve
1740 3125 1980 3187 habens,
2043 3133 2136 3185 est

102 3227 182 3278 et
208 3217 376 3293 nigra
406 3214 651 3274 Aminea
678 3256 697 3287 ‚
735 3214 827 3272 cui
851 3214 1128 3287 Syriacae
1152 3230 1362 3273 nomen
1386 3213 1695 3289 inponunt,
1721 3212 1858 3271 item
1878 3211 2134 3290 Hispana

100 3300 471 3378 ignobilium*
490 3297 916 3376 probatissima.
966 3297 1070 3375 [9.]
1117 3295 1181 3356 In
1203 3296 1465 3376 pergulis
1489 3312 1634 3355 vero
1659 3305 1925 3355 seruntur
1962 3312 2126 3355 esca·
2148 3300 2217 3352 42

99 3386 245 3446 riae
280 3382 617 3462 appellatae
649 3399 682 3440 e
720 3382 1042 3457 duraciniS,
1076 3381 1281 3458 albae,
1329 3380 1570 3457 nigrae,
1622 3380 1957 3524 etgffamaffl
1997 3378 2128 3439 toti·-

2231 3535 2277 3601 A
