2320 3650
559 128 721 175 NAT.
755 125 938 174 ms'r.
969 126 1117 174 vm.
1151 123 1391 178 50—52.
1427 113 1737 194 (76—78.)
2066 84 2145 181 61

139 284 440 361 obliquom
484 282 541 339 in
571 282 823 341 incessu.
889 281 1224 358 paenuriam
1253 279 1421 340 lactis
1452 282 1844 359 praepingues
1878 277 2147 360 sentiunt,

140 378 202 428 et
249 368 433 445 primo
480 365 602 425 fetu
643 367 828 424 minus
872 374 1001 424 sunt
1044 381 1410 424 numerosae.
1474 364 1693 436 Inluto
1734 365 2015 428 volutatio
2045 387 2150 445 ge-

142 454 268 511 neri
303 460 487 527 grata.
554 451 766 509 intorta
807 449 1007 509 cauda.
1070 449 1127 508 id
1169 450 1339 509 etiam
1370 457 1677 526 notatum,
1710 449 1939 510 facilius
1984 453 2152 514 litare

101 560 109 569 ·
141 539 200 596 in
245 535 550 609 dexterum
585 551 754 611 quam
800 534 1124 606 intlaevom
1150 533 1399 592 detorta.
1467 535 1854 611 pinguescunt
1888 548 1984 595 Lx
2031 536 2151 596 die·

93 636 121 675 s
145 620 276 694 bus,
310 619 417 679 sed
446 620 631 694 magis
663 617 834 678 tridui
865 618 1051 686 inedia
1083 617 1444 694 saginatione
1477 634 1631 677 orsa.
1685 618 2008 677 animalium
2039 620 2153 684 hoc

141 721 406 764 maxume
439 702 687 777 brutum,
727 703 1084 778 animam-que
1120 703 1177 760 ei
1209 718 1315 780 pro
1348 701 1475 761 sale
1492 702 1693 762 'datam
1737 718 1853 760 non
1897 703 2151 780 inlepide

144 785 618 848 existumabatur.
648 795 1000 884 conpertum
1009 787 1259 863 agnitam
1277 802 1486 845 vocem
1499 787 1677 846 suarii
1701 783 1856 846 furto
1874 785 2116 862 abactis,
2131 798 2238 851 208

141 888 457 948 mersoque
502 871 736 947 navigio
785 870 1157 943 inclinatione
1202 870 1403 930 lateris
1445 871 1611 929 unius
1644 888 1960 930 remeasse
2021 872 2157 948 quin

146 966 206 1017 et
251 955 433 1016 duces
473 956 530 1013 in
576 956 722 1015 urbe
762 955 967 1026 forum
1011 955 1404 1014 nundinarium
1437 954 1773 1033 domosque
1814 964 2023 1033 petere
2057 955 2150 1016 di·-

69 1056 125 1098 so
143 1050 329 1115 scunt,
372 1049 429 1098 et
460 1021 569 1098 feri
605 1041 832 1117 sapiunt
845 1027 1075 1117 palude
1110 1038 1469 1118 confundere
1507 1041 1725 1099 urinam
1740 1036 1805 1074 **
1838 1038 2032 1115 fugam
2063 1039 2148 1102 le·

141 1142 303 1184 vare.
369 1121 707 1184 Castrantur
751 1123 1000 1186 feminae
1031 1126 1117 1184 sic
1150 1125 1384 1201 quoque
1419 1113 1500 1182 uti
1531 1131 1591 1183 et
1632 1124 1838 1186 cameli
1869 1133 2004 1201 post
2036 1123 2121 1182 bi·
2098 1133 2237 1188 0209

144 1210 239 1268 dui
269 1208 517 1267 inediam
555 1224 878 1286 suspensae
919 1209 1116 1285 pernis
1169 1205 1459 1285 prioribus
1501 1206 1677 1266 volva
1707 1208 1928 1268 recisa.
1996 1207 2153 1270 cele-

143 1292 261 1351 rius
294 1292 371 1351 ita
402 1291 803 1369 pinguescunt.
869 1291 1177 1352 adhibetur
1209 1301 1266 1350 et
1299 1309 1394 1350 ars
1425 1292 1609 1353 iecori
1644 1291 1982 1351 feminarum
2005 1292 2156 1354 sicut

147 1391 441 1448 anserum,
469 1377 759 1434 inventum
792 1374 868 1433 Μ.
904 1374 1097 1453 Apici,
1134 1376 1248 1435 fico
1284 1374 1442 1434 arida
1474 1377 1774 1451 saginatis,
1808 1391 1839 1434 a
1871 1377 2017 1435 satie
2052 1393 2151 1435 ne-

68 1482 124 1523 15
150 1460 292 1518 catis
322 1468 567 1536 repente
596 1459 767 1518 mulsi
798 1469 939 1536 potu
972 1459 1125 1520 dato.
1190 1477 1380 1536 neque
1424 1458 1537 1517 alio
1568 1477 1644 1518 ex
1693 1457 1923 1520 animali
1957 1477 2152 1519 nume·

143 1543 339 1604 rosior
366 1544 605 1608 materia
641 1560 884 1619 ganeae.
941 1544 1351 1621 quinquaginta
1382 1558 1570 1620 prope
1592 1557 1859 1621 sapores,
1887 1561 2024 1607 eum
2056 1560 2152 1603 ce·

144 1628 289 1685 teris
318 1623 546 1703 singuli.
609 1627 742 1685 hinc
777 1629 1169 1698 censoriarum
1211 1628 1408 1704 legum
1442 1628 1689 1704 paginae
1731 1626 2154 1704 interdictaque

148 1711 310 1769 cenis
340 1709 664 1788 abdomina,
699 1711 968 1810 glandia,
1008 1712 1283 1787 testiculi,
1316 1712 1558 1785 volvae,
1603 1711 1871 1788 sincipita
1899 1712 2151 1787 ver-rina,

146 1804 206 1855 ut
236 1803 429 1865 tamen
460 1795 627 1856 Publi
658 1798 954 1858 mimorum
982 1804 1202 1896 poetae
1234 1813 1415 1871 cena,
1462 1805 1771 1874 postquam
1816 1795 2155 1857 servitutem

70 1896 129 1940 πο
148 1889 411 1954 exuerat,
449 1881 605 1941 nulla
633 1890 981 1943 memoretur
1016 1883 1141 1941 sine
1173 1880 1499 1956 abdomine,
1534 1883 1709 1942 etiam
1737 1879 2028 1965 vocabulo
2059 1898 2152 1939 su-

144 1966 311 2023 minis
341 1963 414 2022 ab
448 1983 521 2023 eo
550 1966 824 2043 inposito.
2139 1992 2146 1997 ·

275 2047 444 2125 (78.)
490 2049 773 2109 Placuere
805 2059 995 2109 autem
1019 2059 1085 2108 et
1113 2049 1226 2108 feri
1249 2068 1411 2109 sues.
1485 2050 1598 2109 iam
1637 2045 1883 2108 Catonis
1914 2066 2120 2109 censo·
2134 2026 2239 2113 210

142 2133 225 2192 ris
261 2133 557 2192 orationes
587 2151 862 2211 aprunum
892 2132 1249 2211 exprobrant
1291 2133 1519 2193 callum.
1577 2133 1635 2190 in
1664 2134 1772 2192 tris
1803 2142 1994 2193 tamen
2023 2151 2153 2211 par-

144 2217 219 2275 tis
251 2216 437 2275 diviso
469 2217 657 2276 media
690 2217 1036 2295 ponebatur,
1088 2215 1316 2276 lumbus
1353 2233 1603 2294 aprunus
1635 2217 1951 2294 appellata.
2015 2216 2152 2275 soli-

67 2317 123 2359 ²5
147 2300 278 2360 dum
310 2318 509 2378 aprum
550 2300 938 2361 Romanorum
968 2302 1184 2378 primus
1215 2302 1273 2358 in
1310 2300 1500 2378 epulis
1552 2299 1823 2377 adposuit
1858 2299 1921 2360 P.
1956 2300 2152 2359 Servi-

144 2384 259 2444 lius
286 2382 526 2467 Rullus,
560 2394 744 2463 pater
801 2386 925 2446 eius
956 2384 1112 2444 Rulli
1144 2386 1239 2462 qui
1283 2382 1586 2444 Ciceronis
1626 2383 1929 2444 consul-atu
1961 2383 2156 2461 legem

143 2468 430 2545 agrariam
468 2470 874 2547 promulgavit.
938 2478 1052 2529 tam
1083 2469 1410 2547 propinqua
1445 2470 1615 2545 origo
1649 2486 1798 2528 nunc
1828 2468 2153 2528 cotidianae

143 2552 233 2611 rei
265 2561 376 2611 est.
445 2562 502 2612 et
533 2553 647 2612 hoc
679 2553 919 2614 annales
953 2561 1245 2627 notarunt,
1277 2554 1479 2613 horum
1521 2552 1751 2612 scilicet
1780 2553 2153 2619 ad‘emenda·

142 2636 362 2695 tionem
401 2653 618 2696 morum
650 2637 855 2715 quibus
885 2655 1003 2697 non
1031 2646 1154 2697 tota
1189 2637 1416 2715 quidem
1449 2654 1594 2696 cena
1642 2637 1749 2697 sed
1781 2638 1839 2697 in
1863 2637 2154 2715 principio

69 2736 127 2781 aa
146 2719 265 2779 bini
297 2723 564 2798 ternique
595 2723 816 2798 pariter
844 2722 1184 2783 manduntur
1212 2722 1357 2799 apri.

273 2803 373 2863 52.
422 2805 655 2865 vivaria
687 2822 888 2865 eorum
921 2815 1367 2882 ceterorumque
1401 2804 1748 2865 silvestrium
1778 2806 1993 2882 primus
2027 2812 2114 2862 to·
2134 2813 2236 2865 211

143 2888 265 2965 gati
306 2890 546 2964 generis
581 2891 798 2949 invenit
831 2888 1071 2949 Fulvius
1121 2889 1418 2968 Lippinus.
1465 2890 1522 2948 in
1557 2888 1959 2966 Tarquiniensi
1998 2886 2156 2947 feras

144 2989 394 3050 pascere
440 2974 698 3033 instituit.
758 2991 869 3033 nec
901 2973 995 3033 diu
1038 2975 1357 3033 imitatores
1404 2973 1647 3033 defuere
1687 2971 1750 3033 L.
1792 2970 2066 3030 Lucullus
2095 2978 2157 3030 et

144 3055 218 3128 Q.
253 3055 616 3117 Hortensius
677 3058 827 3118 Sues
859 3058 1024 3118 ferae
1054 3057 1238 3118 semel
1273 3074 1421 3117 anno
1451 3059 1709 3134 gignunt.
1771 3053 2023 3115 maribus
2066 3055 2239 3119 in212

66 3158 124 3201 aa
147 3141 304 3200 coitu
349 3141 612 3219 pluruma
674 3143 981 3220 asperitas.
1047 3151 1183 3201 tunc
1212 3143 1360 3201 inter
1406 3160 1471 3201 se
1512 3141 1781 3200 dimicant
1821 3138 2153 3200 indurantes
2241 3150 2248 3165 ‘

144 3225 341 3285 attritu
386 3225 657 3297 arborum
700 3235 895 3287 costas
941 3226 1181 3304 lutoque
1238 3244 1305 3286 se
1348 3232 1738 3301 tergorantes.
1808 3223 2057 3283 feminae
2096 3224 2156 3283 in

143 3318 313 3386 partu
345 3311 714 3387 asperiores,
753 3318 812 3369 et
841 3310 969 3370 fere
1004 3310 1267 3370 similiter
1294 3311 1350 3367 in
1381 3309 1531 3369 omni
1565 3325 1789 3384 genere
1819 3307 2151 3368 bestiarum.

143 3393 305 3469 apris
333 3392 589 3452 maribus
628 3395 855 3470 nonnisi
885 3394 1164 3457 annicuiis
1197 3394 1520 3471 generatio.
1579 3394 1637 3452 in
1676 3391 1835 3453 ludia
1870 3391 2153 3453 cubitales

228 3495 366 3536 Ριιιι.
399 3497 526 3534 mir.
556 3496 695 3535 msr.
728 3481 790 3536 11.
1776 3477 1814 3538 6

2203 3568 2253 3598 Α
