2320 3650
167 54 283 116 106
910 62 969 114 0.
1016 23 1209 115 PLmr
1247 64 1546 119 snctmm

156 219 440 279 Berenice
484 218 627 279 urbe
660 218 1150 296 Trogodytarum,
1197 220 1346 281 unde
1388 219 1587 279 stadiis
1628 227 1893 298 quattuor
1921 219 2151 281 milibus

156 300 473 361 DCCCXX
503 304 560 361 in
592 303 795 362 eadem
825 313 1001 380 gente
1033 303 1386 363 Ptolemaide
1419 303 1671 381 oppido,
1720 304 1874 382 quod
1915 305 1971 363 in
2005 323 2150 366 mar-

155 387 291 463 gine
321 385 478 445 rubri
520 385 692 445 maris
726 386 798 446 ad
841 389 1057 466 primos
1101 387 1541 465 elephantorum
1580 396 1822 447 venatus
1865 389 2152 448 conditum

158 478 282 544 est,
302 469 430 533 *hoc
462 469 612 528 idem
644 478 774 529 ante
807 471 1109 529 solstitium
1141 469 1529 548 quadragenis
1561 470 1747 548 quinis
1780 470 1986 530 diebus
2019 473 2150 531 toti-

157 553 404 631 demque
435 562 640 630 postea
672 553 816 628 lieri,
850 562 909 612 et
942 572 1048 631 per
1078 571 1183 613 eos
1212 548 1324 612 XC'
1348 553 1471 613 dies
1503 552 1560 612 in
1590 555 1886 613 meridiem
1918 553 2149 615 umbras
2169 580 2195 619 5

73 647 177 702 184
199 637 329 696 iaci.
382 645 580 695 rursus
611 638 667 694 in
698 636 901 696 Meroe
932 637 1145 713 (insula
1180 636 1330 697 haec
1374 646 1661 715 caputque
1698 639 1888 712 gentis
1911 637 2151 698 Aethio·

156 738 289 800 pum
319 720 569 798 quinque
600 719 827 779 milibus
859 721 1098 780 stadium
1121 739 1153 780 a
1179 721 1373 795 Syene
1404 720 1462 778 in
1484 738 1651 779 amne
1671 720 1804 780 Nilo
1836 720 2162 800 habitatur)-

155 805 246 864 bis
277 820 424 863 anno
466 803 685 862 absumi
716 803 977 878 umbras,
1025 804 1153 863 sole
1193 803 1719 863 duodevicesimam
1753 804 1899 863 tauri
1929 813 2155 882 partem

156 896 215 948 et
250 887 790 965 quartamdecimam
821 887 1008 946 leonis
1045 889 1363 966 optinente.
1419 886 1483 947 In
1512 886 1670 947 India
1706 897 1883 964 gente
1916 886 2154 948 Oretum

154 987 320 1030 mons
356 979 445 1029 est
479 968 699 1029 Maleus
747 972 974 1030 nomine
1017 972 1172 1031 iuxta
1219 988 1388 1048 quem
1431 970 1668 1030 umbrae
1704 979 1924 1030 aestate
1967 973 2024 1030 in
2053 988 2151 1033 au·
2174 990 2223 1031 10

157 1063 366 1128 strum,
409 1052 599 1113 hieme
631 1054 688 1112 in
717 1054 1173 1132 septentrionem
1219 1054 1513 1113 iaciuntur.
1578 1053 1904 1132 quindecim
1938 1062 2153 1115 tantum

154 1136 422 1197 noctibus
447 1136 526 1196 ibi
549 1137 792 1216 adparet
822 1139 1162 1215 septentrio.
1214 1136 1278 1197 In
1310 1137 1512 1197 eadem
1541 1135 1699 1197 India
1723 1136 1955 1212 Patalis,
1994 1137 2154 1198 cele-

156 1221 409 1280 berrimo
443 1229 632 1299 portu,
666 1220 757 1280 sol
788 1221 995 1280 dexter
1024 1222 1223 1295 oritur,
1258 1219 1493 1280 umbrae
1524 1220 1580 1278 in
1602 1221 1900 1281 meridiem
1924 1221 2152 1282 cadunt.

73 1314 174 1370 185
197 1304 664 1382 Septentrionem
694 1304 774 1362 ibi
804 1303 1141 1364 Alexandro
1171 1313 1429 1364 morante
1461 1304 1788 1364 adnotatum
1821 1304 2001 1382 prima
2031 1314 2152 1365 tan-

157 1398 276 1454 tum
305 1395 467 1465 parte
501 1388 688 1447 noctis
720 1387 962 1466 adspici.
1019 1386 1397 1462 OnesicrituS,
1436 1387 1551 1446 dux
1583 1389 1727 1462 eiuS,
1761 1388 1994 1465 scripsit
2028 1389 2223 1467 qui-15

156 1470 264 1533 bus
296 1472 352 1528 in
383 1469 532 1529 locis
561 1470 756 1531 Indiae
804 1470 1040 1531 umbrae
1082 1489 1197 1530 non
1229 1472 1339 1529 sint
1386 1472 1838 1549 septentrionem
1867 1488 1981 1530 non
2016 1489 2154 1532 con-

157 1555 325 1633 spici,
358 1563 415 1613 et
447 1572 517 1614 ea
549 1554 681 1614 loca
716 1553 1002 1632 appellari
1030 1556 1209 1630 ascia,
1241 1572 1351 1615 nec
1379 1553 1553 1615 horas
1584 1554 1925 1614 dinumerari
1956 1554 2055 1614 ibi.

284 1638 383 1697 74.
432 1637 597 1717 (76.)
641 1636 716 1697 Et
759 1646 877 1697 tota
925 1636 1318 1714 Trogodytice
1372 1636 1600 1699 umbras
1642 1637 1731 1697 bis
1776 1638 2154 1717 quadraginta

159 1722 410 1800 quinque
445 1720 650 1781 diebus
686 1721 743 1780 in
785 1737 935 1785 anno
983 1719 1403 1832 Eratosthenes
1446 1721 1504 1780 in
1546 1722 1891 1783 contrarium
1935 1723 2152 1783 cadere

159 1804 430 1883 prodidit.
2169 1825 2221 1867 20

73 1896 176 1958 186
300 1888 398 1948 75.
439 1888 604 1966 (77)
639 1889 737 1948 Sic
769 1889 853 1948 fit
859 1898 917 1948 ut
945 1888 1105 1949 vario
1139 1857 1287 1950 lucis
1318 1889 1673 1956 incremento
1710 1890 1766 1948 in
1796 1888 1997 1950 Meroe
2031 1890 2154 1950 lon·

154 1972 425 2049 gissimus
473 1971 599 2030 dies
640 1970 750 2031 XII
787 1970 961 2032 horas
1007 1972 1446 2052 aequinoctialis
1489 1981 1547 2032 et
1589 1981 1725 2033 octo
1769 1974 1947 2052 partis
1990 1974 2156 2033 nnius

154 2055 339 2115 horae
371 2053 638 2131 colligat,
683 2054 1073 2116 Alexandriae
1113 2074 1259 2116 vero
1289 2055 1453 2116 XIIII
1485 2054 1692 2132 horas,
1723 2052 1795 2115 in
1828 2055 1990 2118 Italia
2023 2056 2154 2134 XV,

155 2139 214 2198 in
246 2137 533 2198 Britannia
558 2136 741 2215 XVII,
775 2138 870 2199 ubi
902 2148 1122 2200 aestate
1155 2140 1383 2200 lucidae
1417 2148 1640 2199 noctes
1651 2100 1786 2200 lr’aut
1816 2139 1986 2199 dubie
2020 2158 2154 2219 pro-

156 2208 378 2282 mittunt
419 2222 477 2281 id
525 2222 681 2301 quod
712 2225 871 2300 cogit
912 2225 1057 2284 ratio
1080 2224 1287 2299 credi,
1331 2222 1540 2283 solstiti
1583 2222 1788 2283 diebus
1832 2224 2153 2285 accedente
2172 2243 2225 2285 25

157 2306 286 2366 sole
327 2307 566 2383 propius
603 2308 882 2367 verticem
921 2307 1112 2367 mundi
1153 2314 1398 2383 angusto
1440 2306 1589 2366 lucis
1633 2305 1844 2368 ambitu
1893 2306 2157 2369 subiecta

157 2398 354 2448 terrae
400 2390 702 2449 continuos
743 2392 870 2451 dies
914 2388 1135 2451 habere
1180 2391 1335 2451 senis
1380 2389 1707 2466 mensibus,
1752 2398 2073 2470 noctesque
2120 2410 2155 2450 e

73 2479 175 2535 187
201 2472 432 2531 diverso
469 2472 539 2533 ad
571 2471 824 2533 brumam
855 2483 1099 2534 remoto.
1167 2473 1337 2547 Quod
1370 2473 1544 2533 fieri
1527 2491 1582 2532 ιιι
1613 2474 1797 2533 insula
1824 2472 2013 2570 :Phyle
2045 2473 2153 2550 Py-

158 2555 324 2615 theas
355 2553 735 2616 Massiliensis
775 2557 976 2617 scribit
1021 2575 1128 2617 sex
1159 2558 1378 2617 dierum
1424 2557 1788 2633 navigatione
1820 2557 1876 2615 in
1916 2565 2153 2635 septen-

156 2640 402 2698 trionem
434 2656 465 2697 a
495 2638 782 2700 Britannia
825 2641 1101 2714 distante,
1149 2640 1398 2720 quidam
1402 2657 1548 2700 vero
1592 2648 1651 2699 et
1680 2641 1737 2699 in
1764 2638 1964 2716 Mona,
2001 2658 2153 2724 quae
2173 2655 2223 2698 ao

158 2722 329 2782 distat
371 2740 402 2781 a
436 2720 787 2784 Camalduno
818 2722 1140 2785 Britanniae
1190 2724 1408 2803 oppido
1441 2723 1698 2783 circiter
1717 2723 1983 2785 ducentis
2011 2724 2156 2786 mili-

156 2804 287 2880 bus,
318 2805 631 2866 adfirmant.
1735 2835 1748 2852 -

284 2889 383 2950 76.
419 2887 585 2987 (78.)
618 2888 958 2950 Umbrarum
991 2889 1139 2950 hanc
1168 2890 1448 2951 rationem
1483 2899 1543 2951 et
1573 2908 1740 2969 quam
1774 2898 1985 2949 vocant
2013 2906 2158 2966 gno-

158 2972 425 3031 monicen
456 2973 670 3032 invenit
703 2972 1096 3035 Anaximenes
1124 2973 1414 3049 Milesius,
1460 2973 1874 3034 Anaximandri
1895 2972 2008 3049 (de
2041 2990 2158 3051 quo

95 3079 138 3114 ³¹
165 3054 437 3134 diximus)
484 3056 834 3134 discipulus,
882 3059 1215 3136 primusque
1267 3057 1631 3133 horologium
1678 3056 1852 3136 quod
1862 3055 2229 3136 appellantes

162 3137 554 3197 sciothericon
582 3138 1017 3201 Lacedaemone
1051 3141 1319 3201 ostendit.

77 3227 180 3283 188
302 3221 400 3281 77.
437 3221 602 3301 (79.)
635 3221 827 3301 Ipsum
859 3224 1010 3284 diem
1042 3224 1137 3285 alii
1174 3224 1342 3284 aliter
1373 3223 1789 3284 observavere.
1854 3195 2160 3296 Babylonii

162 3303 311 3395 inter
354 3303 498 3364 duos
541 3305 684 3366 solis
736 3316 1008 3384 exortus,
1065 3305 1458 3368 Athenienses
1503 3308 1651 3368 inter
1695 3307 1841 3372 duos
1885 3322 2157 3382 occasus,
