2320 3650
276 117 393 177 156
948 127 1006 175 c.
1041 114 1230 173 pum
1264 126 1566 174 sssctmm

265 284 420 358 byci,
454 283 501 340 si
533 282 761 357 bibere,
786 284 1116 342 moriuntur.
1173 300 1416 360 orygem
1439 290 1726 360 perpetuo
1757 282 2017 341 sitientia
2037 281 2235 340 Africae

266 376 548 443 generant
579 384 655 424 ex
694 376 893 426 natura
925 366 1042 426 loci
1073 376 1212 445 potu
1243 375 1563 439 carentem,
1610 374 1671 424 et
1707 365 1959 425 mirabili
1994 365 2160 423 modo
2186 364 2236 423 ad

266 450 521 509 remedia
555 451 878 509 sitientium.
943 468 1192 529 namque
1227 449 1452 510 Gaetuli
1486 449 1744 508 latrones
1775 466 1850 508 eo
1884 449 2237 525 durantauxi·
2284 477 2285 526 j

149 593 152 600 ,
266 535 345 593 lio
390 534 638 611 repertis
678 537 733 593 in
785 551 1036 612 corpore
1087 552 1286 593 eorum
1334 531 1698 593 saluberrimi
1744 533 1997 610 liquoris
2039 532 2237 610 vesicis.
2284 535 2285 538 ’

180 616 553 681 202Insidunt
581 620 639 676 in
685 616 889 676 eadem
928 617 1127 677 Africa
1163 617 1326 696 pardi
1364 616 1658 677 condensa
1692 615 1932 690 arbore,
1979 616 2281 675 occultati-t

266 718 378 778 que
412 719 606 761 earum
634 703 805 760 ramis
835 703 891 759 in
922 703 1350 778 praetereuntia
1381 699 1654 760 desiliunt
1691 710 1869 778 atque
1906 718 1943 758 e
1976 700 2243 759 volucrum

266 785 410 844 sede
455 794 808 861 grassantur.
874 784 1026 843 feles
1080 785 1311 863 quidem
1367 801 1481 861 quo
1524 784 1789 858 silentio,
1827 801 2005 862 quam
2055 781 2242 843 levibus

265 870 528 944 vestigiis
552 867 839 946 obrepunt
862 867 1089 928 avibus!
1128 887 1296 946 quam
1327 867 1557 926 occulte
1584 867 1933 945 speculatae
1964 869 2026 926 in
2054 885 2242 926 muscu-

266 953 355 1010 los
389 952 685 1011 exsiliunt!
747 961 1114 1030 excrementa
1156 970 1260 1012 sua
1303 951 1520 1010 effossa
1563 950 2021 1011 obruuntterra
2048 950 2240 1009 intelle·
2284 971 2285 978 ¹

263 1044 471 1112 gentes
503 1036 744 1093 odorem
775 1036 934 1093 illum
968 1036 1214 1114 indicem
1249 1036 1336 1094 sui
1369 1053 1522 1093 esse.
2257 1027 2286 1094 Ι

176 1129 280 1181 203
420 1121 519 1177 74.
557 1118 721 1197 (95.)
755 1117 916 1195 Ergo
950 1129 1008 1177 et
1050 1119 1197 1179 alios
1235 1118 1513 1197 quosdam
1547 1135 1755 1176 sensus
1805 1135 1948 1178 esse
1983 1136 2148 1196 quam
2173 1136 2243 1176 sn·

262 1218 364 1278 pra
404 1201 591 1260 dictos
639 1201 773 1259 haut
819 1202 1130 1262 difficulter
1177 1202 1435 1279 adparet.
1496 1210 1626 1259 sunt
1669 1203 1819 1261 enim
1868 1201 2244 1279 quaedamhis

262 1286 419 1344 bella
449 1285 871 1362 amicitiaeque,
898 1288 1049 1345 unde
1075 1296 1132 1344 et
1150 1286 1438 1359 adfectus,
1472 1294 1706 1362 praeter
1736 1284 1838 1343 illa
1869 1303 2032 1363 quae
2059 1287 2131 1345 de
2152 1286 2245 1362 qui·

263 1369 487 1446 busque
520 1386 720 1428 eorum
752 1371 871 1428 suis
893 1368 1135 1428 diximus
1172 1370 1338 1428 locis.
1384 1369 1662 1428 dissident
1696 1368 1896 1427 olores
1925 1377 1993 1428 et
2024 1369 2245 1447 aquilae,

263 1471 477 1512 corvos
528 1463 586 1512 et
635 1453 907 1512 chloreus
950 1464 1121 1511 noctu
1168 1454 1412 1511 invicem
1454 1470 1563 1511 ova
1622 1454 2029 1530 exquirentes.
2104 1451 2286 1513 similist

260 1538 433 1595 modo
469 1555 682 1596 corvos
715 1546 773 1596 et
802 1537 1041 1611 milvos,
1077 1537 1180 1596 illo
1225 1538 1617 1614 praeripiente
1665 1536 1799 1594 huic
1832 1535 2028 1595 cibos.
2092 1537 2248 1596 corui-

265 1638 367 1679 ces
399 1630 573 1698 atque
603 1630 835 1695 noctua,
871 1621 1099 1697 aquilae
1131 1630 1191 1679 et
1224 1619 1527 1694 trochilu‘S‚
1568 1621 1618 1678 si
1654 1620 1972 1694 credimus,
2008 1622 2247 1698 quoniam
2284 1617 2285 1630 ¹

176 1713 281 1766 204
296 1704 759 1781 rexappellatur
781 1705 987 1778 avium,
1025 1713 1272 1765 noctuae
1307 1714 1365 1763 et
1392 1713 1628 1762 ceterae
1652 1704 1907 1770 minores
1938 1722 2106 1763 aves.
2152 1721 2247 1763 rur·
2284 1713 2285 1782 ᾗ

264 1805 360 1846 sus
398 1804 524 1846 cum
555 1787 927 1847 terrestribus
956 1789 1202 1848 mustela
1226 1797 1284 1847 et
1316 1769 1538 1863 cornix,
1576 1796 1763 1846 turtur
1792 1797 1851 1848 et
1873 1788 2125 1866 pyralis,
2156 1787 2246 1846 ich·

263 1888 577 1929 neumones
598 1889 819 1948 vespae
843 1882 900 1931 et
925 1856 1233 1950 phalangia
1260 1874 1473 1931 aranei.
1521 1874 1828 1948 aquaticae
1853 1881 2064 1932 anates
2092 1881 2150 1933 et
2169 1888 2245 1948 gt·

264 1955 414 2029 viae,
437 1954 637 2031 harpe.
674 1964 731 2013 et
765 1955 1033 2014 triorchis
1066 1958 1364 2034 accipiter.
1401 1957 1626 2014 sorices
1658 1964 1714 2013 et
1741 1956 2013 2015 ardiolae
2031 1958 2247 2016 invicem
2284 2010 2285 2019 ,

261 2037 475 2096 fetibus
503 2038 854 2098 insidiantes,
916 2040 1184 2116 aegithus
1215 2040 1337 2098 avis
1372 2040 1596 2099 minima
1628 2057 1755 2098 cum
1786 2041 1977 2098 asino.
2039 2039 2248 2119 spinetis
2284 2068 2285 2117 3

264 2124 412 2180 enim
455 2139 521 2180 se
562 2123 838 2182 scabendi
890 2141 1063 2182 causa
1098 2132 1354 2203 atterens
1395 2124 1561 2181 nidos
1609 2125 1735 2181 eius
1779 2122 2072 2200 dissipat,
2102 2120 2247 2203 quod
2284 2128 2285 2203 ξ

263 2207 412 2266 adeo
442 2215 616 2284 pavet
653 2216 713 2285 ut
735 2224 886 2265 voce
934 2209 1160 2266 omnino
1205 2206 1459 2265 rudentis
1503 2205 1689 2265 audita
1742 2222 1869 2265 ova»
1889 2208 2094 2284 eiciat,
2137 2203 2248 2285 pulli
2284 2206 2285 2245 ἒ

263 2291 372 2367 ipsi
403 2300 557 2348 metu
597 2291 819 2349 cadant.
878 2293 1051 2366 igitur
1082 2291 1358 2350 advolans
1395 2290 1589 2349 ulcera
1621 2291 1746 2348 eius
1778 2298 1984 2349 rostro
2016 2264 2286 2355 excavatti

177 2383 279 2433 205
299 2374 509 2450 volpes
544 2382 602 2432 et
636 2376 764 2433 nisi.
826 2374 1394 2450 angues‚1mustelae
1431 2382 1487 2432 et
1520 2375 1674 2431 sues.
1737 2373 2012 2434 Aesalon
2041 2382 2247 2434 vocatur

262 2473 440 2532 parva
476 2459 596 2514 avis
629 2474 738 2517 ova
770 2460 931 2516 corvi
960 2458 1256 2534 frangens,
1285 2460 1445 2516 cuius
1480 2456 1619 2534 pulli
1655 2456 2015 2517 infestantur
2041 2478 2073 2518 a
2096 2456 2247 2533 volpi·
2284 2476 2285 2523 3

262 2538 388 2597 bus.
449 2542 694 2621 invicem
736 2541 885 2600 haec
928 2541 1152 2600 catulos
1196 2542 1320 2599 eius
1374 2543 1675 2618 ipsamque
1718 2540 1909 2599 vellit.
1984 2543 2141 2621 quod
2176 2538 2249 2598 ubi

262 2623 526 2682 viderunt
561 2626 742 2699 corvi,
790 2634 988 2684 contra
1033 2625 1374 2685 auxiliantur
1401 2624 1561 2683 velut
1594 2624 1880 2683 adversus
1915 2638 2249 2685 communem

261 2707 506 2766 hostem.
567 2706 642 2767 Et
687 2708 943 2767 acanthis
980 2708 1037 2767 in
1077 2709 1257 2786 spinis
1295 2709 1457 2767 vivit.
1523 2707 1739 2767 idcirco
1792 2709 2002 2768 asinos
2057 2719 2116 2769 et
2152 2708 2286 2785 ipsu!

262 2792 380 2851 odit
426 2791 606 2850 flores
655 2794 853 2869 spinae
897 2791 1248 2851 devorantis.
1314 2791 1608 2868 aegithum·
1647 2807 1790 2850 vero
1824 2791 2045 2852 anthus
2074 2796 2129 2853 in
2155 2800 2249 2850 tan·

261 2885 377 2934 tum
410 2883 468 2932 ut
509 2877 843 2951 sanguinem
892 2892 1092 2935 eorum
1123 2876 1363 2935 credant
1407 2893 1522 2933 non
1565 2875 1724 2933 coire
1756 2876 2086 2954 multisque
2117 2875 2185 2934 ob
2208 2870 2247 2931 id

174 2968 277 3022 206
293 2958 591 3017 veneficiis
634 2959 925 3019 infament.
984 2959 1279 3018 Dissident
1322 2959 1490 3018 thoes
1537 2977 1606 3018 ac
1639 2957 1883 3034 leoneS‚
1928 2969 1997 3019 et
2039 2962 2247 3020 minuma

261 3060 448 3119 aeque
489 3060 557 3101 ac
590 3060 870 3102 maxuma.
948 3043 1317 3102 formicosam
1353 3042 1621 3102 arborem
1664 3060 1886 3101 urucae
1933 3053 2163 3104 cavent.
2199 3040 2245 3098 li·

261 3123 390 3182 brat
424 3143 669 3185 araneus
702 3146 766 3185 se
802 3127 901 3185 filo
926 3128 984 3185 in
1021 3135 1192 3204 caput
1238 3128 1529 3204 serpentis
1562 3132 1878 3204 porrectae
1920 3128 2037 3188 sub
2080 3112 2286 3187 uuir-³⁴,

263 3204 487 3264 arboris
530 3227 673 3268 suae
714 3219 985 3288 tantaque
1031 3212 1087 3268 vi
1138 3228 1330 3269 morsu
1387 3209 1693 3270 cerebrum
1746 3209 2171 3288 adprehendit,
2203 3211 2245 3262 Ιῑ

262 3285 509 3345 stridens
539 3293 781 3352 subinde
808 3312 875 3352 ac
898 3295 1186 3370 vertigine
1213 3304 1403 3354 rotata
1432 3313 1504 3353 ne
1530 3290 1682 3353 iilum
1706 3284 1943 3371 qu'idem
1972 3289 2245 3374 pendena's

259 3382 559 3445 rumpere,
594 3376 742 3432 adeo
773 3394 888 3434 non
919 3378 1128 3453 fugere
1175 3387 1366 3454 queat.
1415 3396 1526 3437 nec
1557 3378 1682 3436 linis
1715 3387 1847 3438 ante
1880 3389 2129 3439 mortem
2157 3379 2241 3434 est·
