2320 3650
188 61 270 121 52
879 71 938 119 c.
973 71 1166 118 emm
1201 69 1500 117 suenum

188 225 438 302 virgulta
464 224 762 303 silvasque
790 227 1137 304 penetravit,
1164 226 1451 284 acerrimo
1480 241 1652 282 cursu
1674 223 1859 282 fertur
1879 221 2060 281 velut
2089 221 2221 282 abs-

187 309 474 369 condente
508 311 914 387 turpitudinem
964 311 1120 369 loco.
1189 308 1317 366 dum
1352 309 1612 384 sequitur
1642 307 1817 365 insilit
1870 305 2059 381 saltu,
2107 323 2220 384 quo

102 407 167 456 51
187 395 241 452 in
273 394 408 469 fuga
450 410 564 453 non
601 394 791 453 utitur.
860 394 1210 453 Volneratus
1247 390 1656 451 observatione
1708 391 1848 449 mira
1880 408 2219 468 percusso-

187 495 307 536 rem
336 479 496 537 novit
533 487 591 536 et
621 480 676 537 in
709 479 1059 555 quantalibet
1089 475 1446 536 multitudine
1471 475 1711 553 adpetit.
1764 492 1907 533 *eum
1923 491 2089 533 vero
2126 475 2221 554 qui

186 561 361 621 telum
389 563 619 640 quidem
645 564 882 637 miserit,
912 563 1016 622 sed
1053 571 1243 620 tamen
1275 577 1388 619 non
1408 560 1825 633 vulneraverit,
1855 569 2251 636 conreptums

187 655 545 723 rotatumque
569 649 773 705 sternit
809 665 919 705 uec
945 646 1242 724 voluerat.x
1265 659 1392 703 cum
1424 661 1531 723 pro
1560 643 1761 703 catulis
1786 643 1904 702 feta
1942 643 2211 716 dimicat,

187 729 488 789 oculorum
521 731 702 788 aciem
739 731 977 790 traditur
1010 729 1272 805 deligere
1308 730 1362 787 in
1393 738 1626 800 terram,
1671 745 1742 785 ne
1769 725 2076 786 venabula
2120 746 2214 785 ex·

101 817 169 873 52
196 823 492 891 pavescat.
572 824 772 873 cetero
825 813 976 874 dolis
1020 822 1221 872 carent
1264 823 1322 872 et
1354 813 1720 890 suspicione,
1769 829 1880 870 nec
1926 810 2096 870 limis
2139 813 2211 869 in·

187 907 417 956 tuentur
459 898 658 956 oculis
691 899 992 976 aspicique
1036 896 1206 957 simili
1235 897 1407 956 modo
1439 896 1658 956 nolunt.
1728 895 2011 954 creditum
2053 905 2148 954 est
2182 913 2208 953 a
2311 897 2318 946 1

186 982 469 1040 moriente
512 981 737 1040 humum
768 982 1019 1041 morderi
1065 981 1475 1058 lacrimamque
1518 980 1638 1040 leto
1675 980 1813 1039 dari.
1872 988 2059 1056 atque
2099 980 2254 1039 hoen>

185 1065 324 1138 tale,
358 1073 470 1123 tam
502 1082 739 1124 saevom
782 1066 991 1138 animal
1023 1075 1275 1124 rotarum
1309 1065 1486 1123 orbes
1517 1064 1850 1123 circumacti
1874 1082 2205 1142 currusque

189 1150 389 1207 inanes
430 1157 488 1207 et
526 1148 981 1225 gallinaceorum
1027 1150 1241 1209 cristae
1285 1142 1607 1225 cantusque
1651 1150 1822 1208 etiam
1861 1149 2058 1223 magis
2093 1157 2204 1206 ter-

188 1241 335 1305 rent,
380 1232 486 1293 sed
526 1251 788 1293 maxume
821 1236 1006 1311 ignes.
1055 1233 1493 1310 Aegritudinem
1533 1232 1728 1292 fastidi
1754 1240 1969 1291 tantum
2001 1233 2203 1305 sentit,

187 1317 241 1374 in
273 1334 383 1393 qua
427 1318 690 1377 medetur
725 1320 778 1377 ei
816 1317 1188 1391 contumelia,
1227 1319 1284 1376 in
1324 1316 1562 1377 rabiem‘
1587 1325 1800 1393 agente
1842 1314 2203 1375 adnexarum

186 1400 426 1460 lascivia
458 1402 779 1466 simiarum(
825 1412 1088 1479 gustatus
1116 1401 1327 1461 deinde
1358 1402 1595 1477 sanguis
1630 1399 1983 1459 inremedio
2019 1410 2138 1459 est.
2217 1410 2249 1448 ¹³

101 1492 171 1546 53
318 1484 488 1563 (20.)
544 1484 796 1545 Leonum
842 1486 1023 1545 simul.
1051 1485 1296 1563 plurium
1344 1503 1591 1563 pugnam
1647 1484 1865 1543 Romae
1920 1484 2201 1561 princeps

187 1568 343 1628 dedit
390 1569 678 1629 Scaevola
723 1570 784 1629 P.
834 1570 984 1629 filius
1029 1571 1084 1628 in
1127 1570 1309 1628 curuli
1350 1568 1682 1643 aedilitate,
1731 1577 1957 1627 centum
2009 1577 2197 1626 autem

186 1651 505 1714 iubatorum
539 1655 752 1730 primus
783 1655 1029 1713 omnium
1063 1653 1126 1712 L.
1157 1652 1340 1727 Sulla,
1390 1653 1486 1729 qui
1528 1662 1736 1731 postea
1786 1654 2039 1712 dictator
2076 1652 2194 1724 fuit,

185 1737 243 1793 in
274 1744 562 1812 praetura.
628 1746 761 1813 post
792 1756 918 1796 eum
960 1737 1271 1813 Pompeius
1315 1735 1557 1813 Magnus
1598 1739 1653 1796 in
1690 1739 1850 1795 circo
1881 1747 2000 1809 DC,
2044 1736 2194 1794 iniis
2316 1715 2318 1770 ¹

188 1818 508 1878 iubatorum
542 1832 767 1880 cccxv
822 1819 1044 1881 Caesar
1074 1821 1323 1881 dictator
1352 1834 1541 1881 0000.
1921 1824 1933 1835 ’
2208 1837 2246 1875 2⁰

103 1910 173 1964 54
324 1901 493 1980 (21.)
541 1864 911 1981 Caperexeos
947 1905 1108 1965 ardui
1141 1916 1267 1966 erat
1298 1906 1584 1985 quondam
1619 1906 1841 1983 operis,
1884 1906 2195 1984 foveisque
2315 1914 2316 1989 ᾗ

187 2003 473 2046 maxume.
558 1989 884 2066 principatu
941 1986 1145 2049 Claudi
1191 2008 1360 2049 casus
1403 1991 1681 2049 rationem
1725 1989 1924 2049 docuit
1976 1990 2194 2067 puden·
2315 1998 2316 2065 1

188 2070 318 2129 dam
349 2088 537 2148 paene
568 2072 700 2131 talis
733 2072 896 2132 ferae
931 2075 1181 2149 nomine,
1212 2075 1468 2153 pastoris
1501 2093 1534 2132 e
1568 2072 1825 2134 Gaetulis
1868 2091 2017 2150 sago
2061 2092 2193 2134 cun·

188 2165 275 2214 tra
305 2155 625 2230 ingruentis
660 2157 929 2234 impetum
963 2157 1231 2233 obiecto,
1292 2159 1446 2237 quod
1491 2157 1888 2236 spectaculum
1938 2160 1997 2216 iu
2027 2159 2191 2218 liare·

118 2298 121 2301 .
187 2256 317 2298 nam
333 2240 589 2316 protinus
608 2241 874 2301 tralatum
893 2251 1001 2317 est,
1027 2244 1124 2301 vix
1153 2242 1418 2302 credibili
1441 2242 1615 2302 modo
1640 2251 2017 2319 torpescente
2041 2252 2189 2303 tanta
2210 2252 2253 2291 2⁵

188 2322 286 2381 illa
315 2322 577 2397 feritate,
630 2327 889 2402 quamvis
931 2326 1046 2384 levi
1080 2328 1293 2386 iniectu
1341 2336 1551 2405 operto
1610 2327 1831 2403 capite,
1886 2328 1963 2385 ita
2006 2336 2064 2386 ut
2100 2328 2191 2387 de·

188 2406 470 2464 vinciatur
500 2425 614 2467 non
647 2427 996 2486 repugnans.
1058 2411 1335 2472 videlicet
1364 2413 1545 2469 omnis
1575 2412 1663 2468 vis
1698 2419 1926 2470 constat
1959 2412 2017 2470 in
2059 2427 2191 2470 ocu·

191 2489 285 2563 lis,
341 2507 456 2567 quo
482 2492 665 2550 minus
696 2494 897 2551 mirum
932 2495 1004 2552 sit
1033 2512 1065 2552 a
1097 2493 1439 2568 Lysimacho
1482 2494 1801 2553 Alexandri
1841 2497 2001 2555 iussu
2034 2494 2190 2555 simul

104 2586 170 2638 55
192 2572 415 2632 incluso
460 2577 876 2650 strangulatum
904 2576 1153 2637 leonem.
1231 2577 1374 2654 lugo
1419 2578 1668 2661 sulpdidit
1712 2595 1816 2636 eos
1865 2581 2189 2658 primusque
2311 2570 2312 2607 ¹

191 2656 412 2716 Romae
447 2657 515 2716 ad
551 2677 776 2718 currum
812 2662 990 2719 iunxit
1021 2660 1095 2720 Μ.
1130 2662 1436 2738 AntoniuS,
1480 2673 1539 2722 et
1568 2663 1797 2739 quidem
1828 2663 1984 2722 civili
2017 2663 2252 2735 bello,³o

174 2760 317 2801 ,cum
348 2741 672 2800 dimicatum
707 2753 868 2802 esset
898 2746 951 2802 in
987 2745 1301 2805 Pharsaliis
1335 2748 1588 2825 campiS,
1633 2764 1746 2806 non
1793 2749 1915 2806 sine
1967 2756 2188 2807 ostento

190 2825 459 2903 quodam,
476 2836 739 2903 tempore
763 2845 1092 2903 generosos
1115 2832 1350 2907 spiritus
1375 2833 1566 2907 iugum
1580 2831 1773 2889 subire
1803 2832 1904 2891 illo
1931 2832 2188 2910 prodigio

191 2910 573 2986 significante.
638 2929 765 2969 nam
797 2912 948 2988 quod
995 2914 1069 2971 ita
1114 2924 1318 2973 vectus
1363 2924 1451 2975 est
1492 2934 1616 2974 cum
1648 2917 1813 2974 mima
1858 2914 2186 2990 Cytheride,

191 3012 370 3070 super
405 3004 657 3053 monstra
690 2997 858 3053 etiam
891 2996 1115 3056 illarum
1150 2999 1554 3058 calamitatium
1580 2999 1702 3057 fuit.
1760 3001 1977 3075 primus
2010 3010 2188 3061 autem

189 3075 476 3136 hominum
515 3078 744 3137 leonem
779 3098 943 3138 manu
979 3090 1228 3141 tractare
1267 3102 1438 3141 ausus
1483 3093 1542 3142 et
1587 3081 1900 3141 ostendere
1934 3100 2243 3144 mansue-3⁵

191 3158 402 3218 factum
432 3161 632 3223 Hanno
681 3181 712 3221 e
747 3164 1079 3223 clarissimis
1125 3165 1446 3226 Poenorum
1499 3168 1739 3227 traditur
1784 3167 2185 3247 damnatusque

192 3241 291 3300 illo
330 3254 698 3317 argumento,
746 3248 1009 3323 quoniam
1057 3249 1198 3307 nihil
1226 3268 1339 3309 non
1371 3269 1753 3328 persuasurus
1783 3251 1873 3309 vir
1906 3260 2023 3311 tam
2066 3254 2184 3312 arti·

192 3323 315 3382 ficis
365 3327 557 3401 ingeni
600 3328 934 3404 videbatur,
983 3340 1040 3389 et
1083 3332 1234 3392 male
1278 3334 1435 3393 credi
1467 3334 1706 3394 libertas
1751 3336 1805 3395 ei
1851 3336 1943 3393 cui
1989 3346 2184 3396 tantum
