2320 3650
6 3163 9 3252 ἱ

173 83 254 146 88
892 97 952 147 c.
993 68 1185 146 rum
1224 80 1519 146 summm

173 251 409 311 rundam
442 252 497 311 in
528 251 711 313 oculis
740 247 975 313 morbos
1005 269 1131 313 cum
1164 251 1296 311 luna
1329 251 1665 312 increscere
1696 268 1765 310 ao
1794 251 1982 313 minui.
2042 249 2147 314 Pa-

173 335 485 394 trocinatur
528 336 761 394 vastitas
809 334 985 395 caeli
980 336 1255 395 inmensa
1302 335 1553 395 discreta
1595 335 1888 395 altitudine
1931 337 1987 395 in
2034 335 2149 396 duo

172 427 344 496 atque
377 419 737 499 septuaginta
769 419 948 495 signa.
1000 416 1124 478 Hae
1157 428 1286 478 sunt
1307 437 1498 478 rerum
1522 426 1616 479 aut
1644 419 1999 479 animantium
2022 419 2148 479 erfi-

171 502 299 576 gies
345 503 401 560 in
437 520 577 580 quas
627 502 929 579 digessere
981 501 1204 571 caelum
1241 504 1434 600 periti.
1491 501 1555 562 ln
1587 502 1677 562 his
1720 502 1947 581 quidem
1987 502 2149 563 mille

171 595 476 645 sexcentas
527 585 876 650 adnotavere
940 585 1173 660 stellas,
1238 586 1474 662 insignis
1524 585 1749 645 scilicet
1801 586 2011 645 effectu
2064 586 2147 645 vi·
2168 605 2199 644 5

170 685 344 744 suve,
399 669 649 747 exempli
692 670 873 745 gratia
915 669 973 728 in
1018 668 1199 729 cauda
1242 671 1385 729 tauri
1436 678 1661 747 septem
1704 687 1845 747 quas
1888 668 2218 748 appella·⁴

168 769 310 810 vere
340 752 635 830 vergilias,
668 754 726 811 in
753 752 941 811 fronte
973 751 1224 829 suculas,
1258 751 1473 813 booten
1504 753 1599 832 qui
1630 753 1887 834 sequitur
1917 754 2148 832 septen-

168 835 405 896 triones.

92 928 190 979 111
317 918 420 979 42.
472 917 635 998 (42.)
679 916 859 978 Extra
909 916 1014 979 has
1066 937 1270 979 causas
1319 936 1433 978 non
1482 920 1816 1001 negaverim
1864 919 2150 980 exsistere

175 1000 374 1061 imbris
401 1011 757 1080 ventosque,
806 1003 1070 1081 quoniam
1110 1003 1355 1062 umidam
1385 1020 1417 1061 a
1447 1010 1632 1078 terra,
1666 1003 1809 1063 alias
1837 1020 1981 1062 vero
2015 1020 2149 1082 pro·
2170 1017 2225 1058 ιο

173 1094 308 1162 pter
338 1103 615 1164 vaporem
661 1085 927 1144 fumidam
974 1085 1232 1145 exhalari
1263 1086 1568 1162 caliginem
1614 1096 1830 1146 certum
1873 1095 1992 1163 est,
2050 1104 2151 1146 nu-

174 1167 380 1247 bisque
425 1168 648 1248 liquore
694 1186 936 1246 egresso
985 1171 1041 1228 in
1084 1169 1327 1229 sublime
1360 1178 1453 1229 aut
1483 1187 1559 1228 ex
1588 1188 1725 1230 aere
1765 1171 1968 1230 coacto
1999 1171 2055 1228 in
2084 1170 2152 1229 li-

176 1268 417 1328 quorem
449 1253 626 1330 gigni.
691 1251 961 1313 Densitas
996 1271 1191 1312 earum
1223 1268 1551 1331 corpusque
1586 1252 1719 1317 haut
1752 1252 1922 1313 dubio
1958 1255 2153 1312 conie-

180 1346 363 1396 ctatur
406 1346 771 1414 argumento,
824 1355 949 1397 cum
992 1336 1175 1396 solem
1222 1335 1563 1396 obumbrent
1604 1338 1970 1415 perspicuum
2010 1336 2155 1397 alias

180 1420 349 1558 gtiam
393 1420 740 1481 urinantibus
789 1420 847 1485 in
896 1420 1208 1556 quamlibet
1256 1419 1593 1498 profundam
1644 1438 1914 1500 aquarum
1967 1419 2228 1484 altitu-15

219 1522 386 1564 mem.

90 1591 198 1645 112
325 1588 425 1649 43.
461 1587 626 1667 (43.)
668 1584 844 1664 Igitur
881 1604 994 1646 non
1041 1605 1167 1647 eam
1208 1587 1413 1647 infitias
1458 1605 1635 1666 posse
1667 1587 1733 1646 in
1776 1586 1879 1646 has
1914 1595 1973 1646 et
2005 1587 2158 1663 ignis

170 1687 427 1750 superne
464 1671 754 1730 stellarum
785 1671 1097 1745 decidere,
1142 1670 1328 1748 qualis
1370 1688 1580 1730 sereno
1625 1688 1803 1749 saepe
1848 1672 2154 1729 cernimus.

174 1772 414 1833 quorum
447 1756 560 1813 ictu
591 1755 816 1813 concuti
853 1771 990 1813 aera
1021 1771 1220 1813 verum
1255 1762 1376 1831 est,
1425 1755 1649 1833 quando
1693 1763 1752 1813 et
1784 1753 1899 1812 tela
1933 1753 2157 1814 vibrata

173 1838 432 1898 stridunt.
490 1856 615 1898 cum
657 1855 801 1896 vero
836 1840 892 1896 in
921 1836 1130 1896 nubem
1164 1839 1523 1916 perveniunt,
1555 1856 1831 1917 vaporem
1865 1831 2155 1916 dissonum
2173 1860 2231 1900 20

173 1923 331 2005 gigni
362 1931 420 1981 ut
455 1921 735 1980 candente
767 1920 972 1980 ferro
956 1939 1012 1979 ιιι
1044 1939 1244 1999 aquam
1279 1922 1546 1982 demerso
1580 1932 1638 1982 et
1678 1905 1945 1982 fumidum
1981 1922 2157 1981 vorti·

180 2024 306 2064 cem
328 2004 503 2064 volvi.
528 2004 659 2065 hinc
683 2005 841 2064 nasci
863 2004 1176 2082 procellas.
1205 2006 1334 2068 etsi
1360 2007 1415 2064 in
1436 2006 1585 2066 nube
1610 2006 1854 2065 luctetur
1876 2005 2040 2064 flatus
2063 2012 2161 2064 aut

178 2106 395 2167 vapor,
429 2089 672 2148 tonitrua
708 2088 821 2148 edi.
875 2089 924 2146 si
955 2097 1215 2167 erumpat
1250 2087 1489 2165 ardens,
1526 2089 1776 2148 fulmina.
1811 2090 1859 2146 si
1888 2087 2159 2165 longiore

176 2180 361 2232 tractu
395 2173 634 2246 nitatur,
687 2170 985 2249 fulgetras,
1042 2172 1134 2231 his
1166 2181 1223 2231 et
1254 2172 1388 2232 findi
1419 2172 1661 2249 nubem,
1692 2171 1806 2231 illis
1841 2170 2156 2250 perrumpi,

181 2265 238 2315 et
272 2274 404 2315 esse
435 2257 678 2315 tonitrua
714 2256 1066 2334 inpactorum
1102 2257 1311 2332 ignium
1343 2255 1577 2334 plagas,
1610 2255 1862 2334 ideoque
1895 2256 2153 2333 protinus
2174 2272 2228 2314 ιιι

93 2347 194 2401 113
219 2354 529 2399 coruscare
577 2340 778 2415 igneas
807 2338 1033 2398 nubium
1063 2340 1253 2398 rimas·
1308 2357 1484 2417 posse
1533 2349 1590 2399 et
1628 2339 1867 2418 repulsu
1906 2339 2158 2399 siderum

176 2422 519 2501 depressum
565 2424 659 2501 qui
704 2423 776 2483 ad
818 2432 1027 2483 terram
1056 2424 1334 2482 meaverit
1377 2423 1633 2501 spiritum
1664 2423 1815 2482 nube
1850 2422 2158 2483 cohibitum

171 2516 395 2583 tonare,
433 2515 631 2565 natura
666 2507 1052 2583 strangulante
1089 2507 1361 2581 sonitum,
1397 2507 1524 2567 dum
1553 2508 1803 2582 rixetur,
1857 2506 2010 2566 edito
2041 2506 2156 2566 fra·
2243 2519 2246 2526 ·

173 2608 340 2669 gore,
377 2608 502 2650 cum
532 2599 813 2668 erumpat,
850 2598 909 2648 ut
938 2592 993 2650 in
1023 2588 1351 2650 membrana
1386 2591 1586 2668 spiritu
1620 2592 1849 2649 intenta.
1883 2608 2062 2669 posse
2098 2598 2158 2650 et

173 2675 391 2750 attritu,
428 2674 556 2733 dum
589 2674 645 2731 in
676 2691 966 2751 praeceps
1001 2673 1252 2749 feratur,
1298 2672 1453 2733 illum
1484 2674 1740 2754 quisquis
1774 2682 1862 2737 est
1896 2675 2152 2752 spiritum
2172 2694 2228 2736 ao

173 2757 432 2818 accendi.
469 2774 646 2834 posse
683 2766 744 2815 et
778 2757 1045 2816 conflictu
1075 2756 1303 2816 nubium
1330 2757 1501 2833 elidi,
1535 2767 1593 2817 ut
1626 2758 1862 2817 duorum
1885 2757 2154 2838 lapidum,

173 2840 616 2902 scintillantibus
645 2840 931 2916 fulgetris.
998 2839 1118 2900 Sed
1146 2840 1295 2900 haec
1327 2841 1511 2901 omnia
1544 2859 1678 2900 esse
1715 2841 1962 2900 fortuita.
2022 2839 2156 2899 hinc

171 2924 337 2985 bruta
368 2922 600 2984 fulmina
634 2933 692 2982 et
721 2941 901 2999 vana,
934 2932 992 2982 ut
1028 2942 1176 3002 quae
1206 2924 1359 2984 nulla
1390 2924 1619 2985 veniant
1647 2924 1867 2983 ratione
1898 2932 2152 2983 naturae.

172 3008 260 3067 his
292 3008 517 3086 percuti
547 3008 782 3083 montis,
828 3006 915 3066 his
960 3008 1168 3083 maria,
1215 3008 1508 3087 omnisque
1544 3008 1692 3068 alios
1723 3008 1921 3067 inritos
1950 3008 2152 3066 iactuS.

176 3092 273 3150 illa
304 3107 445 3149 vero
477 3089 712 3150 fatidica
744 3108 821 3149 ex
851 3090 966 3151 alto
998 3091 1276 3167 statisque
1309 3089 1382 3151 de
1416 3093 1605 3151 causis
1638 3098 1696 3153 et
1718 3109 1793 3152 ex
1815 3090 1933 3150 suis
1953 3090 2224 3151 venii-eas

180 3173 483 3240 sideribus.

97 3268 202 3322 114
322 3255 485 3335 (44.)
513 3255 695 3315 Simili
724 3255 894 3316 modo
919 3264 1124 3315 ventos
1145 3255 1243 3315 vel
1279 3256 1467 3335 potius
1490 3257 1653 3318 flatus
1686 3275 1864 3337 posse
1899 3266 1959 3318 et
1992 3256 2157 3317 arido

183 3340 457 3420 siccoque
493 3338 741 3399 anhelitu
770 3347 961 3399 terrae
994 3339 1150 3416 gigni
1173 3342 1656 3417 non-negaverim.
1695 3359 1871 3421 posse
1904 3349 1964 3400 et
1992 3341 2160 3421 aquis
