2320 3650
152 80 276 143 220
860 88 948 140 c.
972 91 1181 141 ‘rum
1218 90 1516 140 saeuum
1579 84 1582 87 “

69 270 154 313 ωε
323 245 574 308 7.1nde
594 244 840 307 Maeotis
867 246 1029 308 lacus
1062 249 1127 306 in
1147 245 1384 325 Europa
1407 247 1612 306 dictus.

74 341 142 397 19
332 333 457 410 (7.)
502 329 882 392 ACimmerio
904 329 1179 391 adcolunt
1200 328 1504 404 Maeotici,
1530 329 1690 406 Hali,
1714 330 1903 405 Serni,
1930 322 2172 407 Serrei,

160 414 317 491 Cizi,
363 415 571 477 Gnissi.
665 414 800 475 dein
848 412 1082 474 Tanaim
1134 430 1356 473 amnem
1399 415 1629 490 gemino
1677 430 1782 473 ore
1822 373 2175 487 influentem

155 499 411 560 incolunt
454 500 781 574 Sarmatae,
844 497 1147 558 Medorum
1197 497 1289 575 (ut
1332 496 1553 576 ferunt)
1602 495 1878 573 suboles,
1942 506 2000 557 et
2044 498 2212 577 ipsi

157 585 216 642 in
254 584 429 644 multa
469 599 689 660 genera
730 581 914 643 divisi.
982 582 1148 659 primi
1184 580 1558 641 Sauromatae
1596 579 2171 656 Gynaecocratume-
2193 594 2223 635 ⁵

155 684 303 742 noe,
363 668 714 727 Amazonum
770 665 1074 725 connubia.
1172 664 1307 725 dein
1361 662 1670 740 Nevazae,
1725 663 1966 740 Coitae,
2032 663 2174 726 oizi

155 749 544 829 Messeniani,
593 748 987 824 Cotobacchi,
1035 747 1253 824 Cetae,
1313 748 1527 825 Zigae,
1591 748 1856 824 Tindari,
1906 746 2171 824 Thy'ssa-

157 843 332 912 getae
347 879 367 910 ,
404 833 608 910 Iyrcae
630 851 815 913 usque
840 832 913 892 ad
935 832 1278 893 solitudines
1303 832 1575 892 saltuosis
1594 831 1962 893 convallibus
1983 850 2168 911 aspe-

158 936 288 994 ras,
329 917 480 979 ultra
521 922 665 996 quas
702 915 1037 994 Arimphaei
1073 917 1171 994 qui
1206 915 1580 995 adRipaeos‘
1608 917 1899 996 pertinent
1922 918 2164 976 montis.

75 1010 146 1064 2ο
167 1001 399 1061 Tanaim
460 1002 645 1080 ipsum
689 1000 943 1074 Scythae
986 1002 1182 1061 Sinum
1230 1009 1474 1078 vocant,
1530 999 1804 1061 Maeotim
1842 999 2242 1067 Tamarus-1⁰

159 1084 322 1160 dam,
372 1086 491 1164 quo
542 1084 876 1183 significant
923 1094 1163 1145 matrem
1214 1085 1424 1145 maris.
1483 1085 1769 1164 oppidum
1829 1085 1891 1144 in
1949 1083 2169 1144 Tanais

162 1185 396 1267 quoq-ue
445 1168 618 1230 ostio.
682 1167 952 1228 Tenuere
993 1168 1227 1228 finitima
1271 1170 1457 1247 primo
1506 1166 1723 1244 Cares,
1774 1168 1906 1230 dein
1950 1165 2170 1227 Clazo-

157 1253 331 1311 menii
376 1261 436 1313 et
475 1251 790 1328 Maeones,
844 1261 1053 1331 postea
1097 1252 1571 1331 Panticapenses.
1654 1256 1822 1312 sunt
1843 1252 1939 1331 qui
1989 1253 2170 1312 circa

158 1331 429 1396 Maeotim
469 1336 545 1398 ad
580 1331 900 1397 Ceraunios
947 1337 1154 1397 montis
1200 1336 1303 1396 has
1346 1337 1572 1398 tradant
1611 1337 1840 1413 gentis:
1906 1353 1941 1396 a
1985 1334 2168 1395 litore

145 1416 457 1498 Naptras,
512 1437 805 1500 supraque
857 1419 1199 1481 Essedones
1245 1418 1491 1484 Colchis
1556 1422 1824 1495 iunctos,
1885 1420 2242 1479 montiumss

77 1510 146 1565 21
170 1504 578 1567 cacuminibus.
646 1505 781 1566 dein
818 1502 1129 1579 Camacas,
1176 1502 1431 1580 Oranos,
1468 1504 1755 1579 Aatacas,
1798 1502 2163 1581 Mazacasos,

161 1585 597 1667 Cantiocaptas,
634 1586 1006 1665 Agamathas,
1036 1587 1232 1663 Picos,
1273 1587 1628 1662 Rimosolos,
1672 1588 2161 1663 Acascomarcos,

160 1679 224 1730 et
253 1671 333 1732 ad
363 1671 496 1748 iuga
537 1668 782 1732 Caucasi
826 1670 1104 1746 Itacalas,
1150 1670 1529 1748 Imadochos,
1551 1671 1800 1747 'Ramos‚
1844 1670 2162 1746 Anclacas‚

160 1753 399 1832 Tydios,
432 1752 835 1831 Carastaseos,
872 1754 1246 1814 Anthiandas.
1318 1753 1571 1833 Lagoum
1597 1764 1821 1816 amnem
1855 1771 1930 1814 ex
1956 1754 2163 1814 monti-

160 1838 270 1898 bus
306 1836 542 1899 Catheis
581 1842 639 1899 in
675 1856 846 1918 quem
877 1838 1417 1918 defluatOpharus,
1465 1840 1549 1899 ibi
1585 1840 1776 1918 gentis
1810 1837 2234 1915 Cauthadas,2o

160 1920 502 1999 Opharitas,
549 1922 729 1983 amnis
753 1922 1170 1998 Menotharum,
1210 1920 1452 1999 Imityen
1477 1941 1559 1983 ex
1598 1922 1888 1984 montibus
1932 1920 2160 1998 Cissiis,
2215 1989 2220 1994 .

159 2007 308 2065 inter
332 2005 598 2083 Agdeos,
637 2003 878 2082 Carnes,
912 2005 1268 2084 Oscardeos,
1293 2006 1565 2084 Accisos,
1591 2005 1843 2082 Gabros,
1865 2006 2160 2084 Gogaros,

75 2100 146 2154 22
170 2090 444 2168 circaque
466 2089 685 2150 fontem
712 2088 928 2165 Imityis
949 2088 1186 2165 Imityos
1215 2099 1275 2152 et
1302 2091 1652 2169 Apatraeos.
1729 2091 1827 2152 alii
1861 2090 2161 2150 influxisse

160 2189 236 2233 eo
274 2171 523 2249 Scythas
545 2172 873 2249 Auchetas,
913 2172 1279 2251 Atherneos,
1315 2174 1695 2254 Asampatas,
1739 2174 1815 2233 ab
1842 2173 1932 2234 his
1956 2172 2158 2234 Tanai-

157 2266 249 2317 tas
291 2264 352 2317 et
403 2253 692 2338 Inapaeos
736 2257 946 2317 viritim
986 2257 1262 2318 deletos..
1330 2258 1506 2338 aliqui
1549 2257 1855 2318 Ocharium
1895 2256 2011 2318 labi
2051 2272 2231 2336 peras

158 2339 437 2401 Canticos
463 2350 522 2401 et
542 2341 804 2420 Sapeos,
828 2339 1062 2402 Tanaim
1083 2359 1230 2402 vero
1249 2344 1535 2402 transisse
1562 2340 1979 2417 Sarcharceos,
2014 2340 2156 2401 Her-

159 2425 371 2499 ticeos,
398 2424 809 2503 Spondolicos,
839 2423 1170 2501 Synhietas,
1196 2424 1448 2501 Anasos,
1476 2424 1658 2500 Issos,
1685 2385 2155 2501 Catetas,⁹'1'ago-

157 2525 286 2583 ras,
329 2505 626 2585 Caronos,
660 2507 947 2587 Neripos,
979 2507 1328 2586 Agandeos,
1367 2508 1750 2620 Mandareo's‚
1777 2508 2158 2586 Satarcheos‚

161 2590 430 2736 Spaleos.

75 2683 145 2737 23
453 2674 579 2756 (8.)
625 2674 869 2738 Peracta
903 2684 996 2736 est
1032 2677 1274 2736 interior
1302 2692 1404 2736 ora
1441 2694 1479 2736 a
1501 2674 1611 2737 Cio
1650 2677 1816 2736 amne
1837 2687 2223 2775 omnesqueao

159 2757 436 2834 adcolae,
493 2777 647 2820 nunc
699 2759 976 2819 reddatur
1018 2760 1223 2837 ingens
1279 2760 1338 2820 in
1379 2761 1802 2826 mediterraneo
1849 2760 2038 2833 sinus,
2096 2760 2153 2818 in
2317 2757 2318 2780 ³

159 2860 274 2921 quo
314 2842 493 2903 multa
526 2842 695 2902 aliter
728 2860 801 2903 ac
831 2852 1070 2903 veteres
1111 2844 1470 2922 proditurum
1509 2861 1601 2904 me
1637 2861 1764 2904 non
1807 2860 1881 2903 eo
1921 2842 2168 2917 infitias,

157 2927 326 2987 anxia
363 2925 681 3005 perquisita
704 2942 844 2987 cura
870 2926 1050 2986 rebus
1074 2945 1263 3006 nuper
1298 2928 1356 2987 in
1394 2944 1468 2987 eo
1491 2928 1603 2998 situ
1623 2928 1815 3004 ⁴gestis
1846 2944 1878 2986 a
1903 2926 2148 2986 Domitio

161 3007 499 3070 Corbulone
553 3008 910 3089 regibusque
966 3011 1098 3071 inde
1153 3011 1342 3071 missis
1399 3009 1762 3088 supplicibus
1812 3019 1911 3071 aut
1952 3009 2149 3086 regum
2317 3069 2318 3076 ,

160 3091 362 3151 liberis
388 3125 389 3130 κ
417 3092 733 3154 obsidibus.
829 3092 1120 3154 ordiemur
1169 3103 1361 3155 autem
1417 3111 1453 3153 a
1499 3093 1910 3173 Cappadocum
1954 3102 2213 3170 gentem
2317 3137 2318 3142 η

76 3183 151 3238 24
167 3173 526 3252 Longissime
595 3175 745 3236 haec
801 3176 1163 3238 Ponticarum
1223 3178 1469 3238 omnium
1528 3178 1808 3237 introrsus
1866 3177 2146 3240 recedens

156 3259 436 3317 minorem
467 3257 793 3320 Armeniam
834 3263 1226 3339 maioremque
1263 3269 1329 3321 et
1368 3260 1801 3337 Commagenen
1838 3261 2007 3322 laevo
2029 3275 2144 3319 suo

163 3340 347 3401 latere
377 3343 608 3419 transit,
650 3342 857 3403 dextro
881 3361 1025 3405 vero
1052 3344 1234 3405 omnis
1264 3345 1321 3404 in
1342 3343 1484 3405 Asia
1505 3345 1689 3406 dictas
1713 3345 1929 3422 gentis,
1958 3342 2144 3423 pluru-

33 3529 105 3555 h.
