2320 3650
598 93 779 142 mszr.
821 92 999 141 MT.
1023 92 1090 139 v.
1132 86 1371 142 24—27.
1419 71 1721 159 (ἐι-«26)
2026 79 2149 143 203

152 245 504 326 Casyponis,
533 243 777 325 Mopsos
808 243 1050 306 liberum
1077 244 1320 320 Pyramo
1351 243 1689 322 inpositum,
1727 244 1993 323 Thynos,
2031 247 2147 308 ⁴Ze-

149 332 449 412 phyrium,
492 329 796 390 Anchiale.
884 346 1083 388 amnes
1111 329 1318 402 Saros,
1364 325 1596 403 Cydnus
1627 327 1866 389 Tarsum
1906 329 2146 391 liberam
2160 339 2230 396 92

149 415 357 475 urbem
383 414 591 492 procul
623 414 661 472 a'
683 414 825 472 mari
856 429 1085 471 secans.
1123 410 1306 487 'regio
1334 410 1719 470 Celenderitis
1751 420 1878 472 cum
1908 415 2146 492 oppido,
2193 458 2202 467 .

48 508 55 513 ‘
149 498 322 558 locus
352 495 778 574 Nymphaeum,
811 495 992 555 Soloe
1030 492 1237 567 Cilicii,
1270 513 1419 554 nunc
1446 495 1898 573 Pompeiopolis,
1925 497 2147 574 Adana,

103 612 130 650 5
153 580 401 656 Cibyra,
441 580 667 654 Pinare,
711 578 968 653 Pedalie,
1002 578 1135 653 Ale,
1174 578 1435 652 SelinuS,
1466 577 1737 653 Arsinoe,
1772 578 1994 656 Thebe,
2026 581 2145 640 Do⁶

150 665 267 740 rio,
294 664 567 740 iuxtaque
599 680 754 722 mare
783 660 1078 737 Corycos,
1127 661 1336 722 eodem
1363 660 1589 725 nomine
1623 662 1897 740 oppidum
1926 671 1983 721 et
2012 681 2145 741 por-

152 756 244 807 tus
278 756 336 806 et
365 763 607 824 specuS.
672 744 1047 804 moxflum‘en
1082 741 1478 820 Calycadnus,
1526 747 1976 822 promontorium
2012 747 2145 806 Sar·

151 829 383 909 pedon,
433 829 646 907 oppida
676 827 964 903 Holmoe,
1023 826 1213 904 Myle,
1273 829 1725 907 promontorium
1772 837 1831 888 et
1874 829 2146 906 oppidum

149 913 401 974 Veneris
443 930 475 972 a
522 929 636 990 quo
672 929 952 990 proxume
998 909 1227 988 Cyprus
1269 910 1471 972 insula.
1561 912 1667 971 sed
1718 912 1775 971 in
1836 913 2229 976 contInenti93

80 1018 132 1061 10
157 996 371 1074 oppida
399 993 706 1071 Mysanda,
736 994 1136 1069 Anemurium,
1173 990 1573 1070 Coracesium,
1608 995 1850 1073 finisque
1881 996 2146 1074 antiquos

153 1078 399 1140 Ciliciae
441 1076 625 1138 Melas
668 1079 865 1138 amnis.
937 1079 1087 1136 intus
1130 1086 1323 1136 autem
1375 1078 1604 1139 dicendi
1646 1078 2006 1138 Anazarbeni
2048 1078 2146 1157 qui

149 1181 302 1223 nunc
339 1159 666 1236 Caesarea,
709 1160 998 1237 Augusta,
1044 1158 1385 1237 Castabala,
1429 1158 1764 1240 Epiphania
1795 1179 1943 1240 quae
1978 1172 2155 1223 antea*

154 1245 519 1321 Oeniandos,
565 1243 814 1319 Eleusa,
862 1243 1148 1318 Iconium,
1193 1243 1462 1304 Seleucia
1504 1262 1677 1322 supra
1718 1250 1938 1304 amnem
1974 1242 2142 1320 Caly·
2215 1294 2223 1301 .

154 1328 397 1390 cadnum
428 1327 766 1388 Tracheotis
800 1327 1177 1403 cognomine,
1224 1344 1256 1386 a
1296 1328 1436 1387 mari
1476 1326 1657 1387 relata
1703 1328 1799 1387 ubi
1822 1327 2143 1388 vocabatur

82 1438 133 1479 25
151 1412 403 1474 Hermia.
480 1420 787 1489 praeterea
831 1411 982 1471 intus
1016 1409 1243 1470 flumina
1286 1410 1540 1489 Liparis,
1588 1409 1873 1489 Bombos,
1915 1411 2150 1471 Paradi«

153 1496 287 1572 sus,
319 1511 482 1555 mons
516 1494 793 1555 Imbarus.
1347 1512 1352 1517 ·
1939 1544 1942 1549 .

326 1593 492 1674 (23.)
570 1593 808 1655 Ciliciae
859 1594 1248 1674 Pamphyliam
1312 1609 1544 1652 omnes
1581 1595 1819 1654 iunxere
1867 1584 2139 1671 neglecta
2156 1603 2226 1660 94

154 1680 330 1757 gente
357 1677 630 1749 Isaurica.
702 1678 924 1758 'oppida
957 1681 1081 1738 eius
1108 1680 1257 1737 intus
1285 1676 1511 1753 Isaura,
1539 1675 1861 1754 ‘Clibanuffi
1897 1678 2137 1737 Lalasis.

154 1762 406 1823 decurrit
436 1771 623 1821 autem
651 1762 722 1821 ad
751 1780 908 1821 mare
940 1762 1233 1821 Anemurii
1262 1761 1506 1838 regione
1536 1778 1710 1841 supra
1752 1761 1907 1821 dicti.
1976 1761 2141 1820 simili
2157 1782 2204 1816 οε

84 1866 136 1910 20
151 1846 324 1928 modo
358 1845 615 1905 omnibus
641 1846 736 1924 qui
769 1846 971 1906 eadem
998 1863 1368 1924 conposuere
1391 1845 1650 1921 ignorata
1678 1853 1766 1903 est
1791 1846 2141 1906 contermina

151 1929 237 1991 illi
267 1946 413 2010 gens
442 1928 828 1998 Homanadum
859 1947 1098 2006 quorum
1126 1932 1273 1988 intus
1305 1927 1576 2006 oppidum
1605 1928 1878 1989 Homana.
1946 1936 2141 1989 cetera

155 2012 396 2073 castella
428 2010 636 2071 mel
662 2013 814 2072 inter
845 2030 1086 2091 asperas
1119 2011 1397 2072 convallis
1430 2011 1625 2072 latent.

174 2175 179 2180 ,
325 2116 490 2197 (24.)
537 2116 792 2177 Insident
821 2119 1099 2176 verticem
1141 2116 1366 2175 Pisidae
1400 2116 1682 2193 quondam
1726 2114 2000 2195 appellati
2033 2107 2139 2174 So-

153 2199 322 2276 lymi,
370 2218 607 2279 quorum
648 2200 875 2260 colonia
912 2197 1238 2276 Caesarea,
1289 2198 1491 2258 eadem
1530 2198 1852 2259 Antiochia.
1929 2197 2142 2276 oppida

85 2297 136 2339 25
158 2282 454 2359 Oroanda,
486 2284 798 2360 Agalesos.
1943 2295 1946 2298 ’

236 2441 248 2454 ‚
328 2380 493 2458 (25.)
533 2380 654 2439 Hos
687 2379 922 2440 includit
946 2379 1233 2454 Lycaonia
1270 2379 1324 2438 in
1349 2377 1661 2439 Asiaticam
1691 2376 2138 2437 iurisdictionem
2155 2384 2223 2439 95

157 2479 364 2538 versa,
397 2479 525 2522 cum
556 2482 666 2543 qua
703 2465 1046 2530 conveniunt
1075 2462 1583 2538 Philomelienses,
1617 2461 1962 2536 Tymbriani,
1994 2460 2139 2519 Leu-

159 2544 378 2622 colithi,
412 2545 659 2622 Pelteni‚
691 2546 1024 2622 Tyrienses.
1084 2546 1267 2606 Datur
1298 2554 1356 2605 et
1383 2544 1691 2605 tetrarchia
1727 2562 1801 2603 ex
1830 2542 2139 2618 Lycaonia,

159 2645 270 2706 qua
311 2637 475 2707 parte
521 2629 781 2704 Galatiae
815 2631 1166 2690 contermina
1216 2638 1340 2704 est,
1400 2629 1706 2688 civitatium
1746 2624 1939 2700 XIIII,
1995 2626 2139 2684 urbe

86 2731 139 2774 30
161 2711 538 2771 celeberrima
577 2712 796 2784 Iconio.
875 2712 1063 2791 Ipsius
1096 2711 1420 2788 Lycaoniae
1467 2711 1834 2771 celebrantur
1876 2707 2142 2768 Thebasa

155 2795 213 2854 in
245 2793 468 2871 Taum,
501 2793 601 2855 Ide
631 2798 689 2856 in
720 2796 966 2855 confinio
1001 2795 1257 2858 Galatiae
1289 2804 1461 2872 atque
1493 2792 1918 2872 Cappadociae.
1979 2808 2029 2850 ‚a
2058 2790 2140 2851 la-

154 2886 281 2939 tere
313 2886 502 2938 autem
532 2880 653 2939 eins
685 2897 862 2958 super
891 2879 1278 2958 Pamphyliam
1307 2880 1540 2938 venIunt
1562 2877 1844 2938 Thracum
1877 2873 2138 2949 suboleS‚

153 2958 397 3036 Milyae,
431 2979 668 3040 quorum
694 2962 1002 3038 Arycanda
1033 2962 1323 3043 oppidum.
1432 3039 1439 3046 .

322 3076 491 3158 (26.)
534 3077 866 3157 Pamphylia
908 3088 1074 3139 antea
1115 3078 1425 3157 Mopsopia
1468 3077 1761 3156 appellata
1803 3081 1913 3135 est.
1982 3092 2137 3135 mare
2157 3083 2225 3140 96

89 3157 551 3240 &Pamphylium
586 3158 792 3222 Cilicio
834 3163 1102 3239 iungitur.
1189 3162 1399 3239 oppida
1444 3162 1595 3221 Sade
1640 3168 1698 3219 et
1741 3160 1800 3218 in
1828 3167 2020 3219 monte
2059 3157 2139 3216 A·

155 3242 455 3320 spendum,
480 3243 902 3320 Plantanistum,
918 3246 1129 3321 Perga.
1171 3244 1620 3322 promontorium
1640 3242 1934 3303 Leucolla.
1976 3257 2141 3300 mons

157 3324 555 3386 Sardemisus?
610 3345 806 3387 amnes
850 3322 1217 3403 Eurymedon
1253 3328 1406 3388 iuxta
1435 3326 1770 3407 Aspendum
1792 3320 2137 3403 fluens,-ca-
