2320 3650
208 96 330 159 252
934 109 995 179 c.
1030 110 1219 157 emm
1250 108 1546 158 suenum

202 268 300 341 lia,
343 266 671 344 Bangenos,
718 264 1034 343 Gangorae,
1081 249 1391 341 Chalybas,
1433 262 1713 340 Xoxinas,
1746 263 2040 342 Sirechas,
2073 267 2193 328 Da-

119 360 221 415 177
242 368 457 426 remas,
503 351 899 411 Domazames.
943 351 1100 437 quin
1130 359 1191 409 et
1221 348 1461 410 adcolas
1491 347 1610 409 Nili
1638 366 1673 408 a
1701 349 1899 425 Syene
1928 367 2043 409 ιιοιι
2073 351 2193 410 Ae-

204 433 457 512 thiopum
487 435 738 514 populos
769 434 874 494 sed
904 419 1160 493 A'rabum
1191 451 1325 492 esse
1349 433 1487 493 dicit
1516 451 1706 513 usque
1732 432 1997 508 Meroen,
2034 434 2193 494 Solis

205 535 436 596 quoque
481 519 784 598 oppidum,
831 517 986 596 quod
1028 534 1141 577 non
1180 516 1385 596 procul
1411 515 1716 596 Memphi‘
1698 535 1757 576 ιιι
1783 515 2045 615 Aegypti
2081 519 2193 576 situ

116 602 487 678 nediximus,
547 602 771 662 Arabas
826 603 1154 663 conditores
1194 600 1432 661 habere.
1519 610 1649 660 sunt
1695 609 1756 660 et
1808 602 1907 678 qui
1949 601 2237 660 alterio-s

200 703 324 744 rem
351 687 533 763 ripam
568 685 917 764 Aethiopiae
949 685 1207 746 auferant
1240 683 1659 763 adnectantque
1693 684 1955 744 Africae.
2033 686 2195 762 ripas

199 779 392 829 autem
416 770 715 830 incoluere
757 777 997 848 propter
1033 785 1258 846 aquam.
1331 785 1439 827 nos
1469 768 1677 828 relicto
1717 768 1929 846 cuique
1962 768 2192 828 intelle-

198 853 370 930 gendi
389 853 630 913 arbitrio
654 852 867 931 oppida
891 868 1003 930 quo
1027 851 1321 912 traduntur
1349 851 1547 911 ordine
1574 852 1858 930 utrimque
1885 867 2190 928 ponemus.

116 946 219 1001 178
387 937 553 1017 (35.)
619 937 672 998 A
714 937 909 1012 Syene
953 937 1110 1014 prius
1155 935 1406 995 Arabiae
1453 935 1636 995 latere
1693 953 1842 1013 gens
1885 932 2192 1013 Catadupi,

200 1019 407 1081 deinde
439 1021 745 1096 Syenitae,
791 1019 1003 1099 oppida
1037 1019 1403 1097 Tacompson
1435 1036 1601 1097 quam
1646 1019 1876 1097 quidam
1928 1017 2252 1097 appella-1⁰

119 1138 130 1147 κ
198 1112 403 1163 verunt
430 1101 717 1182 Ethicten,
761 1103 1049 1179 Aramum,
1095 1104 1409 1177 Sesamos,
1452 1102 1755 1178 Samduna,
1804 1100 2193 1164 Masindoma·

197 1206 347 1263 cum,
391 1186 648 1248 Arabeta
683 1196 741 1246 et
768 1186 1012 1264 Boggia,
1060 1185 1432 1264 Leupitorga,
1470 1184 1814 1259 Tautarene,
1850 1183 2192 1260 Mecindita‚

195 1269 346 1346 Noa,
395 1269 674 1348 Gloploa,
711 1266 988 1346 Gystate,
1027 1269 1306 1346 Megada,
1343 1269 1479 1344 Lea,
1516 1268 1724 1345 Renni,
1756 1269 1951 1347 Nups,
1984 1268 2191 1343 Direa,

198 1354 467 1431 Patigga,
511 1353 753 1429 Bacata,
800 1354 1088 1429 Dumana,
1132 1352 1426 1428 Rhadata,
1470 1353 1529 1411 in
1553 1370 1667 1432 quo
1705 1353 1842 1412 felis
1876 1370 2055 1412 aurea
2076 1369 2191 1430 pro

201 1438 312 1498 deo
359 1437 689 1514 colebatur,
731 1436 926 1496 Boron
979 1438 1036 1495 in
1085 1436 1539 1512 mediterraneo,
1586 1435 1795 1496 Mallos
1845 1453 2253 1515 proxumunus

115 1529 217 1586 179
232 1520 490 1582 Meroen.
561 1523 647 1582 sic
687 1520 880 1599 prodit
911 1519 1075 1579 Bion.
1160 1518 1302 1579 Iuba
1334 1518 1531 1579 aliter:
1577 1521 1850 1598 oppidum
1891 1521 1952 1578 in
1988 1527 2189 1579 monte

198 1605 556 1682 Megatichos
598 1606 746 1664 inter
798 1604 1130 1682 Aegyptum
1183 1611 1244 1662 et
1289 1602 1686 1682 Aethiopiam,
1748 1602 1905 1681 quod
1956 1601 2189 1662 Arabes

196 1688 433 1763 Myrson
462 1697 849 1765 vocaverunt,
896 1688 1028 1747 dein
1072 1686 1469 1765 Tacompson,
1511 1686 1816 1762 Aramum,
1862 1687 2188 1762 Sesamum,

196 1770 394 1848 Piden,
420 1771 700 1849 Mamuda,
726 1770 1016 1847 Orambin,
1040 1769 1282 1847 Utoera,
1313 1770 1598 1832 bituminis
1628 1771 1867 1846 fontem,
1892 1768 2187 1846 Amodita,

197 1855 436 1932 Prosda,
478 1856 743 1931 Parenta,
778 1854 981 1932 Mama,
1014 1854 1271 1930 Tesatta,
1302 1852 1517 1930 GallaS,
1555 1855 1762 1931 Zoton,
1799 1853 2275 1930 Graucomen,²·'

196 1938 469 2015 Emeum,
546 1940 903 2013 Pidisbotas,
956 1937 1720 2015 Hebdomecontaoometas,
1787 1937 2069 1998 Nometas
2123 1938 2191 1997 ἰι

197 2021 582 2082 tabernaculis
594 2024 858 2098 viventis,
876 2021 1112 2098 Cysten,
1135 2020 1570 2098 Macadagalen,
1594 2022 1970 2100 Proaprimin,
1991 2020 2186 2100 NupS,

199 2106 482 2183 Detrelin,
527 2107 724 2181 Patim,
781 2106 1138 2181 Ganbreves,
1184 2104 1553 2181 MagasneOS,
1596 2103 1956 2183 Segasmala,
2005 2102 2186 2165 Cran-

201 2190 352 2267 dala,
375 2190 610 2266 Denna,
636 2189 943 2268 Cadeuma,
969 2189 1166 2249 Thena
1182 2232 1200 2265 ,
1222 2188 1429 2266 Batha,
1457 2187 1678 2265 Alana,
1702 2187 1961 2267 Mascoa,
1985 2188 2187 2249 Scam-

196 2293 351 2350 mos,
395 2273 693 2334 Horamin
734 2274 950 2350 insula,
994 2272 1066 2332 ab
1095 2274 1166 2331 iis
1200 2270 1416 2349 Ahala,
1462 2271 1858 2350 Androgalim,
1903 2274 2249 2349 sesai-omn

115 2367 219 2422 180
239 2357 469 2433 Mallos,
512 2356 762 2435 Agolen.
835 2355 927 2416 Ex
959 2356 1196 2416 Africae
1226 2356 1410 2415 latere
1445 2355 1651 2416 tradita
1682 2364 1813 2415 sunt
1844 2356 2054 2416 eodem
2078 2371 2185 2416 no·

198 2444 348 2501 mine
382 2440 739 2520 Tacompsos
784 2442 965 2501 altera
1008 2441 1133 2499 sive
1180 2456 1315 2518 pars
1356 2440 1602 2518 prioris,
1644 2438 1966 2517 Moggore,
2007 2440 2182 2516 Saea,

197 2524 388 2600 Edos,
432 2524 768 2600 Plenariae,
815 2525 1035 2598 Pinnis,
1076 2521 1378 2600 Magassa,
1420 2521 1615 2598 Buma,
1653 2522 1971 2598 Linthuma,
2014 2523 2185 2603 Spin·

199 2618 347 2683 tum,
402 2608 630 2687 Sydop,
689 2607 950 2683 Censoe,
996 2607 1375 2682 Pindicitora,
1420 2606 1622 2683 Acug,
1681 2604 1921 2683 Orsum,
1977 2607 2182 2685 Sausa,

196 2692 576 2768 Maumarum,
613 2692 841 2767 Urbim,
884 2690 1126 2766 Molum,
1167 2691 1319 2768 quod
1363 2689 1631 2768 oppidum
1673 2687 1884 2751 Graeci
1914 2690 2247 2770 Hypatam·

163 2784 505 2852 ‚vocat-unt,
571 2775 899 2853 Pagoarca,
964 2774 1240 2850 ZmaneS,
1317 2773 1469 2833 unde
1533 2771 1826 2851 elephanti
1886 2775 2183 2853 incipiant,

105 2931 106 2934 Ἴ
196 2859 460 2935 Mambli,
505 2858 805 2935 Berressa,
840 2858 1138 2918 Acetuma.
1198 2857 1302 2917 fuit
1331 2856 1621 2936 quondam
1644 2865 1701 2915 et
1733 2854 1878 2935 Epis
1909 2856 2187 2937 oppidum

117 2952 214 3007 181
233 2952 430 3003 contra
474 2941 746 3018 Meroen,
793 2950 1094 3020 antequam
1143 2940 1289 3000 Bion
1329 2940 1616 3000 scriberet
1658 2939 1937 3001 deletum.
2022 2938 2191 3002 Haec

200 3036 328 3087 sunt
369 3026 593 3104 prodita
627 3044 810 3103 usque
843 3024 1119 3099 Meroen,
1163 3044 1238 3084 ex
1273 3023 1474 3101 quihus
1511 3024 1630 3083 hoc
1662 3033 1928 3102 tempore
1969 3022 2191 3094 nullm

203 3125 390 3186 prope
418 3118 662 3207 utroque
694 3109 878 3168 latere
924 3113 1129 3167 exstat.
1198 3116 1358 3167 certe
1388 3107 1724 3167 solitudines
1755 3126 1946 3187 nuper
1971 3093 2261 3172 reum-⁸-

200 3191 419 3248 tiavere
463 3192 707 3268 principi
740 3190 959 3249 Neroni
1002 3191 1158 3249 missi
1189 3190 1260 3250 ab
1305 3208 1377 3250 eo
1418 3191 1628 3250 milites
1659 3192 2013 3269 praetoriani
2054 3207 2205 3254 cun:

202 3269 424 3329 tribuno
457 3271 528 3331 ad
560 3273 1006 3350 explorandum,
1051 3273 1202 3333 inter
1242 3274 1465 3351 reliqua
1502 3274 1659 3334 bella
1691 3282 1749 3333 et
1774 3273 2189 3353 Aethiopicum
2286 3297 2295 3310 ·

206 3352 496 3429 cogitanti.
577 3353 869 3415 Intravere
900 3364 1085 3416 autem
1120 3366 1180 3416 et
1213 3374 1285 3417 eo
1321 3374 1476 3417 arma
1505 3356 1761 3417 Romana
1792 3356 1911 3419 divi
1936 3356 2187 3438 Augusti
2274 3347 2293 3364 ⁰
