2320 3650
590 142 750 190 NAT.
796 142 978 191 ms‘r.
1012 142 1279 193 -XI111.·1.
1312 123 1381 192 '2.
1419 131 1501 207 (3.
1551 118 1656 208 4.)'
1985 130 2157 192 857·

106 305 468 378 putrescunt.
504 282 660 356 ⁸‘vina
702 298 887 376 primo
930 298 1119 357 dulcia
1168 299 1561 358 austeritatem
1611 299 1774 358 annis
1816 299 2121 377 accipiunt.
2239 350 2250 363 s

103 383 343 444 Etruria
380 381 536 441 nulla
572 383 753 459 magis
787 382 906 440 vite
940 383 1172 459 gaudet.
1222 381 1295 441 Et
1316 382 1597 442 hactenus
1628 384 1927 459 potissima
1958 382 2118 442 nobi·
2139 393 2210 448 25

106 468 244 528 litas
270 468 438 527 datur
468 464 864 544 peculiaribus
894 475 1067 545 atque
1106 466 1438 526 vernaculis
1470 465 1693 526 ltaliae.
1756 475 1994 527 ceterae
2027 468 2123 534 ad·

105 569 353 612 venere.
415 569 450 610 e
487 547 632 609 Chio
666 549 934 609 Thasove
969 549 1256 610 Graecula
1289 562 1404 610 non
1444 550 1687 610 inferior
1720 550 1979 610 Amineis
2021 552 2124 611 bo-

51 657 78 697 s
102 638 290 696 nitate
310 679 326 710 ,
362 643 710 712 praetenera
734 635 901 694 acino
916 679 933 709 ,
968 643 1036 694 et·
1046 653 1160 695 uva
1183 645 1296 694 tam
1319 652 1499 713 parva
1522 643 1590 693 ut
1606 635 1715 693 nisi
1745 636 2125 714 pinguissimo

103 720 242 781 solo
281 719 486 778 colere
520 734 636 777 non
669 720 872 797 prosit.
934 720 1238 796 eugeniam
1270 717 1734 779 Tauromenitani
1779 718 1965 779 colles
1998 736 2126 778 cum

99 804 520 882 generositatis
553 803 899 880 cognomine
921 805 1137 862 misere
1162 802 1392 864 Albano
1415 812 1628 864 tantum
1653 821 1795 880 agro
1812 849 1831 881 ,
1858 805 2124 882 quoniam

98 889 317 949 tralata
369 888 559 947 statim
606 896 868 947 mutatur.
943 905 1190 965 namque
1235 897 1327 946 est
1374 887 1585 967 aliquis
1626 897 1816 948 tantus
1863 887 2124 948 locorum

102 987 273 1034 amor
314 980 376 1031 ut
420 970 644 1032 omnem
685 973 743 1030 in
782 972 853 1029 iis
883 972 1129 1048 gloriam
1167 989 1325 1032 suam
1363 972 1694 1051 relinquant
1736 991 1848 1033 nec
1886 990 2126 1051 usquam

43 1065 407 1125 ntranseant
458 1065 637 1115 totae.
712 1056 869 1134 quod
914 1066 975 1115 et
1022 1057 1078 1114 in
1119 1054 1362 1117 Raetica
1393 1056 1901 1136 Allobrogicaque
1952 1066 2209 1135 quarum

99 1159 284 1221 supra
309 1141 558 1218 picatam
580 1139 1002 1219 appellavimus
1035 1142 1249 1215 evenit,
1278 1140 1430 1200 domi
1459 1140 1752 1201 nobilibus
1773 1160 1887 1201 nec
1908 1140 2123 1218 adgno·
2150 1169 2194 1203 ιο

99 1223 342 1286 scendis
372 1223 531 1283 alibi.
580 1223 866 1284 fecundae
889 1233 1080 1284 tamen
1104 1223 1376 1284 bonitatis
1401 1227 1528 1286 vice
1556 1226 1782 1304 copiam
1807 1233 2123 1304 praestant,

102 1310 360 1387 eugenia
390 1309 756 1369 ferventibus
792 1308 978 1384 locis,
1028 1307 1271 1369 Raetica
1315 1309 1689 1388 temperatiS,
1738 1308 2125 1386 Allobrogica

98 1393 357 1472 frigidis,
388 1392 528 1470 gelu
558 1401 956 1476 maturescens
984 1401 1041 1453 et
1067 1394 1271 1453 colore
1295 1394 1478 1470 nigra.
1529 1391 1620 1451 Ex
1643 1393 1731 1453 his
1756 1410 1900 1471 quas
1932 1391 2117 1452 adhuc
2139 1399 2210 1455 2⁷

43 1505 82 1546 15
102 1478 355 1555 diximus
375 1523 392 1552 ,
421 1476 526 1537 sed
557 1479 729 1538 etiam
761 1495 794 1537 e
823 1477 1007 1555 nigris
1024 1522 1040 1553 ,
1080 1479 1215 1538 vina
1235 1485 1526 1538 vetustate
1554 1478 1614 1535 in
1643 1477 1838 1537 album
1861 1476 2124 1536 colorem

99 1558 424 1645 nfflnseunt.
492 1562 754 1641 reliquae
788 1561 1110 1640 ignobiles,
1144 1553 1454 1641 aliquando
1482 1569 1673 1621 tamen
1707 1560 1858 1634 caeli
1886 1571 1982 1620 aut
2014 1560 2126 1619 soli

99 1662 292 1726 opera
321 1648 459 1706 vino
487 1646 696 1706 fallunt
723 1650 1100 1722 vetustatem,
1140 1648 1307 1705 sicuti
1343 1645 1636 1705 Faecenia
1669 1648 1888 1706 etcum
1920 1664 1988 1705 ea
2019 1645 2123 1704 flo-

97 1749 245 1792 rens
278 1717 630 1806 Biturigiaca
663 1732 833 1790 acino
861 1731 1079 1806 rarior,
1129 1747 1431 1809 numquam
1468 1728 1628 1789 floris
1665 1727 1936 1805 obnoxii,
1981 1746 2122 1808 quo-

86 1817 256 1883 niam
300 1834 422 1876 non
462 1814 776 1893 favonium
822 1814 1171 1875 antecedunt
1212 1815 1520 1894 ventisque
1582 1822 1642 1874 et
1699 1812 1977 1874 imbribus
2031 1833 2124 1874 re·

43 1902 345 1976 msistunt,
389 1898 665 1958 meliores
702 1908 891 1959 tamen
923 1899 1251 1976 algentibus
1294 1899 1443 1959 locis
1481 1916 1650 1978 quam
1695 1898 1950 1975 calidis,
1983 1901 2122 1959 umi-
2189 1941 2190 1944 ,

98 1986 192 2046 dis
254 2001 424 2061 quam
478 1982 821 2043 sitientibus.
916 1983 1124 2043 visulla
1184 1984 1387 2061 grandi
1457 1984 1642 2060 magis
1700 2000 1869 2062 quam
1933 1984 2114 2044 denso
2136 1990 2207 2045 28

96 2085 345 2128 uvarum
406 2077 607 2145 partu,
673 2068 959 2146 inpatiens
1017 2068 1289 2127 variantis
1352 2066 1537 2142 caeli,
1610 2067 1717 2127 sed
1772 2076 1973 2127 contra
2036 2078 2119 2127 te-

94 2169 309 2212 norem
352 2169 519 2211 unum
562 2152 780 2228 algoris
826 2160 1100 2212 aestusve
1145 2161 1438 2211 constans.
1504 2168 1653 2229 quae
1699 2152 1885 2211 minor
1920 2160 2009 2210 est
2046 2169 2122 2209 ex

96 2253 177 2296 eo
209 2252 436 2313 genere
463 2236 690 2295 melior.
750 2236 809 2295 in
839 2236 1114 2312 eligendo
1156 2235 1286 2294 solo
1319 2251 1553 2295 morosa
1583 2236 1783 2313 pingui
1815 2237 2116 2313 putrescit,

43 2319 314 2400 sgracili
361 2320 589 2378 omnino
642 2337 757 2379 non
807 2320 1095 2398 provenit.
1176 2319 1421 2379 mediam
1481 2320 1823 2397 temperiem
1869 2317 2121 2379 delicate

93 2405 363 2484 quaerit,
397 2403 473 2464 oh
499 2404 613 2463 hoc
630 2399 873 2464 'Sabinis
896 2403 1144 2464 collibus
1167 2403 1485 2464 familiaris.
1549 2420 1660 2462 uva
1687 2403 1812 2462 eius
1843 2402 2120 2463 indecora

89 2490 263 2563 visu,
313 2504 528 2567 sapore
580 2488 845 2549 iucunda.
916 2489 1025 2548 nisi
1064 2496 1284 2547 matura
1331 2488 1595 2565 protinus
1640 2488 1897 2566 rapitur,
1949 2488 2120 2546 etiam

90 2590 215 2633 non
247 2581 596 2650 putrescens
628 2574 800 2633 cadit.
867 2580 1068 2632 contra
1102 2572 1413 2649 grandines
1447 2588 1573 2631 eam
1617 2579 1810 2631 tuetur
1849 2570 2121 2630 foliorum

91 2657 424 2736 amplitudo
460 2666 636 2736 atque
669 2658 893 2717 duritia.
946 2656 1050 2735 [4.]
1096 2655 1364 2732 Insignes
1396 2656 1506 2715 iam
1550 2654 1755 2715 colore
1790 2657 1940 2715 inter
1981 2674 2114 2733 pur·
2137 2664 2206 2721 29

43 2758 69 2799 o
91 2759 320 2822 pureas
352 2742 668 2820 nigrasque
706 2740 980 2802 helvolae
1011 2741 1250 2819 saepius
1283 2739 1577 2799 variantes
1623 2748 1682 2798 et
1724 2739 1800 2799 ob
1841 2738 1899 2799 id
1934 2741 2119 2799 varia-

87 2845 210 2886 nae
242 2843 276 2885 a
307 2825 651 2903 quibusdam
683 2824 1037 2903 appellatae.
1098 2823 1431 2902 praefertur
1465 2824 1522 2883 in
1552 2823 1641 2883 his
1669 2825 1923 2902 nigrior,
1968 2831 2120 2883 utra·

89 2929 214 2990 que
247 2910 489 2970 alternis
524 2910 684 2969 annis
716 2908 958 2985 fertiliS,
999 2909 1103 2969 sed
1132 2909 1343 2967 melior
1371 2910 1541 2984 vino,
1573 2926 1709 2967 cum
1740 2909 1993 2987 parcior.
2048 2906 2123 2966 Et

88 2995 383 3074 praeciae
414 2995 527 3055 duo
563 3010 785 3071 genera
815 2993 1205 3070 magnitudine
1249 2993 1398 3053 acini
1432 2993 1865 3068 discernuntur,
1913 2990 2119 3069 quibus

85 3078 378 3138 materies
409 3078 670 3156 pluruma
699 3095 927 3156 uvaque
965 3077 1097 3136 ollis
1127 3077 1460 3154 utilissima,
1506 3076 1707 3136 folium
1741 3076 1875 3155 apio
1910 3076 2116 3135 simile.

43 3183 64 3223 5
84 3162 394 3223 Baliscam
422 3161 765 3221 Durrachini
792 3161 1123 3238 celebrant,
1155 3161 1468 3240 Hispaniae
1500 3160 1847 3221 coccolobin
1877 3170 2108 3222 vocant.
2133 3169 2206 3224 30

86 3248 294 3307 rarior
336 3263 447 3306 uva
490 3254 685 3305 aestus
734 3255 1081 3325 austrosque
1129 3246 1380 3323 tolerat,
1424 3246 1601 3325 capiti
1641 3247 1899 3323 inimica,
1948 3246 2118 3324 copia

85 3332 286 3408 larga.
320 3329 636 3408 Hispaniae
661 3329 774 3389 duo
800 3349 1017 3409 genera
1044 3332 1168 3391 eius
1192 3331 1425 3402 faciunt,
1450 3349 1619 3390 unum
1647 3331 1904 3409 oblongo
1925 3332 2113 3402 acino,

86 3415 348 3475 alterum
408 3411 679 3473 rotunde.
752 3418 1098 3478 novissimas
1145 3415 1513 3477 vindemiant.
1593 3434 1709 3494 quo
1753 3416 1979 3477 dulcior
2023 3421 2113 3473 est

181 3519 329 3557 ΡιῐΝ.
360 3518 488 3556 ΝΑΤ.
517 3518 652 3559 Ηῐετ.
691 3503 755 3559 11.
1712 3503 1788 3563 17
2171 3547 2275 3621 Δ
