2320 3650
184 114 265 177 84
430 157 443 172 .
728 138 734 156 ·
875 126 936 174 c.
971 128 1164 175 rum
1195 126 1495 175 securim

93 289 309 345 224aut
341 299 415 339 ex
439 280 553 340 alio
580 279 723 340 orbe
758 291 1070 341 convectas
1099 282 1244 341 avis.
1285 281 1615 339 semiferum
1643 288 1704 339 et
1740 282 1931 358 ipsum
1956 284 2178 361 animal,

179 367 270 425 cui
299 366 516 425 vivaria
546 365 602 422 in
649 365 818 424 doliis
851 366 1002 424 idem
1041 365 1137 442 qui
1169 365 1324 442 apris
1355 366 1613 424 instituit.
1681 381 1795 441 qua
1833 365 1891 423 in
1923 384 1997 424 re
2031 378 2179 429 nota»

177 458 295 508 tum
333 467 450 508 non
495 451 842 525 congregari
887 450 997 507 nisi
1041 447 1341 526 popularis
1371 448 1630 528 eiusdem
1656 447 1843 509 silvae
1863 458 1957 521 et,
2013 453 2064 510 si
2093 454 2178 511 mi·

159 541 450 599 „sceantur
482 533 870 610 alienigenae,
905 550 1070 592 amne
1101 532 1199 591 vel
1230 541 1423 592 monte
1461 532 1719 607 discreti,
1756 534 2002 591 interire
2029 534 2177 595 dimi-

181 618 386 677 cando.
449 619 751 693 genitores
792 634 930 675 suos
972 616 1171 675 fessos
1212 625 1449 676 senecta
1496 616 1653 674 alunt
1689 617 1898 692 insigni
1943 619 2210 696 pietates

180 702 400 762 senium
434 701 623 760 finitur
654 699 893 759 hiberna
927 701 1140 777 quiete.
1190 700 1401 760 conditi
1435 701 1583 758 enim
1614 709 1671 760 et
1701 699 1758 758 hi
1787 699 2023 760 cubant.
2067 721 2176 763 rur-

181 801 277 844 sus
303 782 535 845 'aestate
565 787 964 859 iuvenes-cunt,
1018 784 1188 843 simili
1220 793 1277 842 et
1309 784 1499 842 nitelis
1535 785 1749 861 quiete.

94 878 196 933 225
339 868 438 929 58.
477 868 641 946 (83.)
686 867 795 927 Hic
825 869 1024 928 mirum
1058 883 1266 927 rerum·
1281 877 1537 928 naturam
1559 885 1672 934 non
1696 868 1884 927 solum
1917 869 2036 930 alia
2062 871 2177 931 aliis

180 953 418 1013 dedisse
467 953 641 1010 terris
686 951 949 1011 animalia
975 952 1080 1010 sed
1127 953 1186 1010 iu
1227 952 1434 1011 eodem
1472 968 1705 1030 quoque
1749 953 1861 1011 situ
1903 956 2178 1032 quaedam

179 1035 391 1112 aliquis
422 1034 569 1093 locis
604 1052 875 1111 negasse.
930 1037 986 1093 in
1014 1034 1233 1094 Messia
1261 1035 1406 1096 silva
1438 1035 1638 1095 Italiae
1667 1053 1782 1095 non
1804 1037 1914 1095 nisi
1934 1040 1996 1097 in
2022 1048 2176 1116 parte
2190 1055 2222 1095 ιο

179 1121 550 1195 reperiuntur
583 1120 640 1178 hi
671 1120 872 1194 glireS.
935 1120 991 1177 in
1020 1117 1195 1194 Lycia
1225 1119 1514 1178 dorcades
1546 1137 1663 1179 non
1693 1128 1995 1182 transeunt
2028 1140 2176 1181 mon·

180 1203 275 1275 tis,
311 1210 370 1261 et
403 1202 490 1261 his
521 1203 695 1262 vicini
735 1205 937 1280 onagri
977 1212 1230 1262 montem
1275 1205 1389 1280 qui·
1416 1199 1845 1282 Cappadociam
1896 1223 1928 1263 a
1981 1192 2178 1266 Cilicia

180 1286 400 1346 dividit.
465 1287 522 1345 in
563 1286 948 1366 Hellesponto
979 1288 1037 1346 in
1072 1287 1294 1346 alienos
1328 1288 1454 1345 finis
1496 1305 1611 1346 non
1654 1298 1960 1347 conmeant
2006 1291 2179 1364 cervi,

183 1378 241 1429 et
282 1372 438 1431 circa
468 1370 846 1449 Arginussam
868 1370 1152 1449 Elaphum
1181 1380 1430 1430 montem
1460 1389 1573 1430 non
1606 1373 1916 1446 excedunt,
1951 1374 2182 1433 auribus

97 1457 385 1517 226etiam
415 1457 473 1514 in
503 1465 695 1516 monte
742 1457 914 1515 fissis,
973 1457 1028 1513 in
1063 1455 1424 1514 Poroselene
1479 1455 1670 1517 insula
1708 1457 1857 1530 viam
1899 1458 2181 1517 mustelae
2199 1480 2230 1519 ιε
2271 1413 2305 1514 ⁴

178 1555 295 1597 non
324 1548 638 1599 transeunt.
700 1540 979 1599 Boeotiae
1025 1538 1337 1599 Lebadeae
1380 1538 1590 1599 inlatae
1634 1540 1820 1599 solum
1865 1542 2060 1618 ipsum
2104 1542 2182 1601 fu·

181 1624 344 1698 giunt
386 1641 534 1701 quae
582 1625 736 1683 iuxta
777 1624 834 1681 in
871 1622 1238 1682 Orchomeno
1283 1631 1404 1681 tota
1451 1641 1588 1682 arva
1635 1622 1917 1682 subruunt
1966 1624 2183 1703 talpae,

181 1723 418 1781 quarum
450 1726 482 1765 e
512 1708 771 1785 ‘pellibus
803 1706 1153 1766 cubicularia
1193 1706 1743 1784 vidimusstragula.
1796 1707 1945 1766 adeo
1986 1726 2063 1767 ne
2097 1727 2183 1768 re-

179 1788 319 1866 ligio
353 1791 583 1869 quidem
614 1808 645 1850 a
672 1792 956 1870 portentis
985 1787 1292 1851 submovet
1316 1790 1577 1851 delicias.
1632 1792 1689 1850 in
1717 1789 1913 1852 Ithaca
1944 1792 2186 1872 lepores

180 1873 342 1932 inlati
374 1876 688 1933 moriuntur
727 1877 1000 1935 extremis
1048 1876 1279 1952 quidem
1321 1876 1378 1932 in
1427 1872 1719 1949 litoribus,
1766 1877 1823 1934 in
1865 1874 2074 1935 Ebuso
2125 1878 2237 1936 lim

95 1963 197 2019 22⁷
213 1956 437 2016 toribus
461 1958 730 2034 cuniculi,
763 1967 987 2017 scatent
1019 1960 1174 2018 iuxta
1205 1959 1476 2037 Hispania
1507 1958 1967 2037 Baliaribusque.
2009 1960 2190 2035 Cyre·

180 2041 268 2099 nis
298 2050 487 2101 mutae
523 2042 689 2101 fuere
719 2060 938 2118 ranae,
983 2043 1173 2102 inlatis
1208 2063 1241 2102 e
1285 2044 1616 2102 continente
1660 2043 1967 2103 vocalibus
2028 2045 2195 2104 durat

179 2141 367 2201 genus
397 2144 611 2186 earum.
662 2135 850 2186 mutae
881 2135 1009 2185 sunt
1037 2128 1210 2186 etiam
1243 2145 1393 2185 nunc
1425 2127 1481 2183 in
1513 2127 1764 2204 Seripho
1795 2127 2006 2191 insula.
2057 2147 2194 2188 eae·

180 2208 312 2268 dem
357 2210 474 2270 alio
514 2210 758 2270 tralatae
796 2220 1035 2285 canunt,
1102 2211 1259 2288 quod
1315 2210 1587 2269 accidere
1632 2219 1693 2268 et
1733 2211 1791 2269 in
1830 2211 1962 2270 lacu
2008 2211 2193 2272 Thes·

152 2293 362 2353 >saliae
398 2295 649 2354 Sicendo
682 2295 924 2355 tradunt.
991 2296 1047 2353 in
1088 2293 1253 2354 Italia
1290 2294 1545 2357 muribus
1571 2295 1816 2354 -araneis
1864 2306 2250 2356 venenatum

183 2384 274 2435 est
302 2395 550 2454 morsus,
585 2379 826 2438 eosdem
850 2378 1093 2437 ulterior
1119 2377 1426 2455 Apennino
1452 2379 1619 2454 regio
1645 2395 1761 2437 non
1784 2377 1984 2438 habet.
2022 2380 2199 2440 iidem
2299 2386 2305 2451 ἤ

180 2458 526 2539 ubicumque
560 2472 720 2537 sunt,
757 2463 998 2521 orbitam
1028 2464 1076 2520 si
1111 2464 1418 2536 transiere,
1452 2463 1785 2522 moriuntur.
1846 2464 1906 2521 in
1938 2461 2198 2541 Olympo

96 2541 592 2606 228Macedoniae
612 2554 807 2605 monte
841 2563 957 2604 non
983 2554 1115 2604 sunt
1143 2546 1265 2624 lupi
1293 2547 1483 2605 necin
1507 2545 1681 2605 Creta
1709 2546 1917 2606 insula.
1963 2546 2051 2606 ibi
2071 2549 2197 2626 qui·

183 2627 313 2689 dem
342 2646 462 2689 nec·
481 2630 692 2708 volpes
737 2631 933 2689 ursive
974 2639 1145 2708 atque
1188 2631 1417 2689 omnino
1461 2630 1679 2689 nullum
1708 2630 2046 2690 maleficum
2077 2632 2198 2691 ani·
2303 2648 2304 2671 ³

95 2709 340 2793 {fflimal
360 2722 606 2790 ”praeter
635 2713 1024 2793 phalangium.
1082 2714 1276 2773 aranei
1307 2715 1365 2774 id
1394 2732 1581 2792 genus
1605 2713 1862 2774 dicemus
1887 2732 2002 2774 suo
2033 2715 2253 2779 loco-so
2303 2736 2304 2741 ¹

182 2797 497 2857 mirabilius
525 2799 582 2856 in
616 2798 821 2858 eadem
850 2798 1034 2857 insula
1059 2816 1273 2858 cervos
1303 2807 1711 2877 praeterquam
1740 2799 1797 2857 in
1821 2797 2197 2873 Cydoneata-
2303 2824 2304 2827 ¹

181 2898 306 2940 rum
338 2883 582 2958 regione
614 2898 731 2941 non
760 2899 929 2957 esse,
970 2883 1107 2941 item
1136 2900 1313 2961 apros
1347 2891 1405 2941 et
1431 2891 1756 2959 attagenas,
1795 2883 2119 2943 irenaceos
2146 2883 2198 2941 in
2303 2886 2304 2899 ¹

181 2964 381 3025 Africa
412 2975 599 3026 autem
630 2984 740 3026 nec
770 2982 944 3045 apros
978 2984 1088 3025 nec
1122 2984 1333 3027 cervos
1363 2984 1475 3026 nec
1506 2984 1755 3045 capreas
1783 2983 1894 3033 nec
1922 2984 2127 3028 ursos.

98 3055 203 3109 229
340 3050 439 3109 59.
465 3049 631 3130 (84.)
656 3051 774 3110 Iam
789 3051 1070 3129 quaedam
1096 3051 1358 3111 animalia
1377 3049 1662 3127 indigenis
1684 3051 1918 3110 innoxia
1932 3052 2199 3112 advenas

98 3174 101 3177 .
183 3131 529 3206 interimunt,
575 3136 723 3194 sicut
753 3145 1062 3212 serpentes
1086 3138 1249 3213 parvi
1273 3137 1329 3193 in
1350 3134 1649 3210 Tirynthe,
1677 3152 1823 3212 quos
1844 3143 2009 3199 terra
2037 3133 2261 3196 nescias

140 3256 143 3277 ,
185 3210 462 3286 proditur.
510 3216 648 3276 item
672 3220 728 3277 in
753 3220 920 3292 Syria
950 3237 1169 3295 angues
1210 3220 1367 3278 circa
1392 3217 1706 3295 Euphratis
1732 3235 2001 3279 maxume
2038 3222 2200 3298 ripas

186 3291 519 3353 dormientis
546 3301 727 3374 Syros
748 3318 862 3359 non
883 3303 1165 3379 attingunt
1187 3312 1301 3379 aut,
1320 3303 1543 3363 etiamsi
1570 3302 1777 3367 calcati
1792 3303 2200 3373 mordere,

187 3388 305 3431 non
322 3378 637 3447 sentiuntur
651 3383 956 3460 maleficia,
971 3384 1098 3444 aliis
1127 3387 1542 3463 cuiuscumque
1564 3387 1756 3462 gentis
1782 3384 2004 3460 infesti,
2026 3383 2203 3446 avide
2303 3434 2304 3461 ¹
