2320 3650
512 124 674 208 nar.
706 122 888 170 ms‘r.
921 119 1096 170 v1111.
1121 118 1363 173 31--35.
1393 111 1701 190 (51—55.)
1992 113 2110 174 105
2141 174 2144 177 ,
2232 75 2235 78 ¹

79 283 221 342 illas
257 278 470 338 beluas
500 278 636 337 talis
680 284 1021 355 tantasque,
1057 294 1201 355 quas
1238 277 1514 354 diximus,
1552 296 1661 356 per
1686 286 1775 338 tot
1795 280 1981 338 maria
2010 299 2111 340 ve·
2134 298 2158 333 4

75 366 338 438 nientis,
385 372 501 421 tam
542 363 722 438 longo
766 370 1049 420 terrarum
1091 369 1279 420 tractu
1326 379 1359 419 e
1405 363 1575 422 tantis
1608 362 1753 422 solis
1786 364 2110 424 ardoribus.

79 459 269 529 atque
300 446 459 507 Indis
497 463 731 525 quoque
767 447 824 504 in
864 443 1083 504 insulas
1118 452 1390 522 petuntur
1426 455 1484 505 et
1519 447 1819 506 admodum
1873 465 2112 525 paucas.

74 532 449 594 fertilissima
481 538 573 589 est
602 514 950 607 Taprobane
986 536 1045 587 et
1076 529 1330 604 Stoidis,
1364 537 1425 588 ut
1456 528 1699 589 diximus
1732 534 1789 590 in
1816 532 2060 591 circuitu
2085 530 2190 607 ᾖξ’

44 616 303 691 smundi,
339 616 477 674 item
508 613 792 674 Perimula
817 615 1274 691 promontorium
1296 611 1514 673 Indiae.
1570 618 1891 694 praecipue
1923 625 2115 675 autem
2158 690 2161 694 Ι

76 700 396 762 laudantur
429 700 587 757 circa
617 697 890 757 Arabiam
922 698 979 756 in
1013 697 1254 757 Persico
1290 699 1415 757 sinu
1450 700 1624 757 maris
1654 698 1855 759 Rubri.
1903 698 2084 777 Origo
2100 709 2200 764 107

77 796 263 863 atque
313 784 578 860 genitura
628 781 890 841 conchae
931 791 1021 841 est
1066 781 1204 841 haut
1249 782 1486 842 multum
1521 791 1844 842 ostrearum
1876 784 2116 844 conchis

77 870 391 931 differens.
451 867 557 926 has
591 865 689 925 ubi
718 865 990 943 genitalis
1021 867 1152 939 anni
1185 866 1487 926 stimularit
1515 867 1681 942 hora,
1712 867 2018 946 pandentis
2049 887 2115 927 se

80 953 339 1034 quadam
371 952 718 1010 oscitatione
759 950 1245 1028 inpleri-roscido
1289 961 1578 1029 conceptu
1615 952 1879 1028 tradunt,
1923 954 2116 1029 gravi-

44 1035 444 1115 tdas‘postea
488 1036 658 1110 eniti,
706 1043 1047 1113 partumque
1078 1033 1428 1094 concharum
1472 1054 1608 1095 esse
1637 1037 1977 1114 margaritas
2008 1052 2116 1115 pro

80 1120 370 1201 qualitate
416 1120 570 1178 roris
603 1120 854 1197 accepti.
931 1121 981 1178 si
1020 1135 1199 1196 purus
1241 1118 1566 1196 influxerit,
1615 1122 1930 1181 candorem
1980 1138 2115 1179 con·

82 1206 261 1284 spici,
298 1205 348 1263 si
378 1220 524 1263 vero
557 1202 839 1280 turbidus,
874 1211 932 1263 et
959 1203 1138 1262 fetum
1170 1203 1544 1262 sordescere.
1608 1205 1854 1265 eundem
1886 1206 2117 1284 pallere

82 1289 260 1350 cae'lo
292 1290 546 1347 minante
571 1296 939 1365 conceptum.
1003 1306 1079 1346 ex
1124 1304 1197 1346 eo
1236 1289 1454 1365 quippe
1489 1297 1759 1348 constare
1782 1335 1799 1365 ,
1848 1288 2116 1369 caelique

83 1375 174 1435 eis
204 1374 488 1433 maiorem
532 1373 879 1431 societatem
918 1390 1054 1431 esse
1087 1390 1257 1449 quam
1287 1373 1483 1447 maris,
1515 1373 1649 1432 inde
1679 1373 1933 1432 nubilum
1970 1374 2117 1433 trahi

44 1458 358 1519 sco'lorem
390 1466 489 1517 aut
518 1473 627 1534 pro
664 1456 1229 1537 Glaffissiemfltsstfna
1277 1463 1567 1515 serenum'.
1647 1459 1695 1515 si
1727 1448 2078 1535 tempestive
2098 1467 2202 1521 108

83 1544 392 1617 satientur,
424 1525 822 1618 grandeffire
849 1550 928 1600 ,ει
962 1550 1182 1619 partus.
1242 1541 1289 1598 si
1320 1540 1599 1618 fulguret,
1645 1542 1925 1619 conprimi
1968 1558 2116 1601 con·

84 1627 231 1687 ciras
285 1643 358 1685 ac
406 1642 514 1703 pro
568 1625 744 1684 ieiuni
785 1625 966 1685 modo
1020 1626 1216 1683 minui.
1291 1625 1341 1683 si
1403 1642 1548 1684 vero
1609 1627 1780 1686 etiam
1837 1628 2113 1701 tonuerit,

85 1710 335 1790 pavidas
374 1727 445 1769 ac
489 1718 736 1787 repente
779 1726 1133 1787 conpressas
1170 1727 1321 1788 quae
1366 1718 1581 1769 vocant
1615 1709 1957 1787 physemata
1990 1710 2115 1769 effi-

84 1812 267 1871 cere,
329 1795 535 1873 specie
580 1793 754 1854 modo
791 1796 942 1854 inani
1014 1793 1240 1853 inflatas
1292 1795 1417 1854 sine
1483 1811 1756 1873 corpore.
1811 1795 1922 1855 hos
1979 1813 2116 1855 esse

44 1878 445 1941 vco‘ncharum
487 1878 745 1938 abortus.
806 1880 932 1939 sani
970 1878 1202 1959 quidem
1247 1889 1447 1957 partus
1494 1880 1800 1958 multiplici
1851 1889 2119 1940 constant

87 1973 246 2040 cute,
277 1980 394 2022 non
425 1965 727 2042 inproprie
762 1962 973 2023 callum
1002 1972 1065 2023 ut
1096 1964 1430 2024 existumari
1457 1967 1726 2043 corporis
1763 1967 1971 2043 possit.
2010 1967 2114 2024 ita·

83 2068 200 2129 que
234 2056 634 2126 expurgantur
664 2066 695 2107 a
729 2049 952 2126 peritis.
1001 2049 1182 2107 miror
1209 2050 1340 2126 ipso
1373 2057 1588 2110 tantum
1615 2068 1718 2108 eas
1745 2049 1911 2109 caelo
1944 2058 2201 2127 gau-109

86 2134 255 2209 dere,
311 2132 444 2191 sole
468 2131 773 2191 rufescere
813 2132 1243 2209 candoremque
1287 2134 1538 2211 perdere
1564 2142 1626 2191 ut
1675 2151 1889 2211 corpus
1921 2132 2114 2192 huma-

85 2234 238 2278 num.
302 2232 483 2295 quare
532 2217 908 2294 praecipuum
957 2216 1286 2276 custodiunt
1317 2216 1627 2294 pelagiae,
1674 2216 1845 2276 altius
1885 2234 2116 2275 mersae

44 2313 258 2381 ⁵quam
287 2309 354 2360 nt
383 2298 696 2379 penetrent
737 2300 901 2360 radii.
969 2300 1290 2360 flavescunt
1332 2311 1523 2360 tamen
1571 2309 1632 2359 et
1679 2300 1818 2360 illae
1874 2309 2117 2360 senecta

85 2387 371 2464 rugisque
405 2392 772 2463 torpescunt,
796 2403 909 2444 nec
931 2386 1040 2444 nisi
1064 2386 1119 2442 in
1149 2386 1636 2445 iuventa'constat
1666 2384 1770 2444 ille
1806 2387 1906 2464 qui
1938 2401 2111 2463 quae-

87 2472 233 2529 ritur
257 2471 450 2547 vigor.
517 2479 890 2528 crassescunt
934 2470 1102 2528 etiam
1134 2470 1192 2526 in
1224 2477 1464 2529 senecta
1501 2468 1864 2548 conchisque
1898 2470 2111 2530 adhae-

88 2563 362 2630 rescunt,
407 2571 524 2612 nec
566 2552 654 2615 his
686 2552 862 2612 avelli
903 2562 1118 2632 queunt
1148 2554 1259 2612 nisi
1300 2554 1454 2613 lima.
1518 2552 1726 2632 quibus
1757 2572 1867 2626 una
1901 2563 2118 2613 tantum

89 2646 181 2698 est
199 2639 398 2698 *facies
433 2647 493 2696 et
515 2636 587 2696 ab
616 2654 686 2696 ea
715 2638 1058 2712 rotunditas,
1092 2639 1318 2697 aversis
1355 2638 1648 2717 planities,
1687 2636 1763 2696 ob
1791 2636 1849 2697 id
1894 2647 2114 2715 tympa-

44 2723 183 2781 oni’a
215 2724 607 2782 nominantur.
680 2721 1050 2781 cohaerentis
1111 2721 1372 2781 videmus
1426 2724 1482 2781 in
1530 2720 1770 2781 conchis
1813 2710 1926 2781 hac
1980 2722 2117 2780 dote

86 2802 384 2884 unguenta
435 2805 997 2865 circumferentibus.
1070 2815 1273 2865 cetero
1303 2806 1361 2865 in
1393 2824 1541 2885 aqua
1573 2805 1767 2865 mollis
1798 2807 1967 2883 unio,
2016 2822 2115 2863 ex-

92 2896 317 2970 emptus
344 2892 613 2969 protinus
638 2889 914 2949 durescit.

213 2975 391 3054 (55.)
437 2971 678 3033 Concha
733 2976 891 3052 ipsa,
932 2992 1059 3033 cum
1102 2992 1326 3034 manum
1369 2975 1543 3052 vidit,
1592 2974 1898 3053 conprimit
1946 2985 2204 3036 sesello

90 3058 401 3159 operitque
455 3075 603 3136 opes
636 3076 770 3118 suas
804 3076 982 3135 gnara
1014 3067 1261 3136 propter
1289 3059 1423 3118 illas
1458 3079 1522 3120 se
1551 3060 1710 3138 peti,
1750 3076 2112 3136 manumque,

44 3136 534 3222 s'drpraeveniat,
580 3143 714 3222 acie
739 3160 841 3201 sua
883 3141 1149 3202 abscidat
1180 3141 1337 3202 nulla
1367 3144 1604 3204 iustiore
1637 3160 1862 3222 poena,
1897 3151 1955 3203 et
1987 3142 2115 3202 aliis

88 3229 297 3287 munita
330 3227 662 3306 suppliciis,
698 3228 916 3305 quippe
952 3228 1101 3285 inter
1130 3225 1412 3304 scopulos
1442 3229 1624 3288 maior
1647 3245 1784 3307 pars
1808 3228 2112 3286 invenitur.

88 3308 291 3373 in'alto
324 3326 564 3390 quoque
596 3312 939 3370 comitantur
979 3311 1211 3369 marinis
1247 3310 1516 3387 canibuS,
1564 3331 1678 3372 nec
1719 3322 1909 3372 tamen
1942 3330 2114 3385 aures

91 3392 433 3456 feminarum
476 3382 767 3455 arcentur-⁵.
830 3393 1074 3468 Quidam
1115 3395 1346 3455 tradunt
1406 3396 1556 3456 sicut
1592 3397 1797 3476 apibus
1830 3398 1907 3456 ita
1940 3386 2193 3457 con-‘111

2172 3524 2270 3580 A
