2320 3650
550 130 712 178 NAT.
748 129 933 180 mar.
964 130 1113 179 vm.
1149 126 1351 182 7-—10.
1388 119 1658 197 (7—10.)
2047 120 2162 180 Χ4ίῖ

157 289 342 350 nistro
374 285 608 348 femine.
668 284 745 343 ita
774 283 1035 361 pendeas
1065 284 1315 346 alterumv
1341 284 1858 364 poplitemdextra
1884 285 2073 345 caedit
2094 304 2165 345 ac

161 378 476 451 praeacuta
516 368 752 447 bipenni
790 367 905 427 hoc
949 385 1119 429 crure
1148 370 1371 429 tardato
1407 369 1745 447 profugiens
1791 370 2030 429 alterius
2059 386 2164 447 po-

156 455 318 533 plitis
362 470 576 512 nervos
618 452 782 525 ferit,
831 461 1057 518 cuncta..
1082 453 1412 529 praeceleri
1461 454 1804 531 pernicitate
1852 470 2163 529 peragenti.

158 539 262 600 alii
294 537 504 597 tutiore
535 553 779 613 genere,
813 536 918 594 sed
949 538 1133 613 magis
1162 527 1380 611 fallaci,
1431 537 1681 613 ingentis
1714 553 1885 595 arcus
1914 538 2166 597 intentos

110 648 137 687 5
163 622 422 698 defigunt
452 619 604 678 humi
636 619 887 695 longiuS.
957 620 1069 681 hos
1111 622 1411 698 praecipui
1458 620 1672 679 viribus
1714 622 1955 679 iuvenes
1986 622 2165 680 conti-

161 715 337 779 nent,
379 703 477 765 alii
520 704 712 762 conixi
754 703 878 780 pari
923 714 1129 764 conatu
1174 705 1524 766 contendunt
1564 722 1635 763 ac
1666 705 2165 781 praetereuntibus

160 790 501 867 sagittarum
523 785 1088 864 venabulaiafigunt,
1113 805 1249 852 mox
1274 789 1566 865 sanguinis
1583 788 1849 864 vestigiis
1874 797 2165 848 secuntur.

292 872 349 932 9.
392 870 517 949 (9.)
560 869 1014 949 Elephantorum
1047 874 1285 948 generis
1317 872 1565 932 feminae
1603 872 1781 931 multo
1813 872 2166 949 pavidiores.
2185 875 2252 931 27

161 957 464 1018 domantur
504 964 693 1015 autem
738 954 922 1016 rabidi
966 956 1116 1016 fame
1149 965 1208 1015 et
1249 956 1628 1030 verberibus,
1674 956 2000 1033 elephantis
2042 955 2169 1032 aliis

84 1067 143 1106 ,ιό
160 1041 411 1104 admotis
448 1040 550 1116 iqui
593 1037 1021 1114 tumultuantem
1076 1041 1296 1100 catenis
1331 1047 1663 1101 coerceant.
1735 1049 1794 1099 et
1834 1040 1990 1110 alias*
2013 1041 2171 1100 circa

165 1126 353 1188 coitus
393 1140 658 1183 maxume
684 1120 1016 1196 *efferantur
1058 1134 1118 1183 et
1162 1124 1386 1184 stabula
1427 1125 1696 1185 Indorum
1720 1124 1988 1184 dentibus
2022 1134 2167 1183 ster·

151 1217 319 1272 nunt.
376 1216 736 1285 quapropter
789 1217 990 1267 arcent
1034 1225 1138 1267 eos
1199 1210 1352 1267 coitu
1402 1208 1855 1287 feminarumque
1896 1209 2173 1286 pecuaria

160 1300 465 1369 separant,
521 1308 668 1367 quae
725 1289 861 1350 haut
910 1292 1024 1351 alio
1073 1292 1250 1351 modo
1300 1310 1467 1370 quam
1521 1301 1906 1351 armentorum
1935 1291 2167 1351 hahent.

168 1376 365 1436 domiti
410 1374 651 1434 militant
682 1383 739 1433 et
773 1377 944 1434 turris
978 1384 1324 1442 armatorum
1371 1376 1427 1433 in
1458 1375 1645 1435 hostis
1675 1376 1885 1448 ferunt,
1939 1393 2170 1452 magna·

99 1483 147 1521 15
172 1478 287 1537 que
332 1476 408 1517 ex
451 1466 617 1537 parte
685 1458 924 1518 orientis
975 1458 1147 1523 bella,
1182 1459 1508 1518 conficiunt.
1543 1467 1945 1537 ‘prosternunt
1988 1460 2169 1532 acieS‚

168 1551 473 1621 proterunt
520 1549 792 1601 armatoS.
874 1542 1045 1601 iidem
1103 1543 1350 1602 minumo
1405 1544 1522 1602 suis
1587 1542 1835 1602 stridore
1885 1551 2173 1601 terrentur

167 1626 573 1704 volneratique
608 1634 667 1686 et
696 1626 877 1686 territi
903 1635 1062 1686 retro
1093 1644 1329 1705 semper
1362 1626 1574 1686 cedunt
1615 1626 1751 1686 haut
1790 1627 2010 1685 minore
2042 1642 2170 1703 par·

166 1711 304 1772 tium
350 1727 576 1776 suarum
620 1710 898 1786 pernicie.
965 1710 1218 1771 Indicum
1266 1710 1449 1770 Africi
1497 1721 1710 1788 pavent
1757 1728 1870 1769 nec
1911 1709 2172 1770 contueri

162 1793 400 1869 iaudent,
445 1797 573 1855 nam
603 1802 663 1852 et
690 1795 870 1857 maior
899 1792 1108 1855 Indicis
1140 1795 1470 1872 magnitudo
1504 1804 1611 1855 est.

84 1904 148 1946 20
301 1877 407 1937 10..
430 1875 598 1955 (10.)
641 1876 862 1937 Decem
894 1880 1056 1939 annis
1077 1889 1314 1956 gestare
1338 1881 1395 1938 in
1416 1889 1583 1956 utero
1606 1879 1818 1957 volgus
1844 1879 2167 1953 existumat,
2188 1885 2257 1940 28

167 1961 521 2022 Aristoteles
553 1961 808 2037 biennio,
840 1981 952 2032 nec
975 1965 1222 2041 amplius
1243 1983 1414 2042 quam
1439 1965 1622 2023 semel
1647 1967 1891 2040 gignere
1918 1962 2171 2041 plurisve

162 2063 336 2126 quam
387 2044 677 2121 singulos,
738 2046 940 2107 vivere
985 2047 1223 2106 ducenis
1257 2049 1415 2106 annis
1465 2058 1522 2107 et
1567 2048 1858 2125 quosdam>
1897 2048 2171 2107 trecenis,

166 2133 397 2191 iuventa
422 2145 621 2187 eorum
644 2146 675 2187 a
706 2132 1073 2206 sexagesimo
1098 2132 1313 2207 incipit.
1352 2129 1610 2191 Gaudent
1636 2131 1894 2190 amnibus
1910 2148 2172 2190 maxume

166 2224 230 2275 et
266 2214 422 2272 circa
453 2211 660 2275 fluvios
690 2222 1000 2289 vagantur,
1035 2232 1164 2272 cum
1213 2213 1470 2290 alioquin
1503 2232 1642 2273 nare
1684 2224 1927 2291 propter
1957 2215 2169 2290 magni·

88 2324 149 2365 25
169 2297 425 2359 tudinem
477 2297 742 2373 corporis
802 2313 916 2356 non
977 2299 1220 2374 possint.
1282 2296 1453 2356 iidem
1515 2297 1752 2372 frigoris
1804 2299 2167 2374 inpatientes.

168 2397 492 2441 maxumum
519 2378 634 2439 hoc
667 2380 892 2439 malum.
941 2380 1405 2457 inflationemque
1438 2389 1496 2439 et
1527 2380 1869 2458 profluvium
1914 2380 2030 2440 alvi
2062 2399 2173 2440 nec

168 2464 285 2526 alia
314 2463 645 2523 morborum
680 2481 899 2539 genera
945 2465 1209 2525 sentiunt.
1280 2464 1396 2543 olei
1427 2473 1566 2542 potu
1608 2464 1726 2523 tela
1757 2481 1906 2541 quae
1938 2465 2173 2543 corpori

168 2565 372 2609 eorum
413 2546 749 2613 inhaereant
803 2547 1080 2607 decidere
1121 2548 1375 2623 invenio,
1417 2566 1448 2607 a
1482 2548 1694 2607 sudore
1725 2557 1916 2607 autem
1943 2548 2171 2608 facilius

168 2632 620 2693 adhaerescere.
688 2641 746 2691 et
794 2640 1004 2695 terram
1049 2631 1241 2691 edisse
1280 2631 1370 2690 his
1406 2631 1697 2691 tabificum
1736 2640 1857 2705 est,
1903 2633 2010 2690 nisi
2037 2650 2168 2691 sae-
2188 2641 2257 2695 29

90 2716 304 2793 30pius
343 2714 626 2777 mandant.
691 2715 972 2774 devorant
1017 2724 1205 2775 autem
1250 2725 1307 2773 et
1348 2714 1593 2794 lapides.
1643 2725 1895 2776 truncos
1944 2715 2172 2792 quidem

169 2798 499 2877 gratissimo
530 2800 589 2861 in
623 2796 815 2863 cibatu
848 2798 1079 2861 habent.
1144 2799 1363 2876 palmas
1408 2800 1774 2860 excelsiores
1817 2798 2168 2876 fronte—peo-
2218 2806 2224 2821 “

171 2891 450 2957 sternunt,
486 2891 660 2961 atque
688 2882 768 2941 ita
793 2883 1099 2942 iacentium
1127 2882 1429 2945 absumunt
1450 2883 1714 2944 fructum.
1746 2882 2013 2942 mandunt
2036 2898 2168 2958 cre,

170 2964 393 3043 spirant
416 2974 475 3025 et
500 2965 699 3027 hibunt
731 2964 1159 3043 odoranturque
1183 2964 1319 3029 haut
1339 2967 1638 3045 inproprie
1661 2967 1964 3046 appellata·
1979 2981 2168 3027 manu.

171 3049 517 3111 Animalium
540 3068 823 3117 maxume
869 3050 1049 3110 odere
1081 3067 1319 3124 murem,
1371 3060 1428 3109 et
1461 3052 1510 3110 si
1539 3050 1809 3128 pabulum
1839 3053 1898 3109 in
1930 3062 2169 3128 praese-

91 3133 270 3218 ⁹5pio
302 3134 550 3212 positum
583 3135 791 3211 attingi·
819 3133 890 3194 ah
922 3151 994 3195 eo
1027 3134 1227 3195 videre
1256 3133 1565 3194 fastidiunt.
1606 3137 1918 3194 cruciatum
1952 3136 2012 3192 in
2031 3143 2171 3211 potu

173 3235 493 3285 maxumum
523 3220 772 3280 sentiunt
799 3218 1003 3281 hausta
1030 3218 1313 3292 hirudine,
1347 3235 1517 3295 quam
1547 3220 1958 3293 sanguisugam
1977 3218 2165 3293 welgo

148 3304 451 3389 &coepisse
484 3302 768 3379 appellari
806 3303 1088 3362 adverto..
1139 3302 1284 3373 haec
1317 3300 1411 3360 ubi
1458 3302 1516 3359 in
1558 3301 1688 3378 ipso
1732 3303 1954 3361 animae
1985 3301 2170 3362 canali

174 3398 245 3444 se
279 3384 420 3459 fixit,
453 3385 813 3447 intolerando
846 3385 1037 3447 adlicit
1068 3385 1294 3446 dolore.
1331 3384 1705 3445 Durissimum
1731 3385 1913 3445 dorso
1949 3394 2166 3461 tergus,
2186 3392 2256 3443 3ο

2205 3506 2304 3518 .-

2125 3532 2169 3568 A
2181 3524 2184 3525 γ
