2320 3650
638 135 799 183 ΝΑΤ.
833 135 1015 184 ms‘r.
1050 135 1142 183 v1.
1179 130 1415 188 17—-18-
1461 108 1762 205 (as—22.)
1908 89 1913 94 ’
2095 124 2218 187 229

222 289 375 350 inter
403 306 469 349 se
498 287 720 366 Imaus,
764 287 1053 365 Emodus,
1095 288 1513 367 Paropanisus,
1562 286 1891 367 Caucasum,
1935 308 1970 351 a
2017 292 2222 369 quihus

221 382 343 433 tota
397 372 649 433 decurrit
704 375 760 432 in
809 373 1103 451 planitiem
1153 373 1466 432 inmensam
1520 376 1579 431 et
1621 372 1896 451 Aegypto
1954 376 2211 443 similem.
2237 384 2302 438 61

219 455 438 515 Verum
471 465 533 519 ut
561 465 794 517 terrena
828 456 1239 516 demonstratio
1272 455 1659 531 intellegatur,
1689 454 2006 537 Alexandri
2027 457 2219 535 Magni

221 540 489 616 vestigiis
519 540 848 599 insistimus.
922 539 1246 617 Diognetus
1280 549 1340 598 et
1367 539 1588 599 Baeton
1617 539 1877 598 itinerum
1910 541 2034 600 eius
2063 561 2220 601 men·

172 639 394 683 ssores
443 624 741 701 scripsere
794 641 827 683 a
885 624 1068 700 portis
1101 620 1344 700 'Caspiis
1388 621 1849 700 Hecatompylon
1888 623 2219 684 Parthorum

222 714 366 785 quot
398 705 647 765 diximus
668 706 822 766 milia
853 724 1023 781 esse,
1066 705 1200 765 inde
1231 705 1639 767 Alexandriam
1659 705 1881 780 Arion,
1930 725 2096 785 quam
2128 727 2217 766 ur·
2243 728 2291 762 ⁴4

190 780 433 849 ‘hemis
462 794 573 849 =rex
603 789 876 865 condidit,
921 787 1360 863 mxxv-mil„
1401 788 1834 867 Prophthasiam
1863 789 2221 866 Drangarum

222 870 539 932 cxovml
588 873 741 949 mil.,
808 872 1260 932 Arachosiorum
1311 872 1582 950 oppidum
1635 870 1850 931 DLXV
1893 873 2006 933 mil.
2029 917 2046 948 ,
2115 872 2219 932 Or·

221 965 527 1032 tospanum
570 953 714 1015 CCL
752 956 904 1032 mil.,
950 956 1082 1016 inde
1124 956 1197 1015 ad
1228 955 1545 1015 Alexandri
1596 955 1868 1034 oppidum
1899 955 1942 1015 L
1975 955 2049 1014 Μ.
2151 956 2214 1016 In
2236 968 2303 1023 62

150 1038 559 1118 inquibusdam
608 1039 1036 1117 exemplaribus
1085 1039 1301 1098 diversi
1349 1041 1571 1099 numeri
1599 1041 2000 1117 reperiuntur.
2072 1039 2220 1100 hane

220 1122 426 1183 urbem
448 1121 561 1182 ‘sub
594 1122 723 1200 ipso
754 1121 1018 1202 Caucaso
1053 1140 1190 1182 esse
1221 1123 1486 1200 positam.
1551 1122 1624 1183 ab
1645 1141 1727 1182 ‘ea
1758 1124 1829 1183 ad
1866 1124 2073 1183 flumen
2107 1121 2218 1181 Co-

221 1204 400 1286 pheta
458 1215 517 1265 et
573 1207 846 1284 oppidum
913 1204 1181 1266 Indorum
1233 1205 1616 1266 Peucolaum:
1651 1203 2050 1281 ccxxxvn,
2077 1208 2217 1281 mil.,

218 1289 376 1359 unde
415 1289 486 1369 ad
528 1289 745 1349 flumen·
774 1289 977 1351 Indumn
1016 1298 1074 1348 et
1105 1288 1378 1366 oppidum
1409 1288 1634 1348 Taxilla
1663 1287 1764 1349 LX
1805 1290 1955 1365 mil.,
2003 1290 2217 1365 ad-Hy·

222 1372 443 1450 daspen
484 1371 985 1433 fluviumffclarum
1017 1369 1177 1432 CXX
1219 1371 1373 1445 mil.,
1420 1372 1493 1431 ad
1523 1371 1798 1450 Hypasim
1831 1389 1958 1432 non
1992 1374 2216 1450 ignobi-

151 1475 204 1515 15
224 1456 429 1516 liorem
459 1457 623 1522 ῆι-
650 1474 655 1479 ·
737 1454 972 1531 CCXC,
1016 1457 1116 1533 ¹qui
1149 1455 1255 1514 fnit
1286 1455 1906 1515 Alexandri-itinerum
1947 1458 2221 1517 terminus

134 1586 141 1589 .
223 1546 577 1617 exsuperato
726 1558 798 1599 en
820 1556 992 1598 amne
1022 1539 1255 1617 arisque
1284 1538 1616 1598 inadversa
1645 1540 1770 1617 ripa
1803 1539 2023 1613 dicati-s,
2099 1544 2219 1617 epi-

222 1621 411 1691 stolae
457 1634 689 1702 quoque
714 1623 894 1699 'regis
934 1623 1114 1700 ipsius
1159 1623 1521 1682 consentiunt
1563 1622 1671 1681 his.
1714 1658 1726 1667 -
1772 1621 2020 1700 Reliqua
2079 1625 2210 1683 inde
2237 1633 2306 1687 63

214 1704 480 1767 Seleuco
511 1707 770 1766 Nicatori
816 1715 1122 1785 peragrata
1164 1714 1312 1765 sunt.
1379 1704 1453 1766 a'd
1483 1706 1729 1780 Sydrum
1760 1703 2042 1766 CLXVIII
2071 1707 2213 1779 mil,

222 1787 497 1850 Iomanen
538 1808 771 1852 amnem
822 1791 1149 1869 tantundem
1203 1789 1426 1869 (aliqua
1472 1789 1828 1867 exemplaria
1875 1791 2123 1868 adiciunt
2158 1791 2221 1849 -V

150 1873 380 1932 zomilia
422 1876 761 1952 passuum)-
813 1874 944 1934 inde
983 1874 1054 1934 ad
1095 1872 1334 1951 Gangen
1381 1872 1536 1934 CXII
1566 1871 1716 1949 mil.,
1762 1874 1834 1934 ad
1864 1873 2220 1953 Rhodaphan

196 1955 538 2025 »DLXVIJII
559 1957 675 2018 mil.
733 1957 861 2035 (alii
893 1954 1209 2017 CCCXXV
1236 1958 1350 2016 mil.
1376 1958 1433 2015 in
1462 1956 1575 2017 hoc
1599 1958 1785 2034 spatio
1810 1958 2112 2037 produnt),
2148 1960 2220 2018 ad

221 2036 559 2117 Calinipaza
603 2038 1170 2120 oppidum'CLXVII
1219 2040 1269 2099 D
1316 2040 1446 2117 (alii
1492 2038 1742 2101 CCLXV
1785 2040 1909 2119 M),
1949 2042 2103 2102 'inde
2147 2043 2219 2104 ad

226 2141 262 2183 c
461 2133 612 2184 ntem
653 2124 903 2184 Iomanis
941 2125 1121 2184 ¹amnis
1164 2133 1222 2183 et
1267 2122 1479 2199 Gangis
1520 2121 1789 2183 DCXXV
1822 2124 1880 2192 M
1920 2125 2218 2202 (plerique

225 2207 275 2266 a‘''
448 2221 451 2222 ’
510 2206 646 2270 XIII
686 2208 860 2286 mik),
905 2208 976 2267 ad
1022 2208 1409 2284 oppidumque
1450 2206 1777 2267 Palibothra
1832 2205 2217 2281 CCCCXXV,

150 2310 206 2351 25
227 2288 301 2350 ad
327 2292 533 2349 ostium
562 2290 774 2367 Gangis
794 2287 1173 2350 DCXXXVII
1199 2288 1249 2347 D
1281 2306 1433 2367 pass.
1485 2288 1864 2367 Gentesquas
1893 2307 2213 2350 memorare
2235 2298 2310 2355 64

223 2390 341 2433 non
365 2374 559 2451 pigeat
590 2391 623 2433 a
645 2373 929 2435 montibus
959 2370 1197 2432 Emodis
1216 2416 1233 2448 ,
1280 2388 1521 2449 quorum
1550 2376 2001 2449 promontorium
2030 2374 2218 2434 Imaus

222 2465 463 2518 vocatur
492 2456 819 2519 incolarum.
837 2455 1031 2532 lingua
1060 2457 1321 2515 nivosum
1345 2455 1739 2531 significante,
1776 2456 1954 2533 Isari,
1989 2454 2218 2532 Cosyri,

222 2537 340 2614 Izi,
383 2549 442 2598 et
475 2543 583 2617 pe'r
624 2540 757 2616 iuga
790 2537 1182 2615 Chisiotosagi
1204 2582 1221 2615 ,
1265 2538 1688 2616 multarumque
1712 2542 1967 2616 gentium
2000 2558 2217 2617 cogno-

223 2640 359 2681 men
386 2622 806 2697 Brachmanae,
845 2637 1085 2700 quorum
1107 2621 1599 2698 Maceocalingae.
1676 2622 1903 2683 flumina
1934 2623 2130 2684 Prinas
2162 2633 2221 2683 et

90 2778 99 2784 ὓ
150 2720 206 2762 3ο
228 2702 456 2780 Cainas,
483 2705 637 2784 quod
660 2706 717 2765 in
733 2704 970 2783 Gangen
992 2705 1192 2779 influit,
1219 2704 1388 2766 ambo
1410 2704 1770 2781 navigabilia.
1811 2715 2019 2783 gentes
2033 2705 2219 2766 Calin·

223 2805 338 2864 gae
359 2785 808 2867 mari-proxumi,
846 2798 905 2849 et
941 2806 1117 2866 supra
1139 2787 1412 2865 Mandat:
1425 2788 1586 2849 Malli
1620 2805 2046 2894 quorunbrnons
2077 2789 2218 2850 Mal-

223 2872 335 2948 lus,
374 2872 624 2951 finisque
649 2880 864 2933 tractus
898 2874 1022 2931 eius
1047 2871 1298 2949 Ganges.
1481 2879 1484 2882 ’
1887 2883 1896 2892 ·

354 2954 452 3016 18.
500 2954 668 3035 (22.)
715 2955 879 3016 Hune
902 2955 1006 3016 ‘alii
1038 2956 1275 3016 incertis
1305 2954 1561 3016 fontibus
1594 2964 1653 3016 ut
1687 2954 1878 3015 Nilum
1908 2957 2210 3032 rigantem·
2236 2963 2307 3028 65,

202 3055 339 3118 ‘que
371 3038 561 3098 vicina
595 3038 802 3099 eodem
832 3040 1005 3099 modo
1024 3085 1041 3113 ,
1086 3039 1184 3099 alii
1217 3040 1275 3097 in
1306 3039 1602 3114 Scythici-s
1629 3039 1914 3099 montibus
1942 3041 2104 3099 nasei
2135 3039 2216 3098 di·

66 3153 127 3190 «,
151 3142 204 3184 35
225 3129 452 3188 xerunt.
498 3122 738 3190 influere
762 3123 823 3187 iu
843 3142 971 3183 eum
985 3120 1204 3183 XVIIII
1218 3123 1418 3197 amniS,
1447 3139 1523 3181 ex
1542 3125 1613 3182 iis
1628 3122 1972 3199 navigabilis
1987 3133 2222 3201 praeter

224 3205 338 3266 iam
367 3204 556 3270 dictos
588 3204 971 3282 Crenaccam,
1015 3205 1572 3282 Rhamnumbovam,
1600 3204 1957 3282 Casuagum,
1983 3208 2216 3267 Sonam.

223 3287 464 3350 aliicum
474 3305 681 3365 magno
698 3288 932 3365 fragore
948 3291 1126 3368 ipsius
1149 3290 1336 3349 statim
1353 3289 1537 3350 ‘fontis
1561 3307 1887 3368 erumpere,
1912 3290 2220 3350 deiectum·

224 3388 340 3450 que
358 3381 468 3452 per
489 3371 801 3451 scopulosa
828 3382 886 3434 et
898 3372 1162 3453 abrupta,
1188 3371 1285 3433 uhi
1311 3373 1549 3452 primum
1576 3373 1767 3435 mollis
1794 3373 2060 3452 planities
2086 3389 2220 3434 con·

2209 3549 2212 3556 ι
2221 3545 2320 3559 Α-
