2320 3650
180 60 299 122 168
497 111 503 118 ,
871 67 933 116 ο.
965 69 1158 115 PLINI
1189 68 1490 115 securim

176 220 306 272 sunt
348 209 627 288 quaedam
657 207 861 284 albae,
896 226 1045 287 quae
1077 208 1243 267 bisin
1265 226 1466 268 mense
1508 210 1684 269 mella
1732 211 2021 287 faciunt,
2083 213 2235 270 circa

177 294 664 355 Thermodontem
711 303 900 353 autem
946 291 1177 353 fluvium
1221 292 1335 353 duo
1380 312 1639 371 genera,
1677 294 1950 356 aliarum
1988 316 2157 377 quae
2189 299 2235 356 in

175 378 477 439 arboribus
505 377 860 454 mellificant,
896 377 1133 438 aliarum
1165 394 1317 454 quae
1351 377 1458 436 sub
1488 387 1648 439 terra
1677 380 1920 458 triplici
1959 400 2232 442 cerarum
2288 417 2290 430 ·

91 476 162 528 60
179 463 415 538 ordine,
464 461 735 522 uberrimi
777 461 1146 541 proventus.'
1203 460 1503 522 Aculeum
1533 462 1743 541 apibus
1793 464 1981 524 dedit
2034 475 2234 526 natura

178 550 364 607 ventri
397 555 746 606 consertum.
817 548 889 608 ad
929 564 1098 607 unum
1128 548 1301 605 ictum
1332 545 1447 606 hoc
1477 547 1654 608 infixo
1686 549 1943 627 quidam
1972 569 2094 611 eas
2125 560 2290 616 sta-si

175 634 282 710 tim>
314 633 496 691 emori
538 639 766 709 putant,
799 631 976 710 aliqui
999 631 1242 690 nonnisi
1265 631 1322 691 in
1353 640 1567 691 tantum
1602 632 1818 693 adacto
1859 643 1932 693 ut
1968 636 2232 695 intestini
2288 629 2290 682 ἓ

175 718 468 795 quippiam
507 723 812 793 sequatur,
848 716 953 777 sed
991 716 1159 775 fucos
1209 723 1418 792 postea
1461 733 1595 775 esse
1641 735 1756 777 nec
1787 718 1991 779 mella
2031 720 2230 780 facere

175 801 337 860 velut
368 801 633 864 castratis
672 800 891 859 viribus
934 801 1268 879 pariterque
1313 808 1372 858 et
1401 818 1621 860 nocere
1666 810 1728 866 et
1771 803 2107 879 prodesse
2140 804 2227 862 de-

91 897 157 949 61
178 887 393 944 sinere.
452 893 542 942 est
585 884 642 942 in
674 884 959 963 exemplis
992 902 1178 962 equos
1214 882 1286 942 ab
1322 883 1393 942 iis
1424 887 1676 945 occisos.
1748 885 1972 946 Odere
2012 888 2228 950 foedos
2288 879 2290 890 '

113 982 120 986 ·
178 970 394 1029 odores
448 968 771 1046 proculque
823 969 1080 1047 fugiunt,
1125 969 1232 1029 sed
1287 975 1347 1026 et
1384 969 1573 1029 fictos.
1655 971 1864 1048 itaque
1919 983 2228 1051 unguenta
2242 983 2290 1030 ιο·

174 1053 496 1113 redolentis
532 1052 839 1128 infestant,
877 1055 1043 1131 ipsae
1068 1052 1459 1132 plurumorum
1483 1053 1814 1114 animalium
1848 1057 2110 1117 iniuriis
2134 1058 2225 1117 ob·

173 1139 403 1197 noxiae.
465 1137 786 1213 Inpugnant
843 1156 943 1197 eas
986 1149 1225 1199 naturae
1281 1139 1542 1199 eiusdem
1585 1139 1939 1215 degeneres
1996 1161 2225 1223 vespae

174 1233 348 1300 atque
395 1220 748 1296 crabrones,
799 1224 1037 1283 etiam-e
1086 1223 1335 1282 culicum
1365 1240 1586 1299 genere
1630 1225 1726 1301 qui
1760 1236 2083 1286 vocantur
2113 1245 2221 1285 mu·

174 1309 396 1382 lioneS,
439 1306 793 1385 populantur
831 1305 1171 1368 hirundines
1219 1317 1279 1366 et
1322 1307 1604 1386 quaedam
1635 1306 1790 1367 aliae
1832 1326 2020 1370 aves.
2092 1313 2221 1369 insi·

176 1393 399 1452 diantur
447 1391 788 1468 aquantibus
831 1408 1038 1468 ranae,
1084 1409 1235 1471 quae
1277 1409 1538 1451 maxuma
1571 1409 1769 1451 earum
1803 1404 1906 1452 est
1941 1396 2221 1473 operatio
2238 1418 2277 1458 ιε

88 1482 158 1536 62
174 1487 288 1537 tum
320 1494 448 1535 cum
478 1475 745 1535 subolem
773 1476 1006 1536 faciunt.
1068 1494 1180 1536 nec
1204 1476 1554 1552 haejantum
1584 1493 1734 1554 quae
1767 1486 1993 1554 stagna
2035 1481 2220 1540 rivos·
2288 1479 2290 1522 ἵ

176 1580 287 1639 que
321 1559 621 1636 obsident,
655 1578 858 1619 verum
890 1570 949 1619 et
992 1560 1237 1621 rubetae
1262 1560 1496 1622 veniunt
1526 1561 1681 1620 ultro
1716 1560 2223 1644 adrepentesque

172 1645 397 1704 foribus
429 1663 537 1722 per
562 1663 664 1704 eas
693 1644 941 1704 sufflant.
1005 1645 1075 1706 ad
1106 1647 1222 1706 hoc
1253 1646 1424 1726 statio
1458 1644 1729 1723 provolat
1763 1646 2220 1728 confestimque

175 1730 473 1807 abripitur.
533 1748 643 1788 nec
685 1731 903 1788 sentire
934 1731 1082 1791 ictus
1112 1731 1303 1807 apium
1335 1747 1510 1789 ranae
1542 1728 1864 1789 traduntur.
1941 1733 2217 1798 inimicae
2288 1731 2290 1780 ἰ

175 1823 232 1873 et
262 1831 407 1874 oves
447 1811 684 1873 difficile
727 1833 793 1873 se
831 1833 864 1873 e
910 1814 1054 1875 lanis
1100 1833 1296 1876 earum
1338 1812 1785 1894 explicantibus.
1855 1791 2290 1907 cancrorum}

174 1899 345 1958 etiam
376 1897 606 1973 odore,
631 1899 679 1956 si
711 1900 838 1977 quis
876 1901 1032 1960 iuxta
1065 1909 1312 1979 coquat,
1346 1900 1761 1959 exanimantur.

88 1991 159 2044 63
201 1996 206 1999 “
301 1981 469 2061 (20.)
521 1981 670 2056 Quin
703 1991 762 2041 et
807 1984 1045 2043 morbos
1077 1993 1283 2061 suapte
1315 1992 1517 2043 natura
1552 1985 1826 2042 sentiunt.
1887 1983 2084 2044 index
2115 2003 2209 2045 eo·

167 2084 295 2128 rum
327 2067 553 2126 tristitia
585 2076 826 2144 torpens
872 2076 930 2126 et
965 2086 1091 2127 cum
1125 2077 1260 2129 ante
1291 2068 1456 2128 fores
1486 2068 1543 2126 in
1577 2076 1848 2145 teporem
1883 2068 2045 2128 solis
2080 2087 2210 2148 pro·

171 2156 343 2213 motis
387 2151 537 2211 aliae
571 2151 737 2211 cibos
779 2152 1132 2230 ministrant,
1179 2171 1307 2212 cum
1343 2153 1645 2213 defunctas
1679 2161 2017 2228 progerunt
2049 2154 2209 2217 fune·
2288 2164 2290 2185 ²

88 2239 529 2316 fi4rantiumque
572 2253 733 2295 more
762 2238 1104 2297 comitantur
1135 2239 1469 2317 exsequias.
1545 2235 1713 2312 Rege
1746 2255 1820 2295 ea
1852 2246 2040 2314 peste
2074 2254 2290 2311 con-2⁵·

171 2331 401 2401 sumpto
432 2329 653 2380 maeret
698 2320 908 2398 plebes
951 2322 1164 2398 ignavo
1198 2323 1438 2397 dolore,
1477 2339 1591 2380 non
1630 2319 1796 2380 cibos
1832 2321 2204 2398 convehens,

170 2422 287 2467 non
318 2405 669 2485 procedens.
736 2407 885 2465 tristi
915 2413 1131 2465 tantum
1160 2424 1450 2471 murmure
1487 2405 1848 2482 glomeratur
1874 2407 2045 2469 circa
2078 2425 2201 2467 cor·

171 2510 280 2570 pus
353 2491 498 2548 eius,
596 2488 947 2549 subtrahitur
999 2491 1194 2569 itaque
1256 2491 1527 2552 diductae
1591 2486 1962 2549 multitudini.
2060 2491 2201 2565 alias

172 2582 509 2655 spectantes
542 2575 865 2634 exanimem
903 2574 1117 2634 luctum
1158 2592 1275 2634 non
1311 2576 1583 2634 minuunt.
1650 2582 1789 2635 tunc
1833 2591 2116 2652 quoque,
2146 2575 2200 2633 ni

172 2661 576 2735 subveniatur,
618 2658 772 2719 fame
800 2660 1134 2719 moriuntur.
1196 2659 1489 2721 hilaritate
1522 2644 1693 2735 igitss¹
1729 2665 1787 2715 et
1822 2658 2020 2719 nitore
2054 2659 2261 2727 sani-an

169 2757 258 2808 tas
290 2745 640 2807 aestimatur.
696 2744 792 2804 19.
830 2744 1065 2803 Sunt'et
1102 2746 1303 2822 operis
1331 2742 1535 2807 morbi.
1591 2760 1720 2802 cum
1743 2741 1917 2807 favos
1949 2759 2074 2802 non
2104 2762 2198 2815 ex-

161 2832 363 2910 pleat,
399 2829 602 2889 claron
644 2836 875 2889 vocant.
939 2829 1078 2888 item
1113 2827 1556 2907 blapsigonian,
1602 2827 1653 2885 si
1698 2826 1883 2885 fetum
1906 2846 2037 2899 non
2064 2846 2195 2907 per·

169 2930 200 2976 a
247 2924 359 2976 ant.
2170 2974 2177 2981 ι

84 3007 153 3062 65
204 2935 246 2994 g
296 2999 463 3078 (21.)
511 2997 745 3058 Inimica
792 3006 853 3057 et
896 2997 1173 3056 echo-est
1217 2997 1522 3061 resultanti
1571 3012 1751 3071 sono,
1796 2997 1896 3073 qni
1954 2978 2193 3074 pavidas

171 3082 399 3142 alterno
444 3083 640 3160 pulset
688 3084 826 3142 ictu.
888 3082 1118 3141 inImica
1163 3089 1221 3139 et
1264 3080 1498 3141 nebula.
1568 3080 1767 3140 aranei
1818 3097 2069 3159 quoque
2100 3076 2245 3153 vals
2288 3150 2290 3173 Ι

169 3180 431 3222 maxume
464 3165 730 3224 hostiles.
793 3178 921 3225 cum
966 3164 1355 3242 praevaluere
1386 3175 1448 3224 ut
1491 3166 1778 3238 intexant,
1820 3172 2087 3233 ‚enecant
2116 3162 2192 3225 al·

171 3262 299 3302 vos.
360 3247 578 3322 papilio
611 3251 782 3308 etiam
811 3251 1055 3329 ignavos
1088 3256 1147 3308 et
1178 3248 1553 3309 inhonoratus
1587 3247 1899 3315 luminibus
1924 3247 2195 3325 accensis

174 3325 527 3401 advolitans,
560 3332 828 3408 pestifer,
859 3351 971 3392 nec
998 3349 1113 3391 uno
1141 3332 1337 3395 modo.
1393 3351 1523 3393 nam
1554 3341 1611 3392 et
1642 3333 1772 3410 ipse
1806 3332 2191 3411 cerasfdem·
