2320 3650
694 100 876 148 ms'r.
906 100 1067 147 NAT.
1103 99 1168 146 V.
1200 94 1296 150 29.-
1324 84 1627 164 (29—-3-1.)
2033 83 2155 147 207

160 254 457 331 risdictio,
506 255 967 331 conveniuntque
990 254 1056 312 ‘in
1087 270 1213 312 eam
1245 260 1408 310 extra
1443 251 1775 328 praedictos
1804 248 2156 310 Macedones

164 338 434 413 Cadieni,
481 336 930 414 Philadelphini,
980 345 1038 395 et
1077 337 1189 413 ipsi
1230 336 1285 393 in
1314 334 1510 394 radice
1547 333 1731 394 Tmoli
1765 331 2021 409 Cogamo
2052 332 2155 392 flu·

161 423 294 482 mini
341 421 589 499 adpositi
630 419 914 495 Maeonii,
964 418 1331 496 Tripolitani,
1378 419 1549 477 iidem
1593 427 1651 477 et
1682 416 2156 494 Antoniopolitae

161 505 487 565 Maeandro
510 502 843 579 adluuntur,
891 501 1445 621 Apollonihieritae,
1492 499 1940 601 Mysotimolitae
1974 500 2157 561 etalii

117 587 470 665 5ignobiles.
668 632 669 635 η
1705 612 1718 619 „
2139 600 2148 621 ‘¹

335 671 501 749 (31.)
555 669 713 729 Ionia
753 669 826 729 ab
874 668 1031 729 Iasio
1067 669 1194 728 sinu
1238 669 1522 746 incipiens
1563 668 1959 726 numerosiore
2005 684 2119 725 am·
2137 677 2240 729 112

161 756 283 814 bitu
316 754 540 813 litorum
577 753 843 813 flectitur.
908 755 965 812 in
998 770 1065 812 ea
1096 753 1311 831 primns
1336 753 1492 810 sinus
1516 751 1819 826 Basilicus,
1849 749 2158 810 Posideum

45 859 61 866 ·
165 839 619 915 promontorium
662 844 719 894 et
766 836 1036 914 oppidum
1084 836 1378 895 oraculum
1413 834 1855 895 Branchidarum
1896 833 2154 911 appella·

163 930 316 994 tum,
362 918 1189 996 nunc'DidymaeiApolliniS,
1238 936 1269 977 a
1301 919 1471 978 litore
1507 918 1705 979 stadiis
1733 915 1875 990 XX,
1938 926 1995 977 et
2026 915 2156 983 inde

94 1025 161 1066 ιο
153 1001 428 1063 CLXXX
456 1001 687 1062 Miletus
726 1001 921 1062 Ioniae
962 1011 1168 1080 caput,
1210 1001 1480 1079 Lelegeis
1512 1011 1680 1061 antea
1721 1010 1779 1060 et
1822 1000 2055 1077 Pityusa
2099 1008 2157 1059 et

165 1086 477 1146 Anactoria
510 1088 824 1162 nominata,
877 1103 1052 1163 super
1064 1046 1184 1143 XC
1217 1084 1440 1145 urbium
1481 1092 1588 1162 per
1619 1093 1819 1144 cuncta
1853 1085 2037 1146 maria
2052 1101 2153 1169 ge

164 1168 386 1245 netrix,
426 1187 536 1228 nec
569 1169 882 1229 fraudanda
927 1170 1054 1228 cive
1086 1165 1300 1227 Cadmo
1345 1169 1440 1244 qui
1473 1169 1690 1244 primus
1732 1185 1994 1244 prorsam
2027 1184 2153 1228 ora·

165 1255 379 1312 tionem
422 1253 675 1312 condere
719 1252 972 1311 instituit.
1048 1253 1226 1310 amnis
1258 1250 1566 1310 Maeander
1614 1259 1774 1310 ortus
1819 1269 1851 1309 e
1894 1250 2023 1311 lacu
2066 1269 2121 1309 ιιι
2138 1262 2240 1314 113

163 1342 357 1395 monte
398 1335 732 1395 Aulocrene
776 1335 1170 1413 plurumisque
1223 1333 1460 1394 adfusus
1509 1333 1738 1412 oppidis
1786 1343 1845 1393 et
1896 1334 2157 1413 repletus

98 1448 147 1488 15
164 1418 489 1478 fluminibus
535 1419 786 1493 crebriS,
841 1420 918 1477 ita
962 1419 1230 1476 sinuosus
1277 1416 1523 1476 ssexibus
1572 1425 1633 1475 ut
1662 1434 1842 1494 saepe
1889 1419 2157 1477 credatur

164 1504 414 1577 reverti,
458 1502 811 1580 Apamenam
841 1503 1081 1578 primum
1115 1509 1466 1578 pervagatur
1493 1501 1826 1576 regionem,
1870 1517 2005 1558 mox
2041 1499 2154 1559 Eu·

163 1587 527 1660 meneticam,
562 1604 630 1645 ac
659 1585 790 1644 dein
820 1584 1231 1660 Hyrgaleticos
1263 1600 1531 1661 campos,
1574 1592 1871 1660 postremo
1908 1581 2154 1657 Cariam,

166 1669 429 1747 placidus
460 1669 758 1747 omnisque
795 1685 898 1727 eos
930 1684 1104 1744 agros
1135 1667 1491 1727 fertilissimo
1530 1667 1921 1743 riganssslimo,
1954 1667 2025 1726 ad
2057 1666 2153 1727 de·

167 1768 391 1812 cumum
421 1750 680 1811 a'Mileto
712 1752 954 1811 stadium
986 1751 1132 1811 lenis
1162 1749 1430 1810 inlabitur
1456 1751 1615 1810 mari.
1669 1750 1801 1810 inde
1835 1767 1998 1810 mons
2029 1749 2153 1811 Lat-

97 1853 323 1910 eomus,
357 1836 568 1913 oppida
597 1835 1122 1895 Heracleasmontis
1154 1836 1278 1895 eius
1310 1835 1708 1911 cognominiS,·
1728 1832 1955 1910 Carice,
1992 1829 2155 1909 M'yus

166 1918 320 1995 quod
354 1920 551 1997 ,primo
607 1919 931 1978 condidisse
993 1920 1168 1979 Iones
1229 1927 1527 1977 narrantur
1582 1917 1822 1977 Athenis
1880 1918 2153 1996 profecti,

164 2000 542 2077 Naulochum,
579 2001 801 2061 Priene.
873 2003 930 2061 in
965 2020 1066 2061 ora
1102 2019 1250 2080 quae
1286 2001 1539 2077 Troglea
1572 2001 1902 2079 appellatur
1940 2001 2157 2061 Gessus

164 2083 367 2145 amnis,
414 2086 580 2162 regio
617 2084 1127 2144 omnibuslonibus*
1152 2103 1318 2144 sacra
1349 2094 1407 2144 et
1441 2085 1573 2146 ideo
1598 2084 1870 2144 Panionia
1900 2083 2157 2162 appella-

163 2177 240 2227 ta.
315 2170 474 2230 iuxta
510 2187 540 2228 a
583 2169 839 2246 fugitivis
871 2168 1157 2228 conditum
1191 2169 1302 2246 (uti
1332 2184 1537 2227 nomen
1579 2168 1788 2227 indicio
1826 2170 1945 2245 est)
1978 2167 2241 2241 Plus-114

97 2278 146 2316 25
166 2251 299 2327 gela
337 2252 443 2311 fuit
495 2260 554 2311 et
598 2252 1003 2313 Marathesium
1047 2251 1339 2330 oppidum.
1427 2269 1603 2328 supra
1658 2251 1808 2311 haec
1859 2251 2155 2326 Magnesia

165 2334 458 2395 Maeandri
500 2338 843 2411 cognomine
885 2336 1158 2413 insignis,
1205 2353 1238 2394 a
1283 2334 1620 2393 Thessalica
1656 2332 1956 2411 Magnesia
2006 2343 2151 2393 orta.

166 2418 332 2477 abest
364 2419 437 2478 ab
467 2417 704 2497 Epheso
734 2417 843 2478 XV
875 2418 934 2479 M
964 2437 1255 2497 passuum,
1287 2416 1574 2478 Trallibus
1599 2433 1670 2475 eo
1696 2419 1937 2496 amplius
1959 2415 2151 2475 MMM.

166 2510 333 2561 antea
377 2502 773 2562 Thessaloche
807 2512 866 2561 et
895 2502 1217 2563 AndrolitIa
1263 2503 1548 2560 nominata
1577 2509 1635 2559 et
1692 2499 1844 2560 litori
1891 2501 2153 2578 adposita

165 2583 477 2645 Derasidas
510 2586 724 2645 insulas
755 2604 953 2644 secum
978 2586 1220 2644 abstulit
1252 2586 1410 2643 mari.
1455 2582 1609 2642 Intus
1634 2593 1693 2643 et
1715 2583 1987 2658 Thyatira
2020 2583 2117 2643 ad-
2141 2593 2238 2644 115

97 2690 147 2730 3ο
168 2667 559 2744 Ιιιίῐιιινῖιγοο,
593 2669 831 2746 Pelopia
865 2669 1169 2748 aliquando
1206 2677 1263 2727 et
1293 2666 1579 2745 Euhippia
1614 2669 2033 2743 cognominata.
2100 2668 2154 2726 in

167 2767 269 2810 ora
318 2749 503 2811 autem
553 2751 814 2828 Matium,
857 2751 1123 2830 Ephesus
1147 2750 1503 2812 Amazonum
1532 2767 1711 2827 opus,
1760 2750 1951 2809 multis
1988 2757 2152 2808 antea

168 2836 424 2913 expetita
456 2835 804 2896 nominibus,
891 2834 1148 2913 Alopes,
1203 2853 1331 2894 cum
1385 2841 1695 2912 pugnatum
1736 2833 1888 2912 apud
1909 2831 2155 2900 'Troiam

167 2926 290 2992 est,
321 2935 457 2978 mox
480 2917 741 2995 Ortygia,
773 2918 1060 2995 Amorges
1089 2925 1296 2977 vocata
1328 2925 1416 2975 est
1452 2926 1509 2976 et
1536 2916 1783 2991 Zmyrna⁴
1811 2915 2153 2991 cognomine

167 2998 442 3076 Trachia,
498 3011 556 3062 et
596 3001 950 3061 Haemonion
991 3010 1048 3061 et
1092 3001 1311 3061 Ptelea.
1408 2999 1685 3068 attollitur
1718 3008 1911 3058 monte
1953 2997 2153 3076 Pione,

97 3110 150 3148 35
167 3084 413 3144 adluitur
448 3083 744 3161 Caystro
727 3104 783 3144 m
814 3083 1086 3144 Cilbianis
1124 3085 1253 3143 orto
1284 3083 1613 3162 multosque
1639 3084 1814 3141 amnis
1847 3081 2151 3142 deferente

167 3176 227 3227 et
252 3176 515 3251 stagnum
536 3169 858 3246 Pegaseum
896 3168 1047 3245 quod
1091 3167 1355 3241 Phyrites
1387 3168 1563 3225 amnis
1608 3166 1867 3243 expellit.
1962 3166 2033 3226 ab
2064 3165 2156 3226 his

164 3251 462 3311 multitudo
493 3251 607 3312 limi
644 3260 735 3311 est
765 3270 876 3329 qua
906 3260 1092 3311 terras
1133 3258 1418 3328 propagat
1446 3249 1809 3326 mediisque
1793 3267 1904 3309 iam
1936 3249 2151 3327 campis

163 3334 373 3409 Syrien
414 3335 657 3398 insulam
695 3335 924 3396 adiecit.
987 3334 1118 3395 fons
1163 3335 1220 3393 in
1262 3333 1404 3394 urbe
1455 3329 1741 3411 Callippia
1782 3341 1841 3393 et
1878 3332 2148 3411 templum
