2320 3650
158 19 281 82 232
870 29 932 79 c.
964 30 1157 78 rum
1186 29 1487 79 saeuum

97 201 137 256 8
161 189 391 264 defluit,
438 188 490 248 si
528 199 642 246 non
689 194 819 246 sun
856 184 1006 247 haec
1044 184 1254 246 addita.
1314 182 1754 260 Unguentomm
1796 183 2168 263 expeditissi-

82 298 83 301 ¹
154 292 306 334 mum
348 271 455 332 fuit
494 271 881 349 primumque,
932 278 992 329 ut
1018 267 1338 329 verisimile
1379 276 1501 342 est,
1545 285 1580 326 e
1609 266 1761 342 bryo
1797 277 1862 328 et
1900 267 2169 329 balanino

82 361 165 439 ,ᾖ
193 358 364 431 oleo,
399 354 474 415 de
505 353 714 433 quibus
745 370 920 432 supra
948 352 1211 413 diximus.
1285 352 1533 413 increvit
1563 351 1777 412 deinde
1807 350 2172 413 Mendesium

74 466 143 501 wo
159 441 450 514 balanino,
477 438 695 512 resina,
726 450 936 512 murra,
966 437 1269 514 magisque
1285 437 1602 513 etiamnum
1629 438 1920 515 metopio.
1969 436 2171 496 ole-

155 526 269 587 hoc
292 530 384 586 est
426 521 749 600 amygdalis
782 521 987 581 amaris
1028 536 1370 599 expressum
1409 521 1467 580 in
1509 519 1829 597 Aegypto,
1876 521 1974 580 cui
2014 520 2160 581 addi·
2181 541 2209 580 s

156 609 300 669 dere
331 607 728 686 omphacium,
763 605 1220 680 cardamomum,
1253 605 1515 679 iuncum,
1548 604 1869 680 calamum,
1900 604 2058 679 mel,
2091 605 2168 664 vi·

155 711 321 766 num,
358 707 638 765 murram,
690 706 890 767 semen
928 688 1207 763 balsami,
1239 687 1584 769 galbanum,
1617 689 1879 749 resinam
1922 688 2169 749 terebin-

100 784 133 838 9
154 777 386 837 thinam.
446 773 813 835 E-vilissimis
848 774 1079 851 quidem
1109 771 1403 850 hodieque
1433 781 1527 831 est
1546 816 1563 846 ,
1597 771 1672 831 ob
1702 772 1763 833 id
1798 773 2094 834 creditam
2115 780 2172 833 et

156 862 213 920 in
252 858 673 920 vetustissimis=
703 875 873 933 esse,
928 857 1083 934 quod
1126 865 1353 917 constat
1400 854 1537 916 oleo
1588 864 1859 931 myrteo,
1931 857 2167 929 calamo,

157 959 479 1022 cupresso,
513 958 733 1019 cypro,
768 941 1052 1016 lentisco,
1094 940 1229 999 mali
1267 941 1492 1016 granati
1522 941 1765 1000 cortice.
1836 940 1951 1000 sed
2000 939 2227 1002 dimi-1·

155 1037 292 1106 gata
316 1043 579 1086 maxume
605 1034 898 1102 unguenta
922 1024 1269 1085 crediderim
1298 1041 1456 1099 rosa,
1490 1042 1641 1101 quae
1659 1024 1942 1102 pluruma
1969 1022 2172 1102 ubique

155 1111 426 1189 gignitur.
487 1110 684 1188 itaque
739 1109 1164 1187 simplicissima
1213 1108 1440 1169 rhodini
1484 1109 1741 1169 'mixtura
1779 1107 1886 1168 diu
1933 1109 2049 1169 fuit
2085 1108 2170 1169 ad-

158 1196 293 1265 ditis
340 1192 683 1272 omphacio,
744 1193 891 1254 flore
943 1210 1154 1267 rosae,
1209 1193 1483 1267 crocino,
1531 1189 1867 1268 cinnabari,
1931 1193 2169 1266 calamo,

74 1291 141 1342 lo
160 1278 369 1355 melle,
408 1278 618 1353 iunco,
662 1278 801 1338 salis
831 1277 979 1337 flore
1009 1285 1107 1337 aut
1146 1275 1432 1352 anchusa,
1475 1277 1631 1336 vino.
1693 1276 1911 1338 similis
1939 1279 2092 1338 ratio
2121 1284 2173 1336 et

154 1366 213 1424 in
255 1363 495 1423 crocino
536 1362 740 1423 additis
789 1361 1117 1444 cinnabari,
1169 1359 1458 1435 anchusa,
1509 1360 1666 1433 vino.
1751 1344 2006 1422 similis*
2025 1370 2082 1420 et
2123 1363 2226 1419 inu

156 1446 563 1525 sampsuchino
609 1446 875 1507 admixtis
916 1444 1260 1524 omphacio,
1307 1444 1550 1507 calamo.
1625 1452 1938 1523 optumum
1984 1446 2102 1506 hoc
2121 1447 2171 1504 'm

157 1528 386 1609 Cypro,
416 1528 740 1605 Mytilenis,
780 1529 878 1591 ubi
906 1531 1168 1608 pluruma
1203 1527 1602 1606 sampsuchus.
1647 1529 1985 1590 miscentur
2013 1540 2075 1590 et
2099 1530 2170 1588 vi·

156 1616 303 1675 liora
329 1631 552 1692 genera
583 1614 702 1675 olei
732 1623 944 1690 myrto,
971 1614 1156 1688 lauru,
1190 1612 1397 1691 quibus
1425 1611 1655 1673 additur
1671 1613 2170 1692 sampsuchinum,

155 1699 371 1774 lilium,
401 1697 597 1758 fenum
630 1698 954 1773 Graecum,
988 1706 1214 1772 murra,
1247 1697 1440 1772 casia,
1472 1696 1745 1772 nardum,
1778 1696 2033 1773 iuncus,
2067 1699 2170 1757 cin-

70 1792 138 1846 11
163 1799 503 1843 namomum.
575 1800 608 1842 e
651 1783 816 1844 malis
848 1798 1083 1862 quoque
1121 1781 1387 1842 cotoneis
1428 1789 1488 1840 et
1535 1780 1817 1842 strutheis
1855 1782 1924 1842 fit
1963 1783 2224 1857 oleum

69 1888 211 1931 tam
232 1874 293 1925 ut
334 1866 626 1942 dicemus,
678 1868 980 1942 melinum,
1024 1866 1183 1945 quod
1229 1867 1289 1926 in
1323 1874 1615 1943 unguenta
1654 1868 1868 1927 transit
1910 1866 2171 1927 admixtis

159 1950 499 2028 omphacio,
547 1952 825 2029 cyprino,
872 1952 1197 2026 sesamino,
1242 1950 1539 2026 balsamo,
1585 1951 1797 2026 iunco,
1833 1953 2038 2026 casia,
2082 1951 2172 2010 ha·

156 2031 429 2095 brotono.
501 2036 766 2095 Susinum
806 2036 1200 2096 tenuissimum
1247 2035 1496 2096 omnium
1530 2043 1641 2094 est.
1705 2043 1949 2096 contat
1998 2053 2078 2094 ex
2115 2034 2174 2093 li-

156 2116 281 2195 liis,
327 2117 631 2194 balanino,
683 2120 942 2196 calamo,
974 2119 1189 2195 melle,
1237 2121 1628 2193 cinnamomO,
1685 2135 1909 2195 croco,
1967 2135 2174 2180 murra.

70 2211 139 2264 12
162 2212 221 2261 et
255 2203 415 2263 idem
438 2205 740 2282 cyprinum
776 2223 854 2263 ex
894 2220 1077 2281 cypro
1104 2212 1173 2268 et
1200 2202 1508 2281 omphacio
1544 2210 1608 2262 et
1629 2202 2054 2276 cardamomo,
2087 2214 2221 2263 ead

155 2285 310 2346 lamo
329 2332 348 2362 ,
401 2287 740 2367 aspalatho,
791 2288 1143 2349 habrotono.
1197 2287 1376 2365 aliqui
1418 2296 1477 2346 et
1519 2288 1578 2346 in
1618 2288 1929 2365 cyprinum
1968 2286 2176 2348 addunt

157 2378 216 2428 et
244 2387 491 2431 murram
510 2381 569 2431 et
604 2390 900 2450 panacem.
965 2371 1081 2432 hoc
1110 2380 1406 2450 optumum
1428 2370 1678 2445 Sidone,
1709 2387 1854 2431 mox
1869 2370 2174 2450 Aegypto,

156 2453 208 2512 si
238 2470 355 2512 non
382 2455 623 2516 addatur
654 2458 1000 2517 sesaminum
1023 2456 1236 2516 oleum.
1281 2455 1445 2516 durat
1473 2463 1535 2514 et
1562 2454 1975 2533 quadriennio.
2025 2455 2175 2515 exci-

72 2545 143 2600 13
164 2545 315 2596 tatur
344 2540 722 2602 cinnamomo.
791 2540 1056 2601 Telinnm
1099 2540 1164 2600 fit
1206 2558 1286 2600 ex
1308 2539 1446 2600 oleo
1475 2540 1736 2615 recenti,
1779 2540 2044 2618 cypiro,
2089 2555 2176 2598 ca·

155 2620 342 2697 lamo,
374 2623 673 2699 meliloto,
721 2624 860 2684 feno
899 2623 1162 2699 Graeco,
1192 2623 1406 2699 melle,
1454 2640 1648 2698 maro,
1695 2640 2003 2684 amaraco.
2067 2623 2218 2684 hoca

154 2706 336 2766 multo
391 2715 516 2767 erat
579 2707 1023 2769 celeberrimum
1074 2707 1376 2769 Menandri
1429 2716 1641 2786 poetae
1693 2707 1914 2768 comici
1961 2715 2173 2770 aetate.

155 2799 363 2866 postea
410 2793 700 2852 successit
740 2800 984 2872 propter
1022 2793 1270 2869 gloriam
1312 2792 1670 2869 appellatum
1707 2791 2069 2867 megalium,
2109 2807 2177 2852 ex

156 2872 293 2932 oleo
317 2873 620 2951 balanino,
653 2876 949 2953 balsamo,
986 2876 1244 2951 calamo,
1275 2877 1480 2952 iunco,
1517 2874 1960 2952 xylobalsamo,
1997 2877 2174 2950 casia,

154 2957 369 3017 resina.
446 2958 612 3018 huius
665 2962 998 3038 proprietas
1034 2969 1115 3019 -ut
1156 2960 1470 3021 ventiletur
1508 2961 1568 3019 in
1615 2960 1929 3038 coquendo
1989 2961 2176 3021 donec

73 3043 144 3096 14
157 3035 384 3131 desinat
413 3040 598 3105 olere.
645 3061 844 3103 rursus
885 3044 1294 3120 refrigeratum
1337 3044 1579 3104 odorem
1619 3062 1787 3106 suum
1813 3045 2000 3123 capit.
2059 3046 2215 3106 Sia-a

157 3117 280 3189 8¹11!
310 3136 544 3198 quoque
580 3129 703 3185 suci
736 3127 953 3187 nobilia
978 3138 1269 3204 unguenta
1296 3128 1545 3191 faciunt:
1597 3130 1655 3189 in
1683 3129 1884 3207 primis
1913 3128 2174 3190 maloba-

157 3196 375 3270 flffllffla
418 3213 627 3277 postea
667 3210 768 3269 iris
795 3209 1033 3286 illyrica
1069 3220 1128 3271 et
1154 3210 1449 3288 Cyzicena
1477 3229 1813 3286 amaracus,
1858 3211 2174 3272 herbar-

158 3284 421 3352 utraque.
494 3303 676 3362 pauca
713 3292 804 3353 bis
844 3303 907 3363 et
952 3295 1066 3356 alia
1100 3296 1199 3356 alii
1231 3298 1511 3372 miscent,
1558 3298 1656 3376 qui
1698 3287 1976 3375 pluruma*
1997 3296 2173 3358 dtu·-
