2320 3650
676 345 746 429 C.
803 345 1106 430 PLINI
1163 344 1633 430 SECUNM

368 499 1115 653 Nssussgulls
1200 499 1934 596 llls'rosslAE

863 664 1269 729 LIBER
1348 664 1432 728 v.

271 936 474 1015 (Sect.
513 935 604 1013 1.)
665 932 921 994 Africam
956 931 1167 993 Graeci
1206 932 1443 1008 Libyam
1485 933 1867 1011 appellavere
1901 944 1960 995 et
1990 952 2148 997 mare
2173 952 2204 1005 1

147 1028 280 1080 ante
315 1037 447 1078 eam
474 1017 771 1093 Libycum.
832 1016 1129 1094 Aegyptio
1164 1017 1384 1094 linitur,
1417 1034 1529 1076 nec
1561 1016 1672 1077 alia
1703 1035 1838 1096 pars
1870 1028 2151 1079 terrarum

148 1105 468 1182 panciores
506 1102 719 1179 recipit
748 1101 939 1175 sinus,
988 1099 1165 1176 longe
1198 1100 1269 1159 ab
1313 1100 1618 1161 occidente
1652 1101 1881 1161 litorum
1913 1102 2152 1181 obliquo

147 1188 360 1265 spatio.
439 1184 792 1263 Populorum
827 1184 952 1243 eius
986 1184 1448 1262 oppidorumque
1479 1185 1705 1244 nomina
1751 1186 1847 1246 vel
1890 1205 2153 1247 maxume

109 1280 282 1338 ssunt
314 1268 632 1331 ineffabilia
661 1277 1067 1347 praeterquam
1094 1269 1352 1346 ipsorum
1381 1269 1611 1346 linguis,
1645 1277 1702 1327 et
1733 1269 1876 1330 alias
1912 1271 2155 1332 castella

148 1355 336 1415 ferme
370 1352 706 1412 inhabitant.

275 1436 426 1515 Gap.
470 1437 525 1496 1.
565 1434 853 1514 Principio
890 1444 1170 1495 terrarum
1205 1434 1594 1495 Mauretaniae
1627 1435 2026 1513 appellantur,
2059 1454 2152 1496 us·
2178 1451 2211 1503 2

148 1539 264 1600 que
294 1520 371 1581 ad
413 1517 481 1578 C.
529 1517 839 1579 Caesarem
883 1518 1208 1580 Germanici
1254 1519 1429 1578 filium
1475 1537 1688 1595 regna,
1744 1521 2009 1580 saevitia
2030 1522 2154 1579 eius

147 1607 205 1665 in
247 1604 396 1664 duas
446 1603 669 1662 divisae
719 1604 1065 1681 provincias.
1124 1603 1582 1662 Promontorium
1629 1604 1834 1661 oceani
1867 1613 2156 1664 extumum

87 1708 133 1749 ιο
150 1687 492 1768 Ampelusia
522 1687 843 1747 nominatur
871 1705 903 1746 a
935 1686 1193 1747 Graecis.
1249 1685 1477 1763 Oppida
1505 1687 1670 1746 fuere
1701 1686 1861 1747 Lissa
1893 1697 1951 1747 et
1985 1685 2154 1747 Cotte

149 1772 301 1834 ultra
338 1770 638 1832 columnas
670 1769 961 1847 Herculis,
995 1787 1142 1831 nunc
1176 1779 1265 1830 est
1297 1767 1462 1848 Tingi
1494 1770 1780 1849 quondam
1819 1771 1888 1831 ab
1926 1771 2153 1832 Antaeo

151 1857 480 1930 conditum,
515 1863 723 1933 postea
753 1874 786 1915 a
803 1852 1061 1915 Claudio
1099 1853 1389 1930 Caesare,
1429 1873 1557 1914 cum
1590 1855 1876 1915 coloniam
1905 1857 2152 1932 faceret,

150 1940 510 2019 appellatum
543 1937 842 1999 l'raducta
857 1938 1019 1999 Iulia.
1078 1939 1246 1999 abest
1282 1956 1326 1997 ·a
1357 1937 1581 1999 Belone
1631 1941 1846 2017 oppido
1878 1940 2155 2000 Baeticae

149 2040 437 2102 proxumo
469 2023 714 2081 traiectu
735 2019 907 2087 XXX
938 2021 995 2082 M
1023 2039 1183 2099 pass.
1248 2020 1340 2080 Ab
1373 2039 1446 2081 eo
1477 2021 1642 2080 XXV
1669 2021 1728 2081 Μ
1770 2041 1928 2101 pass.
1961 2025 2017 2082 in
2052 2041 2156 2083 ora

91 2129 136 2169 ιε»
154 2108 361 2167 oceani
398 2105 633 2166 colonia
666 2105 911 2181 Augusti
941 2104 1085 2166 Iulia
1118 2104 1450 2165 Constantia
1482 2105 1663 2181 Zulil,
1709 2125 1913 2183 regum
1945 2107 2155 2167 dicioni

153 2199 430 2269 exempta
483 2198 541 2247 et
582 2190 704 2249 iura
739 2191 794 2248 in
827 2189 1121 2269 Baeticam
1167 2198 1372 2267 petere
1398 2191 1572 2248 iussa.
1636 2190 1708 2249 ab
1743 2208 1811 2249 ea
1845 2189 2065 2250 XXXII
2098 2191 2156 2250 M

150 2292 311 2354 pass.
359 2273 593 2333 colonia
637 2290 670 2332 a
713 2270 954 2332 Claudio
999 2270 1258 2334 Caesare
1304 2272 1457 2332 facta
1499 2272 1674 2333 Lixos
1711 2274 1810 2333 vel
1845 2272 2155 2333 fabulosis-

151 2360 294 2417 sime
345 2357 593 2433 antiquis
644 2365 891 2416 narrata.
961 2356 1049 2415 lbi
1100 2359 1266 2433 regia
1309 2356 1519 2415 Antaei
1565 2366 1974 2436 certamenque
2023 2368 2209 2422 cum3

149 2440 408 2502 Hercule
445 2448 504 2499 et
533 2438 916 2518 Hesperidum
945 2439 1117 2499 horti.
1166 2439 1491 2500 adfunditur
1524 2450 1712 2501 autem
1745 2442 2090 2502 aestuarium
2122 2461 2156 2502 e

90 2526 293 2585 wmari
327 2525 599 2585 flexuoso
630 2531 853 2597 meatu,
901 2525 957 2582 in
989 2540 1102 2601 quo
1134 2523 1403 2583 draconis
1436 2526 1731 2585 custodiae
1766 2528 1944 2587 instar
1974 2526 2154 2585 fuisse

151 2626 303 2668 nunc
320 2610 792 2685 interpretantur.
830 2608 1196 2685 amplectitur
1220 2609 1365 2667 intra
1392 2626 1458 2666 se
1487 2610 1751 2683 insulam,
1779 2627 1946 2689 quam
1968 2610 2153 2669 solam

153 2709 189 2752 e
219 2693 416 2751 vicino
460 2699 648 2750 tractu
673 2690 985 2768 ¹aliquanto
1020 2690 1354 2751 excelsiore
1386 2708 1502 2752 non
1533 2701 1726 2751 tamen
1757 2702 1950 2752 aestus
1981 2694 2153 2753 maris

152 2771 445 2850 inundant.
504 2783 694 2834 exstat
734 2775 792 2832 in
832 2792 901 2834 ea
934 2783 993 2834 et
1027 2793 1124 2835 ara
1155 2774 1424 2835 Herculis
1456 2794 1568 2836 nec
1598 2785 1835 2853 praeter
1866 2775 2155 2835 oleastros

153 2857 308 2920 aliud
350 2878 428 2918 ex
468 2866 699 2917 narrato
745 2857 848 2917 illo
891 2858 1450 2934 auriferomemore.
1518 2858 1703 2919 Minus
1738 2858 2009 2937 profecto
2051 2862 2211 2922 τιή-4

88 2952 354 3003 urentur
402 2950 746 3019 portentosa
796 2938 1075 3001 Graeciae
1107 2943 1416 3003 mendacia
1468 2943 1539 3003 de
1587 2944 1656 3003 iis
1705 2951 1763 3001 et
1806 2960 1969 3002 amne
2009 2941 2154 3002 Lixo

152 3026 385 3105 prodita
418 3026 515 3103 qui
563 3027 822 3101 cogitent
860 3034 1094 3084 nostros
1132 3044 1434 3105 nuperque
1466 3027 1640 3105 paulo
1672 3028 1853 3085 minus
1890 3027 2154 3085 monstri·

152 3109 261 3169 fica
291 3108 579 3187 quaedam
611 3108 683 3168 de
717 3108 921 3168 iisdem
951 3109 1292 3186 tradidisse,
1342 3111 1737 3189 praevalidam
1775 3109 1924 3170 hanc
1955 3109 2155 3170 urbem

149 3191 548 3270 maioremque
592 3209 798 3289 magna
842 3189 1225 3270 Carthagine,
1270 3203 1581 3271 praeterea
1627 3211 1702 3253 ex
1742 3193 1990 3254 adverso
2027 3196 2152 3253 eius

151 3276 318 3337 sitam
366 3285 425 3336 et
458 3292 648 3354 prope
695 3277 955 3336 inmenso
987 3285 1175 3337 tractu
1220 3276 1291 3335 ab
1325 3276 1525 3354 Tingi,
1563 3296 1830 3357 quaeque
1864 3278 1976 3339 alia
2009 3275 2151 3337 Cor-

89 3360 343 3424 anuclius
385 3358 593 3441 Nepos
631 3349 961 3422 avidissime
1009 3360 1272 3423 credidit.
1337 3360 1430 3423 Ab
1470 3323 1614 3424 Lixo
1656 3360 1755 3424 XL
1798 3361 1903 3423 Μ
1886 3380 1942 3422 ιιι
1972 3361 2210 3423 medi-5
