2320 3650
162 94 284 156 202
780 106 838 154 c,
867 109 1060 155 Pmm
1091 107 1397 155 summm
2271 25 2279 181 1

162 272 289 323 ctus
332 271 424 322 est
453 265 510 321 in
547 261 792 321 articulo
824 261 993 339 pedis
1021 271 1228 321 ventre
1263 263 1524 327 eminans
1563 278 1864 337 concavo,
1905 265 1964 322 in
1991 270 2175 322 verte·

162 348 267 407 bra
299 348 532 423 ligatus.

75 443 179 496 256
305 432 405 492 47.
441 430 650 510 (107.)
678 430 889 490 ‘Avium
919 430 1069 490 aliae
1100 430 1406 507 digitatae,
1436 430 1586 490 aiiae
1615 430 2010 508 palmipedes,
2038 431 2177 491 aliae

160 519 315 574 inter
342 524 644 594 utrumque
673 514 871 574 divisis
911 515 1102 591 digitis
1134 514 1360 574 adiecta
1398 513 1712 576 latitudine.
1777 515 1888 574 sed
1918 515 2178 575 omnihus

164 601 430 678 quaterni
457 600 653 676 digiti,
684 608 807 659 tres
836 600 895 658 in
924 600 1122 677 priore
1159 608 1356 675 parte,
1391 616 1538 657 unus
1570 618 1601 657 a
1634 599 1821 658 calce.
1888 599 1986 659 hie
2017 599 2212 658 deests
2277 620 2278 631 ¹

160 683 501 762 quibusdam
534 684 710 760 longa
742 702 909 743 crura
940 682 1305 743 habentibus.
1366 684 1504 757 iynx
1533 682 1662 743 sola
1691 685 1990 761 utrimque
2019 683 2179 742 binos

160 768 357 828 habet.
417 768 622 829 eadem
657 769 908 845 linguam
940 769 1295 846 serpentium
1331 766 1574 827 similem
1602 769 1660 825 in
1687 785 1958 844 magnam
2000 767 2179 845 longi·
2277 766 2278 803 ³

160 853 715 932 tudinemporrigit,
751 852 964 912 collum
1000 852 1342 927 circumagit
1369 853 1426 909 in
1459 868 1724 911 aversam
1752 870 1837 911 se.
1872 868 2102 929 ungues
2133 852 2181 911 ei

74 945 178 1000 25⁷
199 938 456 1014 grandes
500 956 609 998 ceu
659 937 934 1014 graculis.
1049 935 1259 994 Avium
1314 935 1657 1012 quibusdam
1710 936 2082 1012 gravionibus
2129 938 2180 994 in

161 1021 425 1081 cruribus
470 1021 643 1080 additi
678 1019 841 1080 radii.
901 1020 1043 1080 nulli
1073 1035 1259 1082 uncos
1289 1019 1620 1080 habentium
1650 1036 1896 1097 ungues.
1972 1020 2230 1098 Longi-10

161 1105 346 1183 pedes
389 1106 679 1183 porrectis
727 1105 797 1163 ad
843 1104 1082 1164 caudam
1114 1104 1380 1163 cruribus
1411 1105 1626 1163 volant.
1696 1104 1909 1182 quibus
1942 1105 2181 1181 breves,
2277 1106 2278 1167 Ϊ

161 1191 476 1249 contractis
507 1188 580 1248 ad
607 1189 874 1248 medium.
941 1188 1053 1263 Qui
1081 1197 1293 1264 negant
1323 1187 1625 1248 volucrem
1656 1189 1830 1248 ullam
1863 1191 1992 1248 sine
2023 1190 2178 1268 pedi·

159 1273 275 1332 bus
310 1292 446 1333 esse
491 1273 828 1332 confirmant
870 1281 929 1331 et
970 1274 1193 1351 apodas
1232 1271 1454 1332 habere
1488 1282 1546 1331 et
1595 1290 1746 1332 ocen
1783 1282 1841 1331 et
1876 1273 2175 1352 drepauin,

162 1375 309 1435 quae
358 1376 431 1416 ex
474 1358 562 1417 his
595 1358 892 1417 rarissime
926 1357 1188 1435 adparet.
1270 1356 1451 1416 Visae
1496 1358 1605 1416 iarn
1648 1358 1824 1416 etiam
1868 1367 2180 1437 serpentes

159 1444 442 1501 anserinis
473 1441 740 1518 pedibus,
808 1474 811 1479 ·
2193 1458 2232 1497 ιε

71 1535 180 1590 258
300 1524 661 1603 48.,(108.)“
687 1524 1049 1586 Insectorum
1083 1524 1267 1602 pedes
1311 1525 1479 1602 primi
1525 1526 1830 1602 longiores
1873 1527 2051 1586 duros
2081 1525 2176 1586 ha·

50 1643 71 1653 ι
158 1609 430 1669 bentibus
465 1611 706 1684 oculoS,
740 1619 800 1669 ut
831 1609 1074 1670 subinde
1105 1608 1351 1687 pedibus
1386 1625 1492 1668 eos
1523 1619 1824 1686 tergeant,
1873 1628 1988 1670 ceu
2021 1621 2176 1670 nota·

161 1713 285 1754 mus
315 1696 372 1753 in
401 1696 634 1753 muscis.
668 1713 818 1772 quae
841 1712 917 1754 ex
947 1693 1041 1752 his
1067 1692 1417 1753 novissimos
1451 1693 1667 1755 habent
1700 1695 1919 1772 longos
1952 1695 2173 1769 saliunt,
2277 1730 2278 1747 ἢ

160 1788 221 1838 ut
244 1779 534 1839 locustae.
598 1778 871 1839 omnibus
896 1787 1087 1839 autem
1117 1779 1212 1838 his
1240 1779 1365 1838 s'eni
1400 1779 1605 1858 pedes.
1671 1781 1906 1839 araneis
1948 1779 2174 1859 quibus·

160 1864 287 1922 dam
324 1862 653 1940 ‘praelongi
710 1864 998 1924 accedunt
1057 1864 1193 1923 bini.
1300 1863 1622 1923 internodia
1682 1864 1934 1941 singulis
1997 1874 2236 1924 ternam

72 1943 423 2010 2,0³Octonos
456 1956 514 2006 et
546 1949 784 2007 marinis
816 1966 952 2007 esse
983 1947 1260 2022 diximus,
1307 1946 1590 2026 polypis,-
1623 1951 1878 2027 saepiiS‚
1914 1949 2174 2025 lolligini,

159 2032 421 2110 cancris,
455 2034 555 2110 qui
583 2032 858 2092 bracchia
890 2034 948 2091 in
977 2033 1329 2092 contrarium
1361 2042 1629 2109 movent,
1673 2032 1864 2111 pedes
1895 2036 1952 2092 in
1985 2034 2175 2092 orbem

71 2126 177 2181 259
201 2123 296 2175 aut
325 2118 380 2175 in
414 2115 685 2179 oblicum.
758 2116 960 2176 iisdem
994 2117 1139 2176 solis
1169 2116 1493 2176 animalium
1537 2117 1787 2186 rotundi.
1854 2116 2069 2177 Cetera
2098 2117 2175 2176 bi·
2271 2183 2279 2202 .

146 2217 264 2260 nos
308 2201 493 2279 pedes
537 2202 720 2261 duces
764 2200 1014 2277 habeut,
1071 2203 1267 2260 cancri
1327 2208 1541 2260 tantum
1587 2210 1935 2278 quaternos.
2020 2201 2184 2280 Quae
2277 2205 2278 2248 ¹

158 2286 308 2344 hunc
337 2303 635 2345 numerum
664 2284 875 2364 pedum
914 2302 1238 2344 excessere
1272 2285 1609 2360 terrestria,
1641 2294 1703 2344 ut
1746 2287 2022 2376 plerique
2052 2300 2232 2345 ver-2³

158 2385 317 2445 mes,
357 2387 474 2429 non
516 2370 661 2429 infra
704 2369 1006 2430 duodenos
1053 2369 1299 2445 habent,
1341 2369 1536 2447 aliqua
1577 2387 1721 2429 vero
1772 2380 1835 2429 et
1881 2365 2172 2431 centenosss

71 2462 176 2514 260
196 2470 469 2513 numerus
505 2454 718 2532 pedum
756 2455 923 2531 inpar
964 2452 1108 2513 nulli
1152 2463 1262 2512 est.
1301 2485 1308 2494 ‚
1351 2452 1754 2532 solidipedum
1792 2474 1968 2515 crura
2000 2456 2175 2516 statim

158 2540 306 2596 iusta
337 2547 651 2597 nascuntur
674 2556 968 2612 mensura,
1001 2546 1210 2615 postea
1237 2539 1673 2616 exporrigentia
1697 2555 1765 2598 se
1791 2542 1997 2599 verius
2021 2557 2175 2619 quam

160 2624 506 2682 crescentia.
584 2624 781 2700 itaque
832 2625 889 2681 in
943 2623 1182 2682 infantia
1241 2622 1484 2681 scabunt
1530 2624 1685 2682 auris
1726 2623 2174 2701 posterioribus,

156 2706 311 2784 quod
353 2707 544 2768 addita
590 2716 782 2766 aetate
823 2724 939 2765 non
985 2714 1234 2786 queunt,
1276 2707 1409 2784 quia
1460 2706 1764 2783 longitudo
1810 2710 2230 2788 superficiem,

159 2806 472 2869 corporum
494 2790 689 2850 solam
729 2791 982 2869 ampliat.
1050 2791 1160 2850 hac
1195 2789 1266 2850 de
1300 2808 1482 2851 causa*
1505 2791 1653 2849 inter
1678 2791 1842 2852 initia
1876 2793 2045 2872 pasci
2077 2791 2176 2852 uisi

157 2874 459 2935 submissis
498 2874 750 2952 genibus
792 2892 907 2933 uon
942 2885 1231 2954 possunt,
1292 2893 1403 2934 nec
1449 2893 1654 2954 usque·
1686 2875 1821 2935 dum
1867 2878 2082 2937 cervi-x
2111 2874 2176 2950 ad

158 2960 306 3019 iusta
336 2961 694 3019 incrementa
724 2960 1046 3037 perveniat.
1081 2960 1183 3020 49.
1211 2959 1592 3019 Pumilionum
1618 2975 1812 3035 genus
1841 2960 2178 3022 in-onmibus
2277 2961 2278 2968 ’

158 3043 505 3101 animalibus¹
533 3050 644 3120 est,
674 3052 859 3120 atque
882 3045 1054 3103 etiam
1085 3045 1238 3102 inter
1266 3043 1559 3103 volucres.

68 3132 171 3183 261
301 3126 510 3206 (109.)
542 3121 837 3187 ·Genitalia
866 3127 1120 3187 maribus
1150 3127 1359 3207 quibus
1388 3135 1588 3187 esseut
1616 3136 1885 3189 retrorsa
1919 3130 2228 3204 diximum&

73 3201 150 3275 ,312-
165 3219 338 3262 ossea
366 3218 497 3266 sunt
527 3210 700 3287 lupiS,
733 3210 1029 3291 vulpibus,
1055 3212 1341 3287 musteiiS,
1373 3212 1643 3286 viverris,
1669 3214 1824 3273 uude
1858 3215 2036 3274 etiam
2069 3211 2177 3275 cel-

161 3284 294 3341 culo
337 3286 580 3349 humano
630 3295 886 3355 remedia
922 3296 1259 3380 praecipua.
1345 3313 1483 3356 urso
1533 3313 1771 3375 quoque
1804 3299 2186 3380 simulatque

161 3370 551 3442 exspiraverit
606 3393 962 3438 cornescere
1022 3381 1196 3439 aiunt.
1295 3380 1581 3440 camelino
1639 3395 1815 3442 arcus
1867 3382 2184 3445 intendere
