2320 3650
524 86 686 133 NAT.
729 86 910 134 msr.
955 86 1137 132 vnn.
1179 82 1422 137 ιιι-46.
1470 73 1765 157 (66-70.)
2014 78 2144 140 113

124 239 417 300 conditur.
486 255 591 299 ora
629 242 683 298 ei
729 243 786 300 in
828 240 1026 301 radiee
1071 259 1208 300 esse
1242 243 1572 317 traduntur,
1621 252 1993 304 excrementa
2036 262 2144 323 per

128 341 347 384 summa
377 324 537 383 tenui
566 323 756 383 fistula
785 324 971 383 reddi.

255 408 428 487 (69.)
488 407 892 486 spongearum
932 409 1040 468 tria
1083 426 1304 485 genera
1344 412 1705 488 accepimns:
1748 412 1999 488 spissum
2040 422 2229 477 ac148

123 493 478 570 praedurum
510 500 568 551 et
597 510 889 569 asperum,
923 501 1123 569 tragos
1158 494 1216 553 id
1244 503 1507 570 vocatur,
1540 496 1793 572 spissam
1822 505 1882 554 et
1911 496 2145 556 mollius

81 591 349 650 smanos,
369 585 545 636 tenue
576 572 935 655 densumque
965 595 1040 636 ex
1071 593 1190 655 quo
1220 578 1507 655 penicilli
1512 577 1841 639 Achillium.
1897 598 2140 639 nascun-

119 669 211 720 tur
237 678 443 720 omnes
472 662 532 720 in
560 662 765 739 petris,
799 657 1027 721 aluntur
1058 662 1319 737 conchis,
1353 663 1540 741 pisce,
1573 663 1727 723 limo.
1786 663 2197 724 intellectum

120 746 321 804 inesse
355 745 445 804 bis
480 745 759 822 adparet,
794 747 947 824 quia,
981 744 1079 804 ubi
1117 747 1453 807 avulsorem
1488 764 1766 823 sensere,
1805 757 2142 808 contractae

117 830 299 889 multo
346 828 639 890 difficilius
683 828 1107 889 abstrahuntur.
1188 830 1303 890 boc
1338 832 1491 890 idem
1535 831 1710 890 fluctu
1757 833 2022 910 pulsante
2050 831 2140 890 fa-

122 915 296 973 ciunt
367 914 570 973 vivere
604 931 747 988 esca
786 905 1091 974 manifesto
1120 915 1385 975 conchae
1416 917 1664 974 minutae
1696 917 1754 974 in
1774 917 1870 976 -his
1900 924 2224 994 repet-149

57 1005 213 1058 totae
245 997 579 1057 ostendunt.
643 999 799 1058 circa
835 997 1108 1058 Toronen
1139 1000 1304 1058 vesci
1346 1000 1460 1058 illis
1509 1000 1743 1060 avolsas
1774 1000 1944 1060 etiam
1985 1001 2143 1060 aiant

120 1090 176 1140 et
208 1101 289 1142 ex
322 1081 546 1140 relictis
581 1081 873 1142 radicibus
907 1100 1276 1142 recrescere.
1339 1085 1396 1142 in
1427 1085 1610 1161 petris
1647 1085 1872 1144 cruoris
1904 1101 2139 1163 qnoque

117 1166 389 1226 inhaeret
429 1166 632 1241 color,
673 1165 891 1226 Africis
932 1168 1250 1245 praecipue
1280 1184 1432 1245 quae
1471 1179 1828 1244 generantur
1865 1170 1931 1228 iu
1956 1171 2137 1245 Syrti-

119 1250 244 1310 bus.
310 1248 615 1310 mxumae
644 1250 787 1312 fiunt
813 1268 1020 1310 manoe
1060 1251 1167 1310 sed
1196 1251 1572 1311 mollissimae
1610 1254 1765 1312 circa
1794 1252 2048 1328 Lyciam,
2081 1254 2167 1312 in*

118 1334 410 1412 profando
436 1343 629 1394 autem
663 1351 775 1394 nec
804 1344 1055 1395 ventoso
1085 1335 1407 1395 molliores.
1469 1337 1526 1393 in
1546 1335 1934 1414 Hellesponto
1966 1354 2137 1414 aspe-

59 1434 251 1494 15rae,
300 1427 360 1479 et
409 1419 631 1479 densae
678 1420 836 1479 cirea
875 1418 1145 1479 Maleam.
1217 1427 1557 1497 putrescunt
1598 1421 1654 1479 in
1699 1421 1915 1498 apricis
1964 1420 2136 1496 locis,

118 1503 248 1562 ideo
276 1512 555 1581 optumae
586 1505 643 1564 in
671 1503 1017 1580 gurgitibus.
1081 1502 1410 1563 viventibus
1441 1503 1594 1564 idem
1635 1506 1733 1582 qui
1773 1503 2136 1564 madentibus

115 1588 411 1664 nigricans
454 1587 670 1647 colos.>
715 1587 1056 1648 Adhaerent
1086 1606 1200 1647 nec
1229 1597 1397 1666 parte
1424 1606 1536 1647 nec
1573 1598 1748 1649 totae.
1786 1591 2104 1649 =intersunt
2118 1599 2223 1652 -150

117 1674 262 1731 enim
297 1672 530 1732 fistulae
561 1672 842 1751 quaedam
871 1674 1072 1733 inanes
1102 1681 1421 1751 quaternae
1463 1671 1592 1732 fere
1624 1681 1723 1733 aut
1750 1675 1994 1751 quinae,
2030 1690 2138 1751 per

118 1774 256 1835 quas
291 1757 462 1835 pasci
496 1759 928 1816 existumentur.
990 1765 1124 1817 sunt
1157 1767 1219 1835 et
1246 1751 1429 1833 aliae,
1464 1758 1861 1836 sed=superne
1893 1774 2134 1818 concre-

58 1848 228 1901 atae.
297 1849 359 1900 et
387 1839 637 1912 subesse
666 1841 1001 1902 membrana
1032 1843 1312 1921 quaedam
1352 1842 1646 1903 radicibus
1676 1856 1877 1903 earum
1906 1842 2135 1903 intelle-

115 1925 283 2002 gitur.
364 1924 585 1985 Vivere
630 1935 860 1985 constat
916 1927 1096 2003 longo
1143 1935 1456 2005 tempore:
1508 1928 1844 1987 Pessumum
1889 1928 2138 1987 omnium

116 2027 299 2086 genus
332 2018 427 2069 est
456 2028 652 2083 earum
684 2027 834 2088 quae
864 2010 1130 2089 aplysiae
1162 2020 1476 2086 vocantur,
1517 2013 1653 2090 quia
1695 2012 1815 2072 elui
1844 2029 1960 2072 nou
1998 2028 2135 2090 pos-

115 2104 277 2169 sunt,
332 2095 392 2153 in
441 2093 652 2173 quibus
714 2110 961 2172 magnae
1014 2105 1146 2155 sunt
1178 2095 1420 2155 fistulae
1471 2104 1532 2153 et
1581 2097 1810 2176 reliqua
1877 2096 2133 2156 densitas

117 2180 327 2257 spissa.

58 2271 99 2314 2⁶
198 2262 338 2324 46.
387 2262 559 2340 (70.)
604 2259 1005 2323 Canicularum
1036 2280 1299 2324 maxume
1331 2263 1633 2323 multitudo
1667 2264 1823 2323 circa
1853 2280 1956 2323 eas
1988 2265 2217 2327 uri-151

113 2348 296 2407 nantis
338 2346 508 2424 gravi
566 2347 837 2424 periculo
877 2348 1136 2408 infestat.
1211 2349 1324 2425 ipsi
1364 2342 1558 2406 fei-unt
1602 2356 1664 2406 et
1696 2346 1914 2419 nubem
1959 2364 2133 2427 quan-

114 2430 236 2491 dam
273 2446 678 2491 -crassescere
716 2449 898 2509 super
936 2433 1128 2510 capita
1179 2431 1503 2506 animalium
1546 2432 1849 2508 planorum
1888 2434 2133 2511 piscium

113 2516 388 2590 similem,
421 2523 784 2594 prementem
813 2531 920 2575 eos
952 2526 1366 2595 arcentemque
1402 2533 1434 2575 a
1472 2516 1933 2595 reciprocando,
1967 2526 2027 2577 et
2057 2515 2134 2575 ob

113 2599 168 2658 id
200 2600 369 2659 stilos
404 2607 755 2677 praeacutos
780 2600 932 2660 liniis
963 2600 1225 2661 adnexos
1255 2601 1477 2660 habere
1508 2619 1667 2677 sese,
1692 2604 1827 2679 qnia
1857 2603 1975 2661 nisi
1999 2618 2133 2680 per·

60 2678 309 2743 tofossn'e
333 2684 412 2743 ita
436 2701 552 2743 non
572 2684 876 2759 recedant,
895 2684 1159 2762 caliginis
1185 2694 1243 2744 et
1267 2684 1524 2763 pavoris,
1551 2694 1613 2744 ut
1635 2685 1906 2760 arbitror,
1924 2702 2129 2762 opere.

116 2767 320 2827 nubem
368 2768 519 2827 euim
561 2776 620 2826 et
670 2768 972 2844 nebulam,
1016 2771 1182 2828 cuius
1214 2771 1446 2828 nomine
1483 2769 1540 2829 id
1571 2771 1779 2830 malum
1809 2768 2129 2847 appellant,

117 2851 272 2911 inter
287 2852 562 2913 animalia
594 2852 732 2912 bant
761 2852 937 2912 ullam
969 2855 1240 2932 conperit
1263 2855 1584 2932 qnisquam.
1646 2852 1791 2914 Cum
1816 2852 2096 2912 caniculis
2116 2864 2217 2917 152

117 2942 277 2996 atrox
308 2936 623 2996 dimicatio.
645 2942 654 2985 Γ
685 2938 917 3014 inguina
959 2947 1020 2997 et
1051 2937 1233 2997 calcis
1262 2955 1610 3017 omnemque
1655 2938 1968 2998 candorem
1999 2954 2129 2996 cor-

115 3024 318 3096 p'er'nm'
357 3020 659 3099 adpetunt.
732 3021 889 3081 salus
934 3039 1045 3082 una
1086 3022 1144 3080 in
1189 3024 1472 3082 adtersas
1503 3024 1676 3083 eundi
1704 3022 1978 3101 ultroque
2010 3029 2126 3081 ter-

62 3106 293 3165 ure-di.
358 3113 546 3183 pavet
580 3106 730 3165 enim
767 3105 1055 3165 hominem
1094 3123 1283 3184 aeque
1319 3123 1391 3166 ac
1421 3115 1638 3182 terret,
1684 3116 1745 3166 et
1775 3120 1908 3167 sors
1944 3123 2131 3184 aequa

117 3187 182 3245 in*
195 3189 450 3266 gurgite.
507 3198 570 3248 ut
591 3189 664 3250 ad
695 3206 910 3249 summa
942 3207 1128 3269 aquae
1162 3198 1393 3251 ventum
1421 3199 1544 3265 est,
1575 3189 1653 3249 ibi
1678 3191 1999 3269 pericnlum
2028 3208 2127 3250 an-

118 3286 254 3350 ceps
302 3272 574 3350 adempta
614 3275 841 3334 ratione
875 3283 1078 3335 contra
1109 3275 1310 3349 eundi,
1357 3274 1490 3334 dum
1523 3286 1766 3336 conetur
1795 3291 2126 3352 emergere,

117 3356 357 3417 etuias
388 3357 576 3416 omnis
606 3357 666 3416 in
701 3359 897 3419 sociis.
958 3358 1155 3418 funem
1185 3359 1272 3418 illi
1304 3359 1613 3435 religatum
1644 3361 1718 3427 ab
1751 3361 1963 3421 umeris
1999 3360 2127 3418 eius

193 3460 332 3501 rm.
367 3462 493 3504 ιιΑτ.
533 3447 772 3501 mann.
1859 3442 1898 3504 8
2168 3490 2262 3578 Δ
