2320 3650
533 81 695 127 NAT.
739 79 917 128 ms'r.
965 73 1143 128 v1111.
1184 77 1432 132 46-51.
1468 67 1770 154 (70-74.)
2031 72 2148 134 115

126 253 336 297 mares
366 234 609 294 feminas
650 236 916 295 similiter
952 253 1063 296 ova
1103 245 1416 296 vescentes
1449 254 1661 296 earum.
1730 255 1845 298 nec
1887 240 2027 299 satis
2059 247 2151 300 est

125 320 508 399 generationi
539 337 647 398 per
677 338 744 379 se
770 321 980 395 coitus,
1008 321 1114 379 nisi
1145 319 1313 379 editis
1339 322 1465 380 ovis
1488 323 1926 383 interversando
1958 341 2147 385 mares

126 405 319 464 vitale
363 403 761 481 adsperserint
805 405 982 463 virus.
1054 421 1169 462 non
1209 405 1472 464 omnibus
1516 407 1573 465 id
1621 408 1900 483 contingit
1936 410 2064 467 ovis
2093 410 2160 467 in·

130 498 298 548 tanta
344 487 722 547 multitudine.
786 488 999 565 alioqui
1031 489 1404 565 replerentur
1434 492 1610 549 maria
1652 499 1710 549 et
1754 500 1989 568 stagna,
2024 507 2150 553 cum

84 596 112 636 5
133 572 358 649 singuli
390 573 546 629 uteri
566 571 998 631 innumerabilia
1033 572 1383 650 concipiant.

265 657 374 715 51.
415 654 658 714 Piscium
682 673 792 714 ova
825 658 882 714 in
899 658 1373 732 mari-crescunt,
1408 657 1689 736 quaedam
1715 677 1929 718 summa
1958 660 2114 718 cele·
2134 668 2236 722 158

129 743 335 814 ritate,
371 746 435 797 ut
464 756 843 815 murenarum,
877 739 1156 818 quaedam
1189 742 1363 818 paulo
1397 740 1635 801 tardius.
1693 743 1852 801 Plani
1884 744 2146 821 piscium,

134 825 355 904 quibus
387 822 568 882 cauda
606 841 722 882 non
755 824 928 884 obest
962 824 1302 902 aculeique‚
1339 829 1397 885 et
1430 826 1747 885 testudines
1779 828 1834 885 in
1872 829 2024 886 coitu
2054 845 2147 886 su-

133 909 521 988 perveniunt,
565 907 769 986 polypi
804 910 963 967 crine
1010 926 1124 967 uno
1163 908 1411 969 feminae
1450 909 1683 997 naribus
1714 910 1975 986 ad'nexo,
2019 928 2147 970 sae-

67 1015 115 1054 10
136 994 275 1073 piae
306 1001 365 1051 et
399 992 694 1067 lolligines
724 992 965 1069 linguis,
1001 1002 1402 1071 conponentes
1432 995 1581 1053 inter
1604 1012 1669 1053 se
1700 994 1972 1055 bracchia
2005 1004 2064 1054 et
2092 995 2151 1053 in
2196 1019 2199 1028 ·

135 1078 491 1138 contrarium
535 1084 786 1136 nantes.·
837 1093 953 1136 ore
995 1085 1053 1135 et
1101 1079 1349 1155 pariunt.
1433 1077 1538 1137 sed
1586 1078 1787 1157 polypi
1837 1082 1892 1138 in
1922 1089 2149 1142 terram

133 1167 320 1221 verso
353 1161 545 1238 capite
582 1169 825 1235 coeunt,
870 1160 1097 1239 reliqua
1137 1161 1393 1221 mollium
1439 1162 1624 1238 tergis
1664 1172 1724 1221 ut
1756 1181 1970 1238 canes,
2012 1166 2149 1222 item

133 1247 408 1308 locustae
434 1252 494 1303 et
519 1245 789 1322 squillae,
824 1247 1018 1304 cancri
1043 1262 1167 1304 ore.
1218 1244 1418 1305 Ranae
1444 1248 1876 1322 superveniunt,
1906 1241 2235 1325 priori-'159

136 1331 247 1389 bus
279 1328 531 1406 pedibus
566 1329 688 1388 alas
724 1328 969 1389 feminae
999 1347 1157 1388 mare
1189 1329 1691 1407 adprehendente,
1727 1331 2149 1408 posterioribus

73 1429 118 1469 ιε»
138 1414 350 1474 clunis.
406 1414 634 1490 pariunt
660 1414 935 1473 minumas
981 1415 1172 1472 carnis
1202 1414 1431 1489 nigras,
1467 1430 1610 1491 quas
1639 1416 1881 1489 gyrinos
1912 1423 2143 1488 vocant,

136 1498 330 1557 oculis
362 1505 577 1556 tantum
610 1505 670 1556 et
701 1496 881 1556 cauda
909 1498 1173 1572 insignis,
1221 1514 1357 1556 mox
1403 1497 1589 1575 pedes
1626 1498 1940 1575 figurantur
1969 1498 2150 1558 cauda

137 1582 396 1641 findente
427 1583 573 1640 sein
606 1582 990 1658 posteriores.
1052 1584 1368 1659 mirumque
1402 1584 1671 1641 semestri
1698 1584 1813 1641 vita
1843 1583 2148 1642 resolvon·

137 1677 229 1725 tur
265 1667 321 1723 in
352 1665 556 1723 limum-
575 1665 733 1723 nullo
770 1673 1069 1741 cernente,
1101 1673 1159 1724 et
1194 1683 1394 1725 rursus
1422 1666 1616 1724 vernis
1647 1668 1810 1746 aquis
1839 1684 2147 1727 renascun-

139 1760 232 1808 tur
267 1766 421 1827 quae
454 1748 657 1824 fuere,
694 1758 928 1808 naturae
967 1751 1209 1841 perinde
1248 1752 1478 1810 occulta
1517 1751 1773 1827 ratione,
1811 1769 1939 1810 cum
1972 1753 2147 1810 omni·
2188 1771 2193 1778 ‘

69 1834 246 1894 zobus
280 1835 442 1892 annis
473 1832 531 1893 id
552 1836 801 1895 eveniat.
854 1833 930 1895 Et
956 1836 1137 1895 mituli
1168 1843 1228 1894 et
1255 1837 1525 1914 pectines
1554 1830 1766 1914 sponte
1788 1845 2025 1897 naturae
2056 1838 2113 1896 in
2134 1846 2235 1900 160

137 1918 445 1980 harenosis
478 1922 840 1999 proveniunt.
903 1938 1053 1997 quae
1084 1921 1335 1979 durioris
1368 1928 1556 1980 testae
1589 1930 1750 1995 sunt,
1785 1930 1846 1980 ut
1876 1924 2147 1995 muriceS,

137 2021 467 2082 purpurae,
511 2005 784 2065 salivario
818 2004 1079 2077 lentore,
1123 2004 1274 2062 sicut
1319 2013 1633 2063 acescente
1664 2022 1863 2065 umore
1906 2006 2147 2065 culiceS.

139 2106 289 2166 apua
340 2105 543 2166 spuma
595 2089 769 2147 maris
824 2087 1255 2160 incalescente,
1310 2105 1437 2146 cum
1477 2088 1760 2148 admissus
1806 2098 1896 2147 est
1946 2087 2147 2148 imber.

139 2190 291 2251 quae
323 2189 470 2231 vero
502 2172 705 2251 siliceo
742 2174 994 2248 tegmine
1028 2172 1386 2249 operiuntur,
1416 2179 1480 2229 ut
1519 2181 1735 2247 ostrea,
1771 2180 2146 2251 putrescente

73 2257 277 2316 25111110
309 2265 639 2335 autspuma
668 2257 824 2315 circa
855 2256 1082 2332 navigia
1110 2254 1322 2314 diutius
1355 2256 1562 2315 stantia
1595 2256 1939 2333 defixosque
1978 2256 2149 2334 palos

141 2350 198 2400 et
241 2341 459 2416 lignum
501 2344 814 2412 maxuine„
856 2358 1041 2417 nuper
1082 2347 1425 2417 conpertum
1468 2340 1525 2398 in
1567 2340 1864 2400 ostreariis
1894 2357 2151 2400 umorem

138 2427 208 2485 iis
236 2424 516 2484 fetificum
557 2424 725 2483 lactis
768 2424 938 2483 modo
975 2422 1242 2482 effluere.
1307 2423 1599 2499 anguillae
1630 2432 1881 2484 atterunt
1911 2443 1977 2484 se
2017 2442 2148 2484 sco·

142 2508 313 2588 pulis.
350 2526 422 2568 ea
444 2509 783 2585 strigmenta
808 2509 1131 2583 vivescunt,
1163 2525 1277 2566 nec
1307 2507 1418 2566 alia
1448 2516 1539 2566 est
1570 2525 1770 2567 eornm
1793 2512 2147 2587 procreatio.

139 2593 388 2653 Piscium
440 2588 672 2652 diversa
724 2610 944 2668 genera
999 2609 1113 2650 non
1158 2600 1371 2651 coeunt
1413 2601 1649 2670 praeter
1691 2592 2011 2670 squatinam
2056 2601 2114 2652 et
2130 2600 2231 2657 161

76 2678 350 2752 zaraiam,
374 2683 476 2735 'ex
514 2677 723 2754 quibus
760 2678 1013 2737 nascitur
1043 2677 1242 2753 priore
1285 2683 1451 2754 parte
1492 2677 1653 2736 raiae
1687 2677 1919 2752 similis,
1953 2686 2011 2736 et
2044 2693 2144 2734 no·

140 2778 270 2821 men
302 2778 380 2820 ex
410 2769 659 2837 utroque
692 2761 1057 2839 conpositum
1081 2760 1233 2838 apud
1260 2758 1519 2820 Graecos
1548 2760 1738 2820 trahit.
1815 2759 2113 2832 Quaedam
2132 2768 2232 2823 162

140 2855 408 2923 tempore
439 2846 568 2903 anni
596 2845 937 2922 gignuntur,
977 2853 1034 2903 et
1062 2846 1119 2903 in
1146 2862 1351 2905 umore
1381 2853 1442 2906 ut
1471 2845 1527 2902 in
1556 2852 1748 2919 terra,
1787 2860 1932 2903 vere
1964 2847 2146 2921 pecti-

141 2948 278 3004 nes,
325 2929 598 3004 limaces,
644 2929 997 2989 hirundines.
1070 2929 1275 2987 eadem
1314 2939 1578 3007 tempore
1611 2936 1985 2988 evanescunt.
2060 2930 2146 3007 pi-

143 3015 323 3073 scium
365 3012 536 3089 lnpus
572 3022 632 3071 et
673 3013 910 3073 trichias
954 3011 1045 3070 bis
1081 3028 1230 3071 anno
1274 3015 1454 3090 parit,
1496 3021 1554 3072 et
1599 3012 1879 3071 saxatiles
1925 3028 2145 3072 omnes.

80 3097 300 3157 ssmnlli
347 3105 472 3171 ter,
512 3105 579 3155 ut
614 3097 868 3172 chalcis,
911 3096 1186 3173 cyprinus
1227 3099 1454 3172 sexieS,
1500 3113 1864 3174 scorpaenae
1905 3097 2028 3174 bis,
2077 3115 2149 3157 ac
2258 3114 2267 3121 “

145 3183 299 3259 sargi
328 3198 475 3240 vere
508 3184 881 3241 et'autumno.
947 3197 1022 3237 ex
1053 3179 1238 3255 planis
1269 3184 1529 3257 squatina
1560 3180 1671 3255 bis,
1709 3180 1837 3239 sola
1855 3190 2145 3256 autumn0,

143 3282 355 3325 occasu
387 3265 780 3340 vergiliarum.
833 3265 1093 3344 'plurumi
1128 3265 1370 3341 piscium
1401 3265 1581 3322 tribus
1611 3263 1904 3324 mensibus
1937 3265 2146 3344 Aprili,

141 3347 322 3425 Maio,
371 3348 568 3424 Iunio,
610 3350 811 3427 salpae
860 3359 1164 3424 autumno,
1215 3351 1403 3426 sargi‚
1440 3349 1724 3426 torpedo,
1771 3350 1956 3427 squali
1989 3352 2146 3415 circa

1736 3431 1820 3493 8*

2178 3520 2268 3586 Δ
