2320 3650
145 33 268 97 298
855 45 916 94 c.
952 24 1476 120 Pmm'snotmm

67 209 164 264 115
188 203 293 261 cis.
354 200 635 281 quaedam
668 200 801 262 alvo
833 201 1224 277 continentur,
1267 209 1329 260 ut
1353 210 1611 278 granata.
1676 202 2023 282 dependent
2054 202 2165 265 alia

148 286 466 365 pediculis,
497 295 559 346 ιιι
596 286 754 364 pira,
788 285 901 346 alia
930 286 1200 360 racemis,
1234 294 1295 344 ut
1324 303 1493 362 uvae,
1526 286 1778 364 palmae,
1813 288 1930 348 alia
1967 298 2029 348 et
2063 308 2163 367 pe-

143 370 350 430 diculis
381 379 439 429 et
468 371 735 446 racemis,
768 379 827 429 ut
850 358 1128 445 hed‘erae,
1166 368 1439 429 sambuci.
1493 370 1605 430 alia
1627 390 1791 432 ramo
1815 372 2163 447 adhaerent,

143 464 207 514 nt
235 456 292 513 in
322 454 505 515 lauro.
564 453 845 532 quaedam
877 463 1119 531 utroque
1159 453 1366 530 modo,
1407 464 1469 514 ut
1500 454 1715 516 olivae.
1775 475 1911 516 nam
1942 467 2003 516 et
2032 457 2163 516 bre·

143 557 251 599 ves
282 539 537 618 pediculi
567 548 627 598 et
656 538 834 615 longi.
894 537 1176 616 quaedam
1209 539 1461 598 vasculis
1500 550 1801 617 constant,
1851 549 1918 600 ιιι
1948 541 2163 601 Punica
2186 561 2212 599 ⁵

63 634 163 689 116
184 633 246 683 et
280 623 526 703 mespila
555 622 827 700 lotosque
858 623 914 681 in
944 620 1221 700 Aegypto
1252 631 1310 681 et
1343 622 1660 701 Euphrate.
1723 625 1845 684 Iam
1885 642 2042 684 vero
2083 625 2161 686 di·

145 727 317 769 versa
359 709 545 785 gratia
592 716 650 766 et
679 706 1118 766 commendatio.
1178 723 1354 766 carne
1386 707 1612 786 palmae
1645 709 1926 788 placent,
1968 718 2166 769 crusta

146 792 510 867 Thebaicae,
558 809 701 850 suco
729 809 877 851 uvae
910 799 969 850 et
998 800 1304 870 caryotae,
1346 792 1499 852 callo
1532 796 1661 870 pira
1689 812 1759 854 ac
1794 793 2009 868 mala,·
2035 811 2162 852 cor·

144 895 293 956 pore
335 874 656 951 melimela,
686 892 848 936 mora
879 874 1254 952 cartilagine,
1290 876 1485 936 nuclei
1514 876 1719 953 g'rano.
1783 878 2084 956 quaedam
2112 878 2167 936 in

146 961 421 1040 Aegypto
456 968 620 1035 cute,
664 969 726 1020 ut
769 961 1019 1019 caricae.
1085 959 1402 1020 detrahitur
1439 960 1589 1021 haec
1630 962 1757 1021 licis
1802 962 2160 1036 virentibus,
2182 980 2225 1020 ιο

62 1053 167 1109 117
187 1054 246 1105 ιιι
274 1054 579 1124 putamen,
612 1043 947 1122 eisdemque
971 1044 1027 1101 in
1061 1043 1237 1102 siccis
1265 1062 1529 1107 maxume
1552 1046 1768 1125 placet.
1819 1046 1880 1105 in
1921 1048 2164 1127 papyris

147 1139 208 1190 et
239 1129 441 1189 ferulis
471 1130 751 1207 spinaque
782 1127 915 1188 alba
941 1126 1121 1187 caulis
1144 1128 1276 1204 ipse
1299 1145 1529 1207 pomum
1555 1139 1663 1189 est.
1715 1138 1851 1190 sunt
1873 1139 1942 1190 et
1966 1130 2161 1190 ficulni

146 1214 380 1290 caules,
426 1214 483 1272 in
516 1212 796 1272 fruticoso
840 1229 1062 1288 genere
1106 1228 1234 1270 cum
1277 1213 1444 1272 caule
1481 1216 1782 1293 capparis,
1839 1214 1901 1273 in
1934 1215 2161 1292 siliquis

145 1315 290 1357 vero
349 1296 501 1376 quod
552 1296 833 1356 manditur
873 1295 1166 1374 quidnisi
1216 1295 1430 1373 lignum
1474 1295 1625 1358 est?
1676 1317 1796 1359 non
1841 1297 2159 1358 omittenda

148 1383 378 1444 seminis
422 1399 618 1441 earum
656 1380 1036 1459 proprietate.
1107 1398 1239 1440 nam
1283 1399 1472 1460 neque
1519 1399 1737 1461 corpus
1781 1400 1899 1443 nec
1945 1383 2213 1459 lignumis

146 1484 258 1526 nec
288 1465 568 1541 cartilago
602 1464 714 1525 dici
743 1472 972 1543 potest,
1015 1481 1207 1543 neque
1243 1465 1395 1525 alind
1428 1483 1639 1525 nomen
1677 1468 1960 1527 inveniat.

65 1562 170 1615 118
299 1550 399 1610 29.
456 1549 623 1628 (35.)
683 1550 965 1609 Sucorum
996 1557 1198 1608 natura
1228 1551 1600 1628 praecipuam
1632 1551 2076 1619 admirationem
2104 1550 2154 1610 in

146 1644 330 1710 myrto
360 1633 556 1709 habet,
590 1633 816 1711 quando
848 1651 923 1692 ex
947 1650 1058 1692 una
1088 1634 1334 1699 omnium
1364 1633 1482 1693 olei
1512 1636 1745 1713 vinique
1775 1636 1912 1695 bina
1935 1650 2153 1712 genera

66 1720 139 1796 ’,ξι
158 1720 325 1796 liunt,
356 1719 493 1777 item
528 1717 938 1793 myrtidanum,
969 1727 1032 1777 ut
1063 1717 1325 1777 diximus.
1385 1717 1460 1777 Et
1486 1718 1633 1779 alius
1660 1738 1802 1779 usus
1834 1719 2024 1779 bacae
2055 1718 2155 1777 fnit

150 1803 301 1884 apud
345 1803 643 1880 antiquos,²
690 1810 995 1879 antequam
1036 1802 1207 1880 piper
1248 1803 1636 1881 reperiretur,
1681 1803 1844 1864 illam
1887 1804 2207 1883 optinens-»20

149 1890 371 1963 vicem,
417 1885 666 1965 quodam
709 1886 877 1945 etiam
922 1887 1201 1962 generosi
1242 1888 1449 1966 opsoni
1489 1890 1718 1947 nomine
1764 1887 1902 1964 inde
1949 1896 2149 1961 tracto,

150 1971 307 2052 quod
336 1973 509 2032 etiam
537 1987 687 2029 nunc
714 1978 1019 2045 myrtatum
1050 1979 1310 2030 vocatur.
1370 1971 1693 2050 eademque
1725 1973 1962 2049 origine
1989 1988 2150 2050 apro-

149 2076 274 2117 rum
335 2072 514 2134 sapor
576 2053 1035 2134 commendatur,
1099 2054 1441 2134 plerumque
1490 2055 1565 2118 ad
1626 2057 1897 2116 intinctus
1955 2055 2153 2117 additis

151 2142 369 2216 myrtis.
874 2183 877 2184 ν

68 2236 171 2291 119
307 2224 474 2305 (36.)
531 2222 724 2285 Arbor
764 2223 892 2302 ipsa
938 2226 995 2282 in
1040 2221 1314 2302 Europae
1343 2223 1632 2288 *citeriore
1676 2222 1885 2301 caelo,
1930 2224 2084 2303 quod
2119 2241 2202 2281 ιιι

153 2309 453 2370 Cerauniis
491 2308 781 2369 montibus
822 2307 1052 2386 incipit,
1096 2307 1339 2385 primum
1368 2305 1591 2367 Circeis
1628 2308 1687 2366 in
1715 2305 2038 2386 Elpenoris
2075 2318 2148 2368 tn·
2259 2333 2260 2344 ι

150 2394 307 2455 mulo
332 2396 456 2454 visa
486 2394 743 2467 traditur,
774 2390 1172 2469 Graecumque
1206 2395 1259 2452 ei
1290 2410 1500 2452 nomen
1529 2399 1807 2467 remanet,
1843 2411 1963 2471 qno
1992 2410 2147 2472 pere·

153 2481 372 2557 grinam
412 2497 548 2539 esse
589 2478 848 2555 adparet.
904 2475 1009 2535 fuit
1040 2475 1138 2535 ubi
1177 2495 1328 2536 nu-nc
1363 2475 1546 2536 Roma
1588 2484 1679 2535 est
1719 2478 1831 2535 iam
1863 2494 1993 2535 cum
2023 2494 2147 2536 con·

154 2565 421 2639 deretur,
465 2562 679 2641 quippe
710 2562 785 2620 ita
815 2560 1085 2635 traditur,
1122 2570 1344 2635 myrtea
1374 2560 1631 2620 verbena
1662 2558 1963 2619 Romanos
1993 2559 2144 2620 Sabi·
2257 2575 2258 2596 ³

152 2665 411 2727 nosque,
477 2664 606 2707 cum
646 2653 889 2724 propter
938 2653 1135 2722 raptas
1176 2646 1432 2722 virgines
1478 2645 1749 2704 dimicare
1795 2637 2198 2716 voluissent,ao

156 2731 436 2811 depositis
466 2721 636 2791 armis
675 2738 954 2808 purgatos
983 2729 1038 2787 in
1083 2746 1156 2788 eo
1199 2728 1335 2789 loco
1381 2729 1477 2806 qui
1514 2746 1666 2787 nunc
1710 2729 1876 2804 signa
1911 2725 2144 2788 Veneris

70 2827 175 2881 120
202 2815 514 2877 Cluacinae
545 2814 739 2875 habet.
802 2812 1001 2873 cluere
1032 2814 1181 2871 enim
1209 2813 1704 2891 antiquipurgare
1734 2812 2026 2877 dicebant.
2078 2809 2145 2871 Et

157 2904 214 2962 in
273 2917 342 2962 ea
404 2916 636 2979 quoque
691 2898 903 2958 arbore
950 2897 1259 2956 suffimenti
1301 2914 1487 2974 genus
1528 2895 1805 2970 habetur,
1853 2897 1992 2957 ideo
2039 2905 2141 2955 tum

157 2987 382 3061 electa,
438 2986 703 3063 quoniam
746 2981 1131 3042 coniunctioni
1176 2990 1236 3040 et
1279 2981 1410 3040 huic
1443 2980 1637 3041 arbori
1673 2981 1866 3040 Venus
1897 2988 2136 3058 praeest,

158 3070 308 3129 haud
348 3072 472 3129 scio
515 3087 586 3128 an
626 3068 920 3146 primaeva
965 3066 1210 3125 omnium
1240 3066 1296 3124 in
1326 3064 1473 3124 locis
1502 3064 1756 3144 publicis
1784 3064 2006 3125 Romae
2033 3071 2189 3123 sata*

159 3153 394 3212 fatidico
441 3153 671 3230 quidem
725 3159 785 3211 et
828 3150 1188 3210 memorabili
1232 3151 1491 3226 augurio.
1576 3150 1725 3208 inter
1766 3148 2133 3227 antiquissima
2253 3149 2254 3190 l

66 3313 70 3317 Δ
160 3253 403 3310 namque
427 3235 667 3294 delubra
692 3235 938 3294 habetur
962 3234 1204 3308 Quirini,
1235 3234 1349 3293 hoc
1381 3242 1472 3293 est
1498 3233 1679 3311 ipsius
1698 3232 1951 3302 Romuli.
1999 3233 2132 3290 ineo
2249 3237 2252 3360 1

162 3332 365 3374 sacrae
402 3318 566 3384 fuere
594 3319 763 3392 myrti
795 3318 943 3378 duae
983 3327 1114 3378 ante
1160 3317 1364 3396 aedem
1394 3319 1579 3397 ipsam
1615 3336 1726 3398 per
1753 3318 1985 3395 longum
2012 3324 2130 3376 ten·
2250 3367 2253 3473 j

2248 3507 2250 3578 l
