2320 3650
118 76 197 139 28
833 70 910 137 ‘0.
945 87 1135 139 pum
1171 86 1472 139 sscmsm

117 248 395 307 malorum
426 263 645 323 genera
676 244 860 307 XXX.
923 265 1050 328 quo.
1074 265 1342 326 quaeque
1375 256 1642 325 tempore
1676 257 1917 309 externa
1950 249 2129 328 poma

119 333 384 391 venerint
415 333 471 389 in
502 330 719 392 Italiam
742 342 813 392 et
841 333 1013 394 unde.
1057 333 1185 402 Δ15.
1221 348 1369 410 quae
1410 334 1760 408 novissime,
1827 334 1923 395 16.
1963 337 2126 413 piro-

119 435 243 476 rum
285 433 504 494 genera
549 414 695 476 XLI.
775 419 870 479 17.
921 417 993 477 de
1032 417 1332 476 insitorum
1382 417 1674 482 varietate*
1716 426 1774 476 et
1833 417 2129 496 fulgurum

120 501 395 580 piatione.
462 499 558 561 18.
603 501 675 561 de
721 502 908 580 pomis
950 500 1252 561 servandis
1295 508 1352 559 et
1394 501 1539 560 uvis.
1601 501 1698 562 19.
1745 503 1984 563 ficorum
2015 521 2127 581 ge-

119 604 261 646 nera
290 583 582 645 XXVIIII.
647 584 747 645 20.
794 586 868 645 de
912 585 1038 646 ficis
1067 584 1365 659 historica,
1421 583 1518 644 21.
1554 585 1629 645 de
1655 587 2124 670 caprificatione,
2145 595 2179 647 5‘

121 670 221 729 22.
254 669 628 747 mespilorum
659 687 880 747 genera
910 668 1025 745 III,
1093 668 1193 730 23.
1227 668 1531 729 sorborum
1565 687 1784 747 genera
1816 671 1953 746 1111,
2018 672 2125 732 24.

119 773 328 814 nucum
361 771 580 831 genera
616 752 719 828 XI,
778 753 879 813 25.
919 762 1316 814 castanearum
1345 767 1564 829 genera
1596 752 1805 814 XVIII.
1863 754 1963 818 26.
2001 757 2126 834 sili·

121 857 291 917 quae.
352 838 452 899 27.
492 838 565 898 de
610 837 872 897 carnosis
912 839 1119 917 pomis.
1184 838 1257 897 de
1300 838 1494 896 moris.
1561 836 1660 897 28.
1710 838 1783 898 de
1828 840 2126 900 unedone.

121 923 222 985 29.
283 923 575 984 acinorum
626 930 881 983 naturae.
958 922 1057 984 30.
1116 939 1451 982 cerasorum
1501 940 1722 999 genera
1773 922 1950 983 VIIII.
2017 924 2123 985 34.

122 1024 319 1081 corna,
357 1006 619 1080 lentisci,
684 1005 784 1067 32.
818 1006 916 1069 33.
956 1024 1223 1066 sucorum
1258 1006 1620 1066 differentiae
1652 1002 1855 1093 XIII).
1919 1008 2126 1086 (35-
2150 1029 2202 1071 ιο

121 1091 233 1171 38)
271 1089 488 1165 Myrtus
532 1084 677 1174 (36.
728 1090 1002 1151 historica
1033 1092 1106 1151 de
1145 1100 1352 1165 myrto.
1416 1091 1516 1152 37.
1550 1108 1771 1167 genera
1815 1093 1939 1152 eius
1968 1088 2122 1179 XI).

122 1175 254 1253 (39.
288 1174 401 1253 40)
433 1174 667 1234 Laurus.
713 1192 932 1253 genera
964 1175 1088 1236 eius
1114 1173 1271 1234 XIII.
1332 1174 1722 1235 Summa:'res
1754 1185 1812 1236 et
1840 1176 2125 1237 historiae

121 1268 179 1319 et
213 1259 655 1320 observationes
688 1258 871 1319 DXX.
2164 1309 2171 1316 .

243 1341 336 1403 Ex
366 1344 727 1404 auctoribus:
786 1337 1151 1419 Fenestella,
1185 1342 1469 1418 Fabiano,
1501 1341 1802 1420 Vergilio,
1840 1342 2150 1418 Cornelio,

116 1427 465 1503 ValerianO,
511 1427 723 1504 Celso,
768 1425 989 1489 Catone
1024 1429 1329 1502 censorie,
1374 1428 1642 1487 Sasernis
1673 1437 1838 1507 patre
1871 1437 1930 1487 et
1973 1428 2120 1504 filio,
2145 1454 2199 1495 15

119 1514 360 1588 Scrofa,
397 1512 475 1573 M.
504 1513 804 1589 Varrone,
839 1513 911 1573 D.
947 1513 1179 1587 Silano,
1212 1510 1395 1572 Fabio
1429 1511 1659 1572 Pictore
1681 1556 1698 1588 ,
1734 1511 1966 1591 Trogo,
1999 1511 2121 1589 Hy-

118 1599 276 1675 gino,
308 1598 524 1659 Flacco
547 1596 780 1671 Verrio,
816 1596 1122 1671 Graecino,
1158 1595 1354 1655 Attico
1387 1594 1552 1671 Iulio,
1588 1595 1933 1672 Columella,
1966 1595 2122 1657 Mas-

119 1685 275 1742 surio
309 1682 556 1757 Sabino,
590 1680 877 1758 Tergilla,
913 1680 1081 1741 Cotta
1112 1680 1449 1755 Messalino,
1481 1679 1542 1739 L.
1576 1680 1807 1755 Pisone,
1839 1681 2122 1759 Pompeio

101 1767 385 1841 Lenaeo,
423 1765 645 1824 Maecio
679 1765 912 1841 Plauto,
944 1764 1178 1840 Flavio,
1211 1764 1515 1841 Dosseno,
1548 1765 1873 1842 Scaevola,
1919 1765 2120 1843 Aelio,

118 1852 292 1912 Ateio
329 1849 644 1929 Capitone,
693 1850 897 1909 Sextio
943 1849 1160 1927 Nigro,
1206 1848 1381 1910 Vibio
1421 1848 1594 1909 Rufe.
1648 1849 1952 1910 Externis:
2001 1850 2196 1915 ile-20

120 1936 310 2012 siodo,
329 1934 671 2009 Aristotele,
690 1932 1052 2009 Democrito,
1076 1933 1332 1993 Hierone
1344 1952 1515 2012 rege,
1541 1934 1931 1995 Philometore
1946 1953 2147 2013 rege,.

120 2020 316 2081 Attalo
344 2037 522 2095 rege,
556 2018 846 2093 Archyta,
889 2016 1316 2097 Xenophonte,
1349 2018 1738 2096 Amphilocho
1788 2019 2121 2096 Athenaeo,

120 2103 432 2183 Anaxipoli
467 2103 679 2163 Thasio
700 2146 717 2178 ,
754 2101 1121 2181 Apollodoro
1153 2101 1411 2178 Lemnio,
1445 2101 1834 2183 Aristophane
1866 2102 2122 2180 Milesio,

121 2190 414 2266 Antigono
458 2186 749 2263 Cymaeo,
796 2186 1124 2271 Agathocle
1157 2175 1336 2262 Chio,
1381 2187 1700 2264 Apollonio
1732 2188 2119 2265 Pergameno,

120 2274 459 2333 Aristandro
491 2272 819 2347 Athenaeo,
849 2272 1103 2331 Bacchio
1130 2269 1385 2347 Milesio,
1417 2271 1598 2331 Bione
1624 2271 1893 2347 Solense,
1931 2270 2120 2333 Chae·
2142 2293 2196 2333 25

118 2377 220 2418 rea
272 2357 611 2432 Athenaeo,
671 2355 974 2416 Chaeristo
1024 2357 1192 2430 item,
1247 2354 1510 2416 Diodoro
1557 2355 1872 2431 Prienaee,
1928 2355 2124 2416 Dione

122 2441 518 2520 Colophonio,
555 2440 824 2519 Epigene
862 2438 1120 2514 Rhodio,
1169 2437 1451 2516 Euagone
1483 2439 1729 2516 Thasio,
1779 2440 2124 2519 Euphronio
2226 2432 2245 2453 ⁶

119 2527 451 2601 Athenan,
481 2525 845 2585 Androtione
871 2524 967 2602 qui
992 2525 1065 2584 de
1090 2524 1439 2601 agricultura
1464 2526 1719 2603 scripsit,
1746 2525 2125 2585 Aeschrione

121 2614 217 2690 qui
248 2613 414 2686 item,
447 2608 728 2684 Dionysio
757 2609 853 2687 qui
886 2606 1193 2685 Magonem
1225 2608 1540 2683 transtulit,
1573 2609 1878 2687 Diophane
1915 2611 2011 2688 qui
2044 2628 2124 2669 ex

120 2696 418 2772 Dionysio
459 2695 752 2773 epitomen
807 2692 982 2769 fecit,
1034 2692 1396 2772 Asclepiade
1445 2694 1707 2769 medico,
1765 2692 2121 2771 Erasistrato
2143 2714 2201 2756 30

121 2783 278 2856 item,
313 2779 644 2843 Commiade
677 2778 772 2856 qui
804 2777 877 2837 de
910 2778 1205 2838 conditura
1234 2778 1370 2853 vini,
1401 2777 1808 2838 Aristomacho
1839 2779 1932 2857 qui
1957 2779 2119 2854 item,

120 2865 355 2925 Hicesio
391 2862 486 2944 qui
519 2865 684 2938 item,
720 2861 1068 2922 Themisone
1103 2863 1356 2937 medico,
1395 2859 1744 2937 OnesicritO,
1778 2861 1917 2923 Iuba
1948 2879 2117 2939 rege.

242 2947 413 3008 Libro
439 2947 592 3008 XVI.
629 2948 990 3007 continentur
1024 2946 1368 3006 silvestrium
1401 2945 1670 3006 arborum
1700 2955 1956 3006 naturae.
2013 2946 2117 3025 (1)

122 3033 339 3094 Gentes
365 3033 509 3092 xsine
552 3032 785 3092 arbore.
849 3029 950 3109 (2)
995 3028 1272 3092 Miracula
1307 3032 1362 3089 in
1404 3031 1843 3109 septentrionali
1871 3032 2120 3108 regione

119 3118 405 3178 arborum.
460 3115 728 3195 (3—13)
754 3115 845 3175 De
878 3115 1238 3193 glandiferis.
1292 3106 1410 3198 [de
1445 3116 1628 3176 civica
1660 3131 1894 3174 corona.
1949 3117 2008 3175 4.
2045 3106 2122 3176 ‘de
2144 3137 2204 3181 35

121 3219 462 3263 coronarum
508 3200 749 3275 origine.
812 3201 869 3261 5.
904 3200 1001 3278 qui
1041 3198 1285 3259 frondea
1318 3215 1536 3258 corona
1579 3199 1789 3261 donati.
1861 3199 1918 3260 6.
1952 3200 2119 3277 glan-

120 3284 269 3345 dium
300 3302 519 3361 genera
548 3281 703 3341 XIII.
763 3286 819 3344 7.
856 3284 1118 3360 deNfago.
1182 3281 1238 3342 8.
1278 3282 1351 3342 de
1382 3283 1624 3361 reliquis
1657 3282 1983 3361 glandibus.
2042 3284 2126 3344 de

120 3369 393 3430 carbone.
469 3367 528 3429 9.
575 3367 648 3427 de
700 3366 873 3442 galla.
937 3367 1201 3428 10—13.
1243 3383 1412 3444 quam
1453 3367 1911 3445 multa’praeter
1953 3367 2118 3445 glan·

64 3528 182 3576 -ι
