2320 3650
110 115 190 176 30
710 180 719 190 ‚
793 125 852 175 0.
899 124 1091 174 Pmm
1128 116 1434 174 'saeuum

26 291 126 343 154
142 281 428 360 phoenice
465 299 533 341 ac
563 280 858 360 Nymphis.
924 283 1232 341 Anacreon
1264 289 1437 359 poeta
1469 279 1865 358 Arganthonio
1900 275 2116 340 'Parte-

107 368 320 425 siorum
364 366 491 442 regi
537 378 620 425 CL
662 366 856 425 tribuit
899 377 1109 441 annos,
1160 364 1406 440 Cinyrae
1450 362 1792 443 Cypriorum
1841 375 1888 423 x
1943 366 2134 423 annis'

107 448 379 526 ampliuS,
415 449 680 527 Aegimio
714 462 814 509 00.
852 449 1261 528 Theopompus
1297 447 1621 528 Epimenidi
1658 444 1873 507 Cnosio
1908 455 2111 524 CLIII,

102 532 434 592 Hellanicus
475 533 751 612 quosdam
797 535 851 591 in
888 534 1120 593 Aetolia
1160 532 1438 611 Epiorum
1474 533 1663 608 gentis
1708 541 1790 591 00
1834 532 2111 612 explere,

103 618 193 677 cui
233 617 608 694 adstipulatur
645 617 946 676 Damastes
982 634 1304 675 memorans
1333 613 1660 675 Pictoreum
1704 634 1778 673 ex
1811 616 1887 673 iis
1932 633 2110 693 prae·
2137 611 2186 671 δ’

101 703 325 779 cipuum
362 717 611 779 corpore
646 699 980 777 viribusque
1017 702 1184 758 etiam
1228 707 1352 760 000
1386 701 1635 774 vixisse,
1680 695 1948 777 Ephorus
1993 698 2132 757 Ar!

18 795 113 845 155
133 785 335 843 cadum
385 802 562 861 reges
609 794 751 843 000·
783 786 971 858 annis,
1011 784 1366 842 'Alexander
1410 779 1718 841 Cornelius
1761 782 2108 842 Dandonem

97 868 379 946 quendam
409 871 465 925 in
497 867 731 942 Illyrico
762 877 810 925 D
836 868 1071 926 vixisse.
1132 866 1459 945 Xenophon
1504 867 1561 925 in
1591 867 1824 945 periplo
1853 865 2108 925 Lunnio-

94 971 213 1009 rum
251 950 474 1010 insulae
517 969 718 1027 regem
758 961 885 1026 DC,
930 959 1102 1029 atque
1135 960 1195 1009 ut
1231 968 1407 1028 parce
1454 951 1721 1010 mentitus
1758 950 1932 1009 lilium
1976 952 2107 1009 eius

94 1047 292 1109 DCCC,
328 1053 477 1111 quae
511 1035 698 1093 omnia
729 1029 951 1093 inscitia
974 1044 1293 1113 temporum
1319 1034 1669 1093 acciderunt.
1720 1051 1923 1092 annum
1943 1035 2106 1092 enim
2129 1050 2188 1090 ισ

95 1119 188 1176 alii
233 1126 454 1176 aestate
496 1136 663 1176 unum
709 1118 1162 1178 determinabant
1199 1128 1254 1176 et
1286 1118 1527 1177 alterum
1557 1115 1778 1192 hieme,
1791 1117 1911 1176 alii
1957 1136 2104 1195 qua-

94 1201 405 1277 dripartitis
438 1201 825 1280 temporibuS,
867 1205 1014 1262 sicut
1046 1202 1307 1261 Arcades
1341 1220 1581 1301 quorum
1614 1203 1742 1260 anni
1775 1203 2105 1261 trimestres

91 1283 289 1359 fuere,
326 1286 550 1363 quidam
584 1285 752 1345 lunae
784 1288 947 1345 senio
990 1296 1051 1346 ut
1084 1285 1381 1384 Aegyptii.
1443 1287 1637 1364 itaque
1673 1285 1823 1363 apud
1857 1302 1963 1343 eos
1996 1284 2102 1343 ali-

12 1377 108 1430 156
128 1368 221 1445 qui
255 1377 313 1427 et
345 1369 571 1446 singula
610 1370 760 1429 milia
799 1387 1071 1432 annorum
1104 1369 1322 1427 vixisse
1358 1370 1690 1447 produntur.
1762 1368 1880 1427 Sed
1920 1377 1982 1426 ut
2024 1369 2106 1427 ad

90 1450 359 1511 confessa
390 1462 778 1529 transeamuS,
818 1454 1269 1530 Arganthonium
1300 1452 1631 1513 Gaditanum
1666 1453 1964 1528 octoginta
2000 1467 2102 1510 an·
2123 1463 2171 1503 ¹⁵

86 1537 172 1594 nis
199 1555 479 1612 regnasse
500 1543 686 1615 prope
712 1547 930 1597 certum
956 1547 1063 1597 est.
1106 1546 1305 1614 putant
1329 1537 1770 1615 quadragesimo
1798 1536 2097 1613 coepisse.

86 1618 443 1679 Masinissam
483 1624 785 1697 sexaginta
830 1624 988 1680 annis
1033 1637 1315 1697 regnasse
1359 1620 1729 1679 indubitatum
1772 1629 1892 1694 est,
1950 1619 2100 1679 Gor-

87 1706 219 1779 gian
274 1704 528 1763 Siculum
570 1714 796 1764 centum
842 1714 901 1763 et
955 1713 1119 1763 octo
1132 1705 1373 1762 vixisse.
1450 1703 1519 1776 Q.
1566 1702 1773 1763 Fabius
1814 1702 2098 1761 Maximus

86 1788 387 1863 sexaginta
434 1786 617 1847 tribus
665 1784 827 1848 annis
871 1803 1053 1864 augur
1084 1788 1204 1847 fuit.
1259 1785 1341 1869 M.
1379 1785 1683 1866 Perpenna
1716 1797 1786 1847 et
1814 1804 2002 1886 nuper
2029 1785 2124 1846 L.

81 1870 358 1929 Volusius
394 1872 728 1930 Saturninus
761 1874 1005 1931 omnium
1033 1878 1180 1950 quos
1203 1873 1259 1930 ἰιι
1291 1872 1591 1932 consulatu
1624 1872 1965 1931 sententiam
1997 1884 2096 1930 ro-
2115 1874 2169 1938 '20

86 1964 363 2030 gaverant
399 1956 743 2033 superstites
778 1957 965 2015 fuere.
1026 1956 1330 2033 Perpenna
1372 1950 1595 2033 septem
1630 1957 1888 2034 reliquit
1905 1973 1980 2013 ex
2023 1956 2096 2013 iis

3 2046 101 2099 157
127 2056 272 2116 quos
305 2056 516 2097 censor
550 2038 795 2116 legerat.
847 2039 991 2098 vixit
1022 2055 1200 2098 annos
1233 2050 1473 2106 XCVIII.
1531 2058 1640 2116 qua
1673 2041 1727 2098 in
1758 2058 1822 2098 re
1856 2048 1912 2097 et
1947 2038 2097 2098 illud

81 2121 356 2181 adnotare
403 2125 715 2199 succurrit,
768 2141 936 2183 unum
987 2125 1214 2201 omnino
1257 2125 1697 2202 quinquennium
1744 2122 1924 2183 fuisse
1974 2138 2094 2201 quo

82 2216 318 2265 senator
352 2204 544 2265 nullus
574 2217 928 2283 moreretur,
969 2226 1094 2267 cum
1124 2204 1372 2266 Flaccus
1418 2212 1475 2266 et'
1518 2207 1763 2267 Albinus
1809 2223 2100 2265 censores

80 2289 315 2349 lustrum
360 2290 710 2366 condidere,
757 2310 942 2370 usque
989 2293 1061 2351 ad
1102 2306 1418 2369 proxumos
1463 2308 1773 2366 censores,
1821 2291 1892 2350 ab
1942 2306 2091 2349 anno
2112 2302 2176 2353 25'

79 2372 234 2431 urbis
270 2376 728 2450 quingentesimo
761 2376 1193 2453 septuagesimo
1225 2392 1400 2433 nono.
1471 2373 1546 2433 M.
1580 2375 1850 2434 Valerius
1886 2372 2090 2433 Corvi-

78 2475 182 2514 nus
215 2468 254 2516 0
289 2475 468 2516 annos
501 2458 777 2536 inplevit,
816 2460 976 2518 cuius
1012 2460 1159 2517 inter
1189 2461 1433 2537 ‘primum
1469 2466 1536 2517 et*
1563 2468 1786 2518 sextum
1821 2458 2112 2517 consula-¹

77 2549 192 2598 tum
237 2553 406 2600 XLVI
451 2544 578 2600 anni
633 2542 818 2602 fuere.
890 2543 1041 2603 idem
1090 2542 1237 2601 sella
1284 2543 1466 2602 curuli
1521 2540 1703 2601 semel
1751 2560 1820 2601 ac
1864 2544 2108 2602 viciens'

77 2623 262 2700 sedit,
308 2627 574 2703 quotiens
618 2644 787 2685 nemo
835 2626 1004 2687 alius,
1070 2627 1340 2704 aequavit
1381 2629 1503 2686 eius
1542 2628 1696 2686 vitae
1740 2628 1925 2704 spatia
1966 2622 2089 2684 Me-

1 2717 92 2770 [58
111 2708 284 2767 tellus
318 2709 598 2786 pontifex.
671 2709 743 2768 Et
790 2728 863 2768 ex
896 2710 1122 2769 feminis
1156 2709 1312 2769 Livia
1357 2709 1533 2770 Rutili
1563 2723 1728 2770 XCVI
1771 2724 1951 2769 annos
1987 2726 2086 2768 ex·
2110 2728 2166 2771 30

77 2794 276 2866 cessit,
311 2793 534 2852 Statilia
563 2790 806 2852 Claudio
840 2795 1102 2873 principe
1136 2788 1215 2852 'ex
1236 2793 1415 2852 nobili
1441 2794 1611 2854 domo
1641 2796 1952 2871 nonaginta
1986 2811 2088 2852 no-

73 2894 226 2951 vem,
262 2875 536 2936 Terentia
564 2874 866 2937 Ciceronis
899 2890 1040 2952 0111,
1078 2875 1283 2937 Clodia
1320 2874 1452 2937 Ofili
1485 2891 1642 2954 cxv,
1675 2878 1820 2938 haec
1854 2878 2089 2956 quidem

75 2961 244 3017 etiam
311 2962 479 3020 enixa
539 2960 933 3037 quindeciens.
1015 2961 1265 3021 Lucceia
1317 2963 1482 3020 mima
1535 2971 1759 3021 centum
1818 2964 1979 3021 annis
2032 2964 2088 3020 in

76 3060 284 3101 scaena
317 3037 723 3122 pronuntiavit.
786 3043 1017 3103 Galeria
1064 3042 1312 3123 Copiola
1347 3044 1683 3104 emboliaria
1718 3044 1960 3104 reducta
1996 3054 2090 3103 est

76 3127 129 3182 in
178 3144 447 3186 scaenam
494 3126 560 3186 C.
611 3127 890 3206 Poppaeo
934 3127 1004 3201 Q.
1050 3129 1312 3206 Sulpicio
1358 3145 1513 3187 coss.
1561 3128 1709 3189 ludis
1755 3145 1862 3207 pro
1896 3128 2163 3188 salutess

76 3208 187 3266 divi
225 3208 470 3285 Augusti
502 3212 732 3269 votivis.
797 3229 998 3270 annum
1027 3225 1175 3270 VIII.
1207 3226 1387 3287 agens
1420 3212 1700 3289 producta
1728 3212 1915 3272 fuerat
1943 3214 2086 3271 tiro-

77 3291 228 3347 cinio
263 3309 295 3349 a
318 3291 393 3350 M.
430 3293 710 3369 Pompilio
745 3294 935 3354 aedile
970 3295 1160 3372 plebis
1196 3291 1262 3351 C.
1292 3293 1473 3352 Mario
1508 3292 1612 3354 Cn.
1640 3293 1908 3354 Carbone
1945 3310 2085 3354 con-

78 3371 296 3432 sulibus
354 3384 484 3433 ante
531 3392 710 3434 annos
764 3389 890 3453 xc,
956 3395 988 3437 a
1042 3376 1250 3453 Magno
1306 3377 1583 3456 Pompeio
1636 3380 1824 3455 magni
1874 3377 2087 3438 theatri
