2320 3650
119 133 236 197 196
767 145 828 195 ο.
870 145 1060 194 rum
1103 143 1403 193 suenum

27 310 94 366 61
112 299 170 359 in
198 297 433 372 Libyam
473 305 753 357 remotum
793 315 826 357 a
863 297 1112 357 flumine.
1192 296 1325 358 dein
1353 295 1665 375 Ptolemais
1711 307 1774 358 et
1799 296 2115 378 Panopolis

113 401 183 443 ac
211 382 461 442 Veneris
502 384 738 456 iterum,
784 390 842 441 et
885 382 942 440 in
983 381 1202 455 Libyco
1238 381 1465 458 Lycon,
1509 382 1607 441 ubi
1647 391 1875 442 montes
1914 384 2116 444 finiunt

113 465 488 526 Thebaidem.
563 465 634 524 ab
680 464 749 523 iis
793 463 1007 543 oppida
1048 464 1332 540 Mercuri,
1375 465 1760 542 Alabastron,
1805 464 2020 527 Canum
2051 476 2114 527 et

53 571 102 605 ιο
119 567 292 628 supra
332 549 542 609 dictum
569 548 855 609 Herculis.
932 546 1139 608 deinde
1173 549 1452 608 Arsinoes
1486 567 1555 608 ac
1596 549 1708 609 iam
1751 550 1904 610 dicta
1932 549 2107 610 Mem·

112 632 275 711 phis,
327 634 477 692 inter
508 650 677 711 quam
709 640 768 691 et
791 632 1123 694 Arsinoiten
1153 650 1364 706 nomon
1398 633 1456 691 in
1483 631 1702 707 Libyco
1737 641 1928 692 turres
1957 651 2105 713 quae
2131 655 2158 693 5

114 717 444 795 pyramides
487 723 797 792 vocantur,
842 714 1200 790 labyrinthus
1248 734 1282 775 e
1311 715 1592 776 Moeridis
1632 717 1763 776 lacu
1806 716 1967 777 nullo
2009 716 2107 776 ad-

111 799 229 860 dito
261 800 420 878 ligno
454 799 869 860 exaedificatas
896 807 954 858 et
984 798 1255 878 oppidum
1280 797 1533 858 Crialon.
1602 817 1771 859 unum
1803 809 2107 878 praeterea

110 884 264 944 intus
306 892 367 944 et
406 883 660 944 Arabiae
708 883 1120 943 conterminum
1163 883 1440 949 claritatis
1479 900 1753 961 magnae,
1812 882 1970 944 Solis
2003 899 2106 962 op·

114 968 322 1046 pidum.

29 1059 97 1113 62
288 1051 383 1110 10.
431 1049 547 1110 Sed
589 1049 712 1109 iure
745 1048 1059 1110 laudetur
1039 1069 1098 1109 m
1129 1049 1300 1111 litore
1331 1047 1610 1129 Aegyptii
1646 1051 1818 1111 maris
1849 1012 2183 1112 Alexan-10

34 1186 49 1199 .
112 1134 235 1194 dria
277 1151 308 1193 a
351 1132 562 1193 Manno
605 1133 939 1193 Alexandro
984 1134 1216 1195 condita
1261 1135 1318 1193 in
1356 1133 1593 1194 Africae
1631 1144 1794 1213 parte
1839 1134 1911 1195 ab
1954 1132 2105 1194 ostio

116 1212 412 1276 Canobico
510 1216 564 1277 11
596 1215 655 1276 Μ
691 1235 959 1295 passuum
1000 1218 1155 1278 iuxta
1189 1217 1491 1278 Mareotim
1532 1217 1754 1294 lacum,
1806 1219 1900 1296 qui
1939 1218 2108 1277 locus

114 1309 281 1360 antea
324 1300 618 1361 Rhacotes
659 1301 1069 1361 nominabatur.
1156 1310 1403 1361 metatus
1447 1309 1560 1360 est
1580 1319 1707 1360 eam
1737 1263 2107 1362 Dinochares

115 1384 462 1444 architectus
504 1383 764 1464 pluribus
802 1385 989 1445 modis
1030 1384 1390 1445 memorabili
1423 1386 1691 1462 ingenio,
1744 1384 1853 1445 XV
1879 1383 1939 1444 Μ
1974 1402 2106 1463 pas·

115 1485 276 1527 suum
327 1466 562 1528 laxitate
616 1466 838 1527 insessa
888 1469 960 1528 ad
1016 1469 1271 1545 effigiem
1312 1467 1726 1529 Macedonicae
1789 1466 2104 1542 chlamydis
2130 1489 2179 1530 15

119 1550 261 1610 orbe
318 1559 524 1628 gyrato
579 1550 946 1626 laciniosam,
1009 1552 1215 1612 dextra
1289 1551 1573 1630 laevaque
1629 1551 1913 1629 anguloso
1970 1567 2104 1630 pro-

29 1644 98 1697 63
116 1652 317 1710 cursu,
361 1637 472 1694 iam
505 1643 621 1694 tum
661 1645 850 1694 tamen
886 1635 1077 1712 quinta
1121 1636 1263 1694 situs
1292 1645 1459 1713 parte
1488 1637 1698 1712 regiae
1721 1637 1926 1697 dicata.
1989 1633 2103 1694 Ma·

113 1720 293 1777 reotis
329 1717 489 1776 lacus
521 1719 592 1778 ad
644 1719 955 1778 meridiana
1010 1717 1166 1777 urbis
1219 1727 1440 1796 partem
1485 1721 1687 1798 euripo
1732 1737 1766 1778 e
1809 1715 2103 1779 Canobieo

115 1803 265 1862 ostio
296 1802 460 1861 mittit
491 1819 566 1862 ex
595 1802 1021 1862 mediterraneo
1053 1803 1418 1878 conmercio,
1466 1802 1681 1863 insulas
1715 1818 1947 1884 quoque
1977 1801 2102 1881 plu-

115 1887 194 1945 ris
225 1886 554 1962 amplexuS,
600 1883 766 1944 XXX
797 1883 856 1943 M
882 1903 1153 1962 passuum
1182 1888 1458 1961 traiectu,
1498 1884 1589 1945 CL
1620 1886 1862 1961 ambitu,
1903 1894 1963 1945 ut
1992 1894 2105 1945 tra·
2126 1905 2180 1946 20

115 1970 195 2029 dit
243 1966 517 2027 Claudius
565 1966 802 2027 Caesar.
875 1968 972 2027 alii
1014 1968 1307 2029 schoenos
1346 1970 1404 2028 in
1418 1967 1860 2046 longitudinem
1904 1977 2108 2047 patere

114 2051 212 2111 XL
254 2051 499 2129 faciunt,
550 2050 982 2132 schoenumque
1020 2053 1202 2112 stadia
1233 2051 1425 2128 XXX,
1469 2054 1547 2111 ita
1584 2053 1709 2112 fieri
1739 2051 2110 2150 longitudinis

30 2144 100 2197 64
117 2133 207 2195 CL
234 2133 294 2194 M
338 2152 517 2212 pass.,
549 2135 894 2195 tantumdem
929 2145 988 2195 et
1015 2136 1347 2197 latitudinis.
1424 2136 1612 2195 Sunt
1595 2155 1651 2195 ιιι
1684 2135 1907 2196 honore
1939 2143 1997 2194 et
2026 2136 2108 2194 in-

112 2228 199 2279 tra
249 2218 528 2278 decursus
584 2217 700 2279 Nili
756 2220 931 2279 multa
986 2221 1235 2298 oppida,
1298 2220 1614 2297 praecipue
1676 2237 1823 2297 quae
1883 2217 2109 2278 nomina

115 2297 278 2361 ostiis
307 2301 556 2378 dedere,
589 2319 704 2361 non
745 2302 1006 2362 omnibus
1040 2299 1180 2381 (XII
1214 2303 1363 2363 enim
1392 2304 1778 2380 reperiuntur,
1813 2316 2107 2381 superque
2128 2322 2182 2363 2⁵

116 2394 382 2463 quattuor
414 2402 561 2462 quae
592 2386 704 2464 ipsi
735 2386 881 2445 falsa
918 2402 1019 2446 ora
1060 2374 1412 2464 appellant),
1446 2386 1551 2445 sed
1587 2386 1988 2446 celeberrimis
2013 2402 2108 2445 se-

114 2477 305 2548 ptem,
378 2485 659 2545 proxumo
725 2469 1116 2529 Alexandriae
1190 2467 1521 2544 CanobicO,
1597 2470 1730 2530 dein
1792 2465 2107 2544 Bolbitino,

70 2551 539 2629 ,Sebennytico,
598 2551 949 2627 Phatnitico,
998 2551 1378 2627 Mendesion,
1443 2552 1738 2629 Tanitico,
1793 2553 2109 2629 ultimoque

114 2635 437 2697 Pelusiaco.
563 2644 870 2714 praeterea
932 2597 1142 2711 batos,
1212 2635 1638 2712 Pharbaethos,
1710 2634 2107 2712 Leontopolis,

112 2718 406 2793 Athribis,
467 2717 636 2779 Isidis
678 2718 980 2797 oppidum,
1026 2718 1278 2794 Busiris,
1328 2717 1681 2796 Cynopolis,
1725 2718 2102 2798 Aphrodites,
2128 2741 2181 2783 30

114 2803 278 2877 Sais,
341 2801 675 2876 Naucratis,
728 2802 878 2861 unde
928 2802 1135 2861 ostium
1175 2791 1401 2879 quidam
1442 2801 1886 2863 Naucratiticum
1930 2800 2110 2860 nomi-

113 2894 248 2945 nant
284 2886 439 2965 quod
487 2886 581 2946 alii
615 2885 1117 2962 Heracleoticum,
1166 2883 1464 2946 Canobico
1511 2888 1602 2945 cui
1636 2899 1975 2965 proxumum
2020 2891 2114 2943 est

112 2969 536 3048 praeferentes.

29 3061 95 3114 65
291 3054 386 3112 11.
439 3052 606 3132 (12.)
664 3051 826 3112 Ultra
885 3050 1244 3112 Pelusiacum
1299 3050 1513 3112 Arabia
1570 3059 1691 3128 ¹(ast,
1742 3053 1812 3114 ad
1856 3049 2112 3112 Rubrum

112 3152 269 3195 mare
311 3137 606 3214 pertinens
658 3144 718 3195 et
771 3135 1122 3195 odoriferam
1175 3136 1333 3195 illam
1382 3153 1453 3195 ac
1504 3136 1735 3196 divitem
1788 3145 1848 3196 et
1899 3135 2109 3195 beatae
2130 3155 2184 3197 ss

118 3220 462 3295 cognomine
505 3219 794 3278 inclutam.
869 3218 1034 3279 Haec
1076 3217 1450 3279 Gattabanum
1497 3228 1556 3278 et
1605 3218 2009 3279 Esbonitarum
2054 3223 2113 3276 et

115 3302 472 3361 Scenitarum
505 3300 759 3362 Arabum
788 3310 1050 3377 vocatur,
1083 3301 1318 3377 sterilis,
1352 3310 1756 3381 praeterquam
1787 3302 1883 3362 ubi
1908 3301 2116 3377 Syriae

121 3384 365 3455 confinia
409 3385 669 3461 attingit,
712 3385 823 3445 nec
861 3386 970 3445 nisi
1003 3381 1176 3445 Casio
1207 3392 1399 3445 monte
1436 3383 1665 3445 nobilis.
1748 3386 1850 3446 His
1881 3382 2113 3446 Arabes

1275 3481 1308 3507 b
