<?xml version="1.0" encoding="UTF-8"?>
<!DOCTYPE html PUBLIC "-//W3C//DTD XHTML 1.0 Transitional//EN"
    "http://www.w3.org/TR/xhtml1/DTD/xhtml1-transitional.dtd">
<html xmlns="http://www.w3.org/1999/xhtml" xml:lang="en" lang="en">
 <head>
  <title>
</title>
<meta http-equiv="Content-Type" content="text/html;charset=utf-8" />
  <meta name='ocr-system' content='tesseract 3.04.00' />
  <meta name='ocr-capabilities' content='ocr_page ocr_carea ocr_par ocr_line ocrx_word'/>
</head>
<body>
  <div class='ocr_page' id='page_1' title='image "./cplinisecundina00eldegoog_0213.png"; bbox 0 0 2320 3650; ppageno 0'>
   <div class='ocr_carea' id='block_1_1' title="bbox 116 74 2072 208">
    <p class='ocr_par' dir='ltr' id='par_1_1' title="bbox 116 74 2072 208">
     <span class='ocr_line' id='line_1_1' title="bbox 116 74 2072 208; baseline 0.006 -38"><span class='ocrx_word' id='word_1_1' title='bbox 116 108 231 171; x_wconf 87' lang='lat'>182</span> <span class='ocrx_word' id='word_1_2' title='bbox 273 122 333 171; x_wconf 84' lang='lat' dir='ltr'>e.</span> <span class='ocrx_word' id='word_1_3' title='bbox 366 122 560 172; x_wconf 75' lang='lat' dir='ltr'>1²me</span> <span class='ocrx_word' id='word_1_4' title='bbox 590 123 890 172; x_wconf 67' lang='lat' dir='ltr'>summm</span> <span class='ocrx_word' id='word_1_5' title='bbox 916 124 1078 173; x_wconf 70' lang='grc' dir='ltr'>ΜΤ.</span> <span class='ocrx_word' id='word_1_6' title='bbox 1113 74 1295 208; x_wconf 61' lang='lat' dir='ltr'>msr.</span> <span class='ocrx_word' id='word_1_7' title='bbox 1329 126 1460 176; x_wconf 91' lang='lat'>1111.</span> <span class='ocrx_word' id='word_1_8' title='bbox 1486 125 1735 181; x_wconf 70' lang='lat' dir='ltr'>v22--23.</span> <span class='ocrx_word' id='word_1_9' title='bbox 1772 115 2072 203; x_wconf 79' lang='lat'>(35—37.)</span> 
     </span>
    </p>
   </div>
   <div class='ocr_carea' id='block_1_2' title="bbox 21 270 2189 3442">
    <p class='ocr_par' dir='ltr' id='par_1_2' title="bbox 106 270 2156 768">
     <span class='ocr_line' id='line_1_2' title="bbox 110 270 2100 361; baseline 0.001 -26"><span class='ocrx_word' id='word_1_10' title='bbox 110 292 319 335; x_wconf 83' lang='lat' dir='ltr'><strong>censes</strong></span> <span class='ocrx_word' id='word_1_11' title='bbox 358 275 453 361; x_wconf 83' lang='lat' dir='ltr'>qui</span> <span class='ocrx_word' id='word_1_12' title='bbox 483 270 819 348; x_wconf 88' lang='lat' dir='ltr'>Plumbarii,</span> <span class='ocrx_word' id='word_1_13' title='bbox 867 270 1190 333; x_wconf 83' lang='lat' dir='ltr'>Ocelenses</span> <span class='ocrx_word' id='word_1_14' title='bbox 1223 275 1319 352; x_wconf 90' lang='lat' dir='ltr'>qni</span> <span class='ocrx_word' id='word_1_15' title='bbox 1350 283 1409 334; x_wconf 94' lang='lat' dir='ltr'>et</span> <span class='ocrx_word' id='word_1_16' title='bbox 1437 273 1825 351; x_wconf 78' lang='lat' dir='ltr'>Lancienses,</span> <span class='ocrx_word' id='word_1_17' title='bbox 1862 276 2100 339; x_wconf 81' lang='lat' dir='ltr'>Turduli</span> 
     </span>
     <span class='ocr_line' id='line_1_3' title="bbox 108 354 2101 435; baseline 0.002 -17"><span class='ocrx_word' id='word_1_18' title='bbox 108 360 205 435; x_wconf 86' lang='lat' dir='ltr'>qui</span> <span class='ocrx_word' id='word_1_19' title='bbox 234 358 497 433; x_wconf 83' lang='lat' dir='ltr'>Barduli,</span> <span class='ocrx_word' id='word_1_20' title='bbox 530 366 590 416; x_wconf 93' lang='lat' dir='ltr'>et</span> <span class='ocrx_word' id='word_1_21' title='bbox 623 354 856 433; x_wconf 80' lang='lat' dir='ltr'><strong>Tapori.</strong></span> <span class='ocrx_word' id='word_1_22' title='bbox 917 354 1261 417; x_wconf 79' lang='lat' dir='ltr'>Lusitaniam</span> <span class='ocrx_word' id='word_1_23' title='bbox 1296 376 1424 417; x_wconf 90' lang='lat' dir='ltr'>cum</span> <span class='ocrx_word' id='word_1_24' title='bbox 1452 357 1685 417; x_wconf 90' lang='lat' dir='ltr'>Asturia</span> <span class='ocrx_word' id='word_1_25' title='bbox 1719 369 1777 418; x_wconf 91' lang='lat' dir='ltr'>et</span> <span class='ocrx_word' id='word_1_26' title='bbox 1808 358 2101 423; x_wconf 80' lang='lat' dir='ltr'>Gallaecia</span> 
     </span>
     <span class='ocr_line' id='line_1_4' title="bbox 107 438 2097 520; baseline 0.002 -19"><span class='ocrx_word' id='word_1_27' title='bbox 107 451 310 520; x_wconf 90' lang='lat' dir='ltr'>patere</span> <span class='ocrx_word' id='word_1_28' title='bbox 354 440 708 518; x_wconf 81' lang='lat' dir='ltr'>longitudine</span> <span class='ocrx_word' id='word_1_29' title='bbox 760 438 913 499; x_wconf 91' lang='lat' dir='ltr'>DXL</span> <span class='ocrx_word' id='word_1_30' title='bbox 958 438 1018 498; x_wconf 90' lang='grc' dir='ltr'><strong>Μ</strong></span> <span class='ocrx_word' id='word_1_31' title='bbox 1071 459 1264 518; x_wconf 90' lang='lat' dir='ltr'>pass.,</span> <span class='ocrx_word' id='word_1_32' title='bbox 1320 440 1617 501; x_wconf 87' lang='lat' dir='ltr'>latitudine</span> <span class='ocrx_word' id='word_1_33' title='bbox 1667 441 1974 504; x_wconf 87' lang='lat' dir='ltr'>DXXXVI</span> <span class='ocrx_word' id='word_1_34' title='bbox 2022 443 2097 520; x_wconf 87' lang='lat' dir='ltr'>M,</span> 
     </span>
     <span class='ocr_line' id='line_1_5' title="bbox 107 523 2103 611; baseline 0.002 -27"><span class='ocrx_word' id='word_1_35' title='bbox 107 524 369 602; x_wconf 86' lang='lat' dir='ltr'>Agrippa</span> <span class='ocrx_word' id='word_1_36' title='bbox 399 523 674 611; x_wconf 86' lang='lat' dir='ltr'>prodidit.</span> <span class='ocrx_word' id='word_1_37' title='bbox 709 540 907 582; x_wconf 89' lang='lat' dir='ltr'>omnes</span> <span class='ocrx_word' id='word_1_38' title='bbox 939 532 1128 583; x_wconf 91' lang='lat' dir='ltr'>autem</span> <span class='ocrx_word' id='word_1_39' title='bbox 1155 525 1468 603; x_wconf 85' lang='lat' dir='ltr'>Hispaniae</span> <span class='ocrx_word' id='word_1_40' title='bbox 1500 542 1533 584; x_wconf 88' lang='lat' dir='ltr'>a</span> <span class='ocrx_word' id='word_1_41' title='bbox 1556 523 1783 585; x_wconf 88' lang='lat' dir='ltr'>duobus</span> <span class='ocrx_word' id='word_1_42' title='bbox 1814 524 2103 601; x_wconf 79' lang='lat' dir='ltr'>Pyrenaei</span> 
     </span>
     <span class='ocr_line' id='line_1_6' title="bbox 106 607 2156 687; baseline 0.002 -20"><span class='ocrx_word' id='word_1_43' title='bbox 106 608 515 687; x_wconf 82' lang='lat' dir='ltr'>promontoriis</span> <span class='ocrx_word' id='word_1_44' title='bbox 550 624 659 684; x_wconf 90' lang='lat' dir='ltr'>per</span> <span class='ocrx_word' id='word_1_45' title='bbox 685 607 895 681; x_wconf 86' lang='lat' dir='ltr'>maria,</span> <span class='ocrx_word' id='word_1_46' title='bbox 929 609 1114 666; x_wconf 83' lang='lat' dir='ltr'>&#39;totius</span> <span class='ocrx_word' id='word_1_47' title='bbox 1158 625 1299 667; x_wconf 88' lang='lat' dir='ltr'>orae</span> <span class='ocrx_word' id='word_1_48' title='bbox 1345 609 1585 667; x_wconf 89' lang='lat' dir='ltr'>circuitu</span> <span class='ocrx_word' id='word_1_49' title='bbox 1625 627 1886 679; x_wconf 86' lang='lat' dir='ltr'>XXVIIII.</span> <span class='ocrx_word' id='word_1_50' title='bbox 1936 609 2101 671; x_wconf 89' lang='lat' dir='ltr'>XXII</span> <span class='ocrx_word' id='word_1_51' title='bbox 2128 634 2156 673; x_wconf 80' lang='lat' dir='ltr'>s</span> 
     </span>
     <span class='ocr_line' id='line_1_7' title="bbox 107 690 1717 768; baseline 0.001 -18"><span class='ocrx_word' id='word_1_52' title='bbox 107 693 260 752; x_wconf 89' lang='lat' dir='ltr'>milia</span> <span class='ocrx_word' id='word_1_53' title='bbox 287 691 572 768; x_wconf 86' lang='lat' dir='ltr'>colligere</span> <span class='ocrx_word' id='word_1_54' title='bbox 604 691 1049 764; x_wconf 87' lang='lat' dir='ltr'>existumantur,</span> <span class='ocrx_word' id='word_1_55' title='bbox 1082 690 1154 750; x_wconf 90' lang='lat' dir='ltr'>ab</span> <span class='ocrx_word' id='word_1_56' title='bbox 1187 691 1315 751; x_wconf 87' lang='lat' dir='ltr'>aliis</span> <span class='ocrx_word' id='word_1_57' title='bbox 1344 693 1515 759; x_wconf 62' lang='grc' dir='ltr'>ῖῆῖ</span> <span class='ocrx_word' id='word_1_58' title='bbox 1543 694 1717 754; x_wconf 88' lang='lat' dir='ltr'>milia.</span> 
     </span>
    </p>

    <p class='ocr_par' dir='ltr' id='par_1_3' title="bbox 24 769 2180 1436">
     <span class='ocr_line' id='line_1_8' title="bbox 24 769 2103 853; baseline -0 -15"><span class='ocrx_word' id='word_1_59' title='bbox 24 784 125 839; x_wconf 87' lang='lat'>119</span> <span class='ocrx_word' id='word_1_60' title='bbox 252 775 417 853; x_wconf 89' lang='lat'>(36.)</span> <span class='ocrx_word' id='word_1_61' title='bbox 470 772 562 834; x_wconf 84' lang='lat' dir='ltr'>Ex</span> <span class='ocrx_word' id='word_1_62' title='bbox 619 773 867 832; x_wconf 83' lang='lat' dir='ltr'>adverso</span> <span class='ocrx_word' id='word_1_63' title='bbox 921 769 1276 834; x_wconf 86' lang='lat' dir='ltr'>Celtiberiae</span> <span class='ocrx_word' id='word_1_64' title='bbox 1316 776 1644 853; x_wconf 78' lang='lat' dir='ltr'>&#39;conplures</span> <span class='ocrx_word' id='word_1_65' title='bbox 1694 786 1827 837; x_wconf 90' lang='lat' dir='ltr'>sunt</span> <span class='ocrx_word' id='word_1_66' title='bbox 1878 777 2103 837; x_wconf 80' lang='lat' dir='ltr'>insulae</span> 
     </span>
     <span class='ocr_line' id='line_1_9' title="bbox 108 855 2105 938; baseline 0.001 -20"><span class='ocrx_word' id='word_1_67' title='bbox 108 857 501 918; x_wconf 86' lang='lat' dir='ltr'>Cassiterides</span> <span class='ocrx_word' id='word_1_68' title='bbox 535 857 725 917; x_wconf 89' lang='lat' dir='ltr'>dictae</span> <span class='ocrx_word' id='word_1_69' title='bbox 758 855 996 915; x_wconf 88' lang='lat' dir='ltr'>Graecis</span> <span class='ocrx_word' id='word_1_70' title='bbox 1023 875 1056 917; x_wconf 92' lang='lat' dir='ltr'>a</span> <span class='ocrx_word' id='word_1_71' title='bbox 1091 858 1387 918; x_wconf 81' lang='lat' dir='ltr'>fertilitate</span> <span class='ocrx_word' id='word_1_72' title='bbox 1415 859 1665 938; x_wconf 83' lang='lat' dir='ltr'>plumbi,</span> <span class='ocrx_word' id='word_1_73' title='bbox 1699 869 1760 920; x_wconf 92' lang='lat' dir='ltr'>et</span> <span class='ocrx_word' id='word_1_74' title='bbox 1791 879 1827 920; x_wconf 93' lang='lat' dir='ltr'>e</span> <span class='ocrx_word' id='word_1_75' title='bbox 1856 863 2105 938; x_wconf 87' lang='lat' dir='ltr'>regione</span> 
     </span>
     <span class='ocr_line' id='line_1_10' title="bbox 106 940 2104 1023; baseline 0.001 -23"><span class='ocrx_word' id='word_1_76' title='bbox 106 941 553 1002; x_wconf 79' lang='lat' dir='ltr'>Arrotrebarum</span> <span class='ocrx_word' id='word_1_77' title='bbox 595 940 966 1018; x_wconf 79' lang='lat' dir='ltr'>promontori·</span> <span class='ocrx_word' id='word_1_78' title='bbox 996 940 1253 1000; x_wconf 87' lang='lat' dir='ltr'>Deorum</span> <span class='ocrx_word' id='word_1_79' title='bbox 1304 959 1444 1018; x_wconf 84' lang='lat' dir='ltr'>sex,</span> <span class='ocrx_word' id='word_1_80' title='bbox 1502 962 1646 1021; x_wconf 85' lang='lat' dir='ltr'>quas</span> <span class='ocrx_word' id='word_1_81' title='bbox 1674 944 1852 1023; x_wconf 86' lang='lat' dir='ltr'>aliqui</span> <span class='ocrx_word' id='word_1_82' title='bbox 1896 943 2104 1003; x_wconf 87' lang='lat' dir='ltr'>Fortu-</span> 
     </span>
     <span class='ocr_line' id='line_1_11' title="bbox 105 1024 2180 1102; baseline -0.001 -19"><span class='ocrx_word' id='word_1_83' title='bbox 105 1036 266 1084; x_wconf 84' lang='lat' dir='ltr'>natas</span> <span class='ocrx_word' id='word_1_84' title='bbox 299 1024 695 1102; x_wconf 88' lang='lat' dir='ltr'>appellavere.</span> <span class='ocrx_word' id='word_1_85' title='bbox 729 1024 786 1081; x_wconf 92' lang='lat' dir='ltr'>in</span> <span class='ocrx_word' id='word_1_86' title='bbox 817 1025 947 1100; x_wconf 90' lang='lat' dir='ltr'>ipso</span> <span class='ocrx_word' id='word_1_87' title='bbox 979 1034 1122 1083; x_wconf 87' lang='lat' dir='ltr'>vero</span> <span class='ocrx_word' id='word_1_88' title='bbox 1156 1025 1344 1102; x_wconf 87' lang='lat' dir='ltr'>capite</span> <span class='ocrx_word' id='word_1_89' title='bbox 1376 1025 1648 1086; x_wconf 84' lang='lat' dir='ltr'>Baeticae</span> <span class='ocrx_word' id='word_1_90' title='bbox 1680 1027 1752 1086; x_wconf 90' lang='lat' dir='ltr'>ab</span> <span class='ocrx_word' id='word_1_91' title='bbox 1785 1028 1939 1087; x_wconf 91' lang='lat' dir='ltr'>ostio</span> <span class='ocrx_word' id='word_1_92' title='bbox 1971 1027 2108 1087; x_wconf 80' lang='lat' dir='ltr'>freti</span> <span class='ocrx_word' id='word_1_93' title='bbox 2124 1041 2180 1082; x_wconf 74' lang='grc' dir='ltr'>ιο</span> 
     </span>
     <span class='ocr_line' id='line_1_12' title="bbox 105 1103 2108 1186; baseline -0 -18"><span class='ocrx_word' id='word_1_94' title='bbox 105 1107 269 1168; x_wconf 88' lang='lat' dir='ltr'>XXV</span> <span class='ocrx_word' id='word_1_95' title='bbox 295 1109 411 1167; x_wconf 92' lang='lat' dir='ltr'>mil.</span> <span class='ocrx_word' id='word_1_96' title='bbox 449 1124 603 1184; x_wconf 92' lang='lat' dir='ltr'>pass.</span> <span class='ocrx_word' id='word_1_97' title='bbox 639 1103 844 1182; x_wconf 81' lang='lat' dir='ltr'>Gadis,</span> <span class='ocrx_word' id='word_1_98' title='bbox 894 1106 1099 1183; x_wconf 88' lang='lat' dir='ltr'>longa,</span> <span class='ocrx_word' id='word_1_99' title='bbox 1141 1116 1204 1166; x_wconf 89' lang='lat' dir='ltr'>ut</span> <span class='ocrx_word' id='word_1_100' title='bbox 1234 1107 1510 1184; x_wconf 74' lang='lat' dir='ltr'>Polybius</span> <span class='ocrx_word' id='word_1_101' title='bbox 1541 1110 1776 1186; x_wconf 83' lang='lat' dir='ltr'>scribit,</span> <span class='ocrx_word' id='word_1_102' title='bbox 1818 1109 1931 1170; x_wconf 89' lang='lat' dir='ltr'>XII</span> <span class='ocrx_word' id='word_1_103' title='bbox 1957 1111 2108 1186; x_wconf 89' lang='lat' dir='ltr'>mil.,</span> 
     </span>
     <span class='ocr_line' id='line_1_13' title="bbox 105 1189 2110 1272; baseline 0 -21"><span class='ocrx_word' id='word_1_104' title='bbox 105 1192 222 1251; x_wconf 91' lang='lat' dir='ltr'>lata</span> <span class='ocrx_word' id='word_1_105' title='bbox 251 1189 334 1250; x_wconf 91' lang='lat' dir='ltr'>III</span> <span class='ocrx_word' id='word_1_106' title='bbox 362 1190 477 1249; x_wconf 90' lang='lat' dir='ltr'>mil.</span> <span class='ocrx_word' id='word_1_107' title='bbox 511 1207 801 1266; x_wconf 87' lang='lat' dir='ltr'>passuum.</span> <span class='ocrx_word' id='word_1_108' title='bbox 856 1189 1025 1250; x_wconf 90' lang='lat' dir='ltr'>abest</span> <span class='ocrx_word' id='word_1_109' title='bbox 1058 1208 1090 1249; x_wconf 91' lang='lat' dir='ltr'>a</span> <span class='ocrx_word' id='word_1_110' title='bbox 1124 1192 1450 1252; x_wconf 89' lang='lat' dir='ltr'>continente</span> <span class='ocrx_word' id='word_1_111' title='bbox 1485 1210 1765 1271; x_wconf 86' lang='lat' dir='ltr'>proxuma</span> <span class='ocrx_word' id='word_1_112' title='bbox 1800 1202 1970 1272; x_wconf 91' lang='lat' dir='ltr'>parte</span> <span class='ocrx_word' id='word_1_113' title='bbox 2002 1195 2110 1252; x_wconf 88' lang='lat' dir='ltr'>mi-</span> 
     </span>
     <span class='ocr_line' id='line_1_14' title="bbox 103 1270 2108 1354; baseline 0.001 -21"><span class='ocrx_word' id='word_1_114' title='bbox 103 1293 212 1333; x_wconf 92' lang='lat' dir='ltr'>nus</span> <span class='ocrx_word' id='word_1_115' title='bbox 246 1274 433 1352; x_wconf 88' lang='lat' dir='ltr'>pedes</span> <span class='ocrx_word' id='word_1_116' title='bbox 465 1270 655 1348; x_wconf 86' lang='lat' dir='ltr'>DCC,</span> <span class='ocrx_word' id='word_1_117' title='bbox 699 1271 922 1351; x_wconf 86' lang='lat' dir='ltr'>reliqua</span> <span class='ocrx_word' id='word_1_118' title='bbox 955 1274 1086 1351; x_wconf 91' lang='lat' dir='ltr'>plus</span> <span class='ocrx_word' id='word_1_119' title='bbox 1114 1273 1224 1334; x_wconf 89' lang='lat' dir='ltr'>VII</span> <span class='ocrx_word' id='word_1_120' title='bbox 1252 1274 1369 1335; x_wconf 91' lang='lat' dir='ltr'>mil.</span> <span class='ocrx_word' id='word_1_121' title='bbox 1402 1292 1692 1353; x_wconf 84' lang='lat' dir='ltr'>passuum.</span> <span class='ocrx_word' id='word_1_122' title='bbox 1755 1278 1941 1354; x_wconf 88' lang='lat' dir='ltr'>ipsius</span> <span class='ocrx_word' id='word_1_123' title='bbox 1969 1294 2108 1354; x_wconf 82' lang='lat' dir='ltr'>spa-</span> 
     </span>
     <span class='ocr_line' id='line_1_15' title="bbox 105 1356 2111 1436; baseline 0.001 -20"><span class='ocrx_word' id='word_1_124' title='bbox 105 1359 241 1417; x_wconf 89' lang='lat' dir='ltr'>tium</span> <span class='ocrx_word' id='word_1_125' title='bbox 269 1356 379 1416; x_wconf 84' lang='lat' dir='ltr'>XV</span> <span class='ocrx_word' id='word_1_126' title='bbox 406 1356 466 1416; x_wconf 90' lang='grc' dir='ltr'><strong>Μ</strong></span> <span class='ocrx_word' id='word_1_127' title='bbox 494 1375 764 1435; x_wconf 90' lang='lat' dir='ltr'>passuum</span> <span class='ocrx_word' id='word_1_128' title='bbox 797 1364 905 1415; x_wconf 87' lang='lat' dir='ltr'>est.</span> <span class='ocrx_word' id='word_1_129' title='bbox 965 1357 1139 1417; x_wconf 90' lang='lat' dir='ltr'>habet</span> <span class='ocrx_word' id='word_1_130' title='bbox 1172 1359 1444 1436; x_wconf 88' lang='lat' dir='ltr'>oppidum</span> <span class='ocrx_word' id='word_1_131' title='bbox 1478 1360 1684 1419; x_wconf 87' lang='lat' dir='ltr'>civium</span> <span class='ocrx_word' id='word_1_132' title='bbox 1714 1360 2111 1419; x_wconf 86' lang='lat' dir='ltr'>Romanorum</span> 
     </span>
    </p>

    <p class='ocr_par' dir='ltr' id='par_1_4' title="bbox 24 1439 2184 2439">
     <span class='ocr_line' id='line_1_16' title="bbox 24 1439 2184 1520; baseline -0.004 -15"><span class='ocrx_word' id='word_1_133' title='bbox 24 1453 126 1505; x_wconf 83' lang='lat'>120</span> <span class='ocrx_word' id='word_1_134' title='bbox 148 1443 245 1520; x_wconf 86' lang='lat' dir='ltr'>qui</span> <span class='ocrx_word' id='word_1_135' title='bbox 299 1440 664 1519; x_wconf 92' lang='lat' dir='ltr'>appellantur</span> <span class='ocrx_word' id='word_1_136' title='bbox 715 1439 1036 1515; x_wconf 86' lang='lat' dir='ltr'>Augustani</span> <span class='ocrx_word' id='word_1_137' title='bbox 1091 1440 1236 1501; x_wconf 88' lang='lat' dir='ltr'>urbe</span> <span class='ocrx_word' id='word_1_138' title='bbox 1286 1440 1432 1501; x_wconf 91' lang='lat' dir='ltr'>Iulia</span> <span class='ocrx_word' id='word_1_139' title='bbox 1495 1442 1790 1503; x_wconf 88' lang='lat' dir='ltr'>Gaditana.</span> <span class='ocrx_word' id='word_1_140' title='bbox 1871 1443 1965 1502; x_wconf 80' lang='lat' dir='ltr'>Ab</span> <span class='ocrx_word' id='word_1_141' title='bbox 2022 1459 2104 1502; x_wconf 90' lang='lat' dir='ltr'>eo</span> <span class='ocrx_word' id='word_1_142' title='bbox 2128 1454 2184 1498; x_wconf 83' lang='lat'>1⁵</span> 
     </span>
     <span class='ocr_line' id='line_1_17' title="bbox 106 1522 2112 1603; baseline 0.001 -18"><span class='ocrx_word' id='word_1_143' title='bbox 106 1526 290 1585; x_wconf 91' lang='lat' dir='ltr'>latere</span> <span class='ocrx_word' id='word_1_144' title='bbox 335 1542 449 1603; x_wconf 86' lang='lat' dir='ltr'>quo</span> <span class='ocrx_word' id='word_1_145' title='bbox 490 1522 819 1601; x_wconf 89' lang='lat' dir='ltr'>Hispaniam</span> <span class='ocrx_word' id='word_1_146' title='bbox 861 1533 1089 1600; x_wconf 87' lang='lat' dir='ltr'>spectat</span> <span class='ocrx_word' id='word_1_147' title='bbox 1128 1524 1400 1602; x_wconf 88' lang='lat' dir='ltr'>passibus</span> <span class='ocrx_word' id='word_1_148' title='bbox 1446 1525 1573 1585; x_wconf 81' lang='lat' dir='ltr'>fere</span> <span class='ocrx_word' id='word_1_149' title='bbox 1611 1524 1657 1585; x_wconf 89' lang='lat' dir='ltr'>C</span> <span class='ocrx_word' id='word_1_150' title='bbox 1694 1526 1880 1586; x_wconf 87' lang='lat' dir='ltr'>altera</span> <span class='ocrx_word' id='word_1_151' title='bbox 1911 1525 2112 1587; x_wconf 81' lang='lat' dir='ltr'>insula</span> 
     </span>
     <span class='ocr_line' id='line_1_18' title="bbox 107 1603 2115 1687; baseline 0 -19"><span class='ocrx_word' id='word_1_152' title='bbox 107 1618 198 1668; x_wconf 91' lang='lat' dir='ltr'>est</span> <span class='ocrx_word' id='word_1_153' title='bbox 229 1609 404 1685; x_wconf 87' lang='lat' dir='ltr'>longa</span> <span class='ocrx_word' id='word_1_154' title='bbox 434 1606 514 1667; x_wconf 93' lang='lat'>111</span> <span class='ocrx_word' id='word_1_155' title='bbox 543 1606 601 1666; x_wconf 89' lang='grc' dir='ltr'><strong>Μ</strong></span> <span class='ocrx_word' id='word_1_156' title='bbox 633 1623 828 1686; x_wconf 90' lang='lat' dir='ltr'>pass.,</span> <span class='ocrx_word' id='word_1_157' title='bbox 861 1603 1090 1681; x_wconf 81' lang='lat' dir='ltr'>lata**,</span> <span class='ocrx_word' id='word_1_158' title='bbox 1130 1609 1185 1667; x_wconf 91' lang='lat' dir='ltr'>in</span> <span class='ocrx_word' id='word_1_159' title='bbox 1217 1626 1329 1686; x_wconf 86' lang='lat' dir='ltr'>qua</span> <span class='ocrx_word' id='word_1_160' title='bbox 1363 1610 1524 1686; x_wconf 88' lang='lat' dir='ltr'>prius</span> <span class='ocrx_word' id='word_1_161' title='bbox 1556 1609 1834 1687; x_wconf 83' lang='lat' dir='ltr'>oppidum</span> <span class='ocrx_word' id='word_1_162' title='bbox 1866 1607 2115 1670; x_wconf 86' lang='lat' dir='ltr'>Gadium</span> 
     </span>
     <span class='ocr_line' id='line_1_19' title="bbox 95 1688 2116 1768; baseline 0 -16"><span class='ocrx_word' id='word_1_163' title='bbox 95 1693 229 1752; x_wconf 70' lang='lat' dir='ltr'>fuit.</span> <span class='ocrx_word' id='word_1_164' title='bbox 285 1700 527 1751; x_wconf 87' lang='lat' dir='ltr'>vocatur</span> <span class='ocrx_word' id='word_1_165' title='bbox 569 1690 641 1749; x_wconf 91' lang='lat' dir='ltr'>ab</span> <span class='ocrx_word' id='word_1_166' title='bbox 675 1688 914 1768; x_wconf 88' lang='lat' dir='ltr'>Ephoro</span> <span class='ocrx_word' id='word_1_167' title='bbox 952 1698 1011 1749; x_wconf 91' lang='lat' dir='ltr'>et</span> <span class='ocrx_word' id='word_1_168' title='bbox 1053 1691 1352 1752; x_wconf 88' lang='lat' dir='ltr'>Philistide</span> <span class='ocrx_word' id='word_1_169' title='bbox 1382 1691 1652 1767; x_wconf 81' lang='lat' dir='ltr'>Erythia,</span> <span class='ocrx_word' id='word_1_170' title='bbox 1699 1711 1732 1752; x_wconf 91' lang='lat' dir='ltr'>a</span> <span class='ocrx_word' id='word_1_171' title='bbox 1772 1692 2013 1752; x_wconf 87' lang='lat' dir='ltr'>Timaeo</span> <span class='ocrx_word' id='word_1_172' title='bbox 2051 1700 2116 1752; x_wconf 89' lang='lat' dir='ltr'>et</span> 
     </span>
     <span class='ocr_line' id='line_1_20' title="bbox 105 1772 2113 1853; baseline -0 -17"><span class='ocrx_word' id='word_1_173' title='bbox 105 1775 305 1836; x_wconf 89' lang='lat' dir='ltr'>Sileno</span> <span class='ocrx_word' id='word_1_174' title='bbox 338 1774 755 1853; x_wconf 74' lang='lat' dir='ltr'>AphrodisiaS,</span> <span class='ocrx_word' id='word_1_175' title='bbox 787 1772 860 1834; x_wconf 89' lang='lat' dir='ltr'>ab</span> <span class='ocrx_word' id='word_1_176' title='bbox 892 1773 1178 1851; x_wconf 83' lang='lat' dir='ltr'>indigenis</span> <span class='ocrx_word' id='word_1_177' title='bbox 1212 1774 1462 1836; x_wconf 90' lang='lat' dir='ltr'>Iunonis.</span> <span class='ocrx_word' id='word_1_178' title='bbox 1522 1774 1800 1836; x_wconf 85' lang='lat' dir='ltr'>Maiorem</span> <span class='ocrx_word' id='word_1_179' title='bbox 1834 1775 2113 1837; x_wconf 82' lang='lat' dir='ltr'>Timaeus</span> 
     </span>
     <span class='ocr_line' id='line_1_21' title="bbox 106 1858 2183 1938; baseline 0.004 -20"><span class='ocrx_word' id='word_1_180' title='bbox 106 1860 433 1919; x_wconf 90' lang='lat' dir='ltr'>Potinusam</span> <span class='ocrx_word' id='word_1_181' title='bbox 485 1876 518 1918; x_wconf 89' lang='lat' dir='ltr'>a</span> <span class='ocrx_word' id='word_1_182' title='bbox 575 1858 768 1935; x_wconf 89' lang='lat' dir='ltr'>puteis</span> <span class='ocrx_word' id='word_1_183' title='bbox 811 1860 1121 1918; x_wconf 84' lang='lat' dir='ltr'>vocitatam</span> <span class='ocrx_word' id='word_1_184' title='bbox 1174 1859 1285 1936; x_wconf 87' lang='lat' dir='ltr'>ait,</span> <span class='ocrx_word' id='word_1_185' title='bbox 1341 1860 1524 1919; x_wconf 83' lang='lat' dir='ltr'>nostri</span> <span class='ocrx_word' id='word_1_186' title='bbox 1558 1859 1848 1920; x_wconf 26' lang='lat' dir='ltr'>*Tarteson</span> <span class='ocrx_word' id='word_1_187' title='bbox 1898 1861 2110 1938; x_wconf 87' lang='lat' dir='ltr'>appel·</span> <span class='ocrx_word' id='word_1_188' title='bbox 2129 1885 2183 1926; x_wconf 81' lang='lat'>20</span> 
     </span>
     <span class='ocr_line' id='line_1_22' title="bbox 106 1938 2110 2022; baseline 0 -20"><span class='ocrx_word' id='word_1_189' title='bbox 106 1944 255 2017; x_wconf 87' lang='lat' dir='ltr'>lant,</span> <span class='ocrx_word' id='word_1_190' title='bbox 311 1942 490 2002; x_wconf 91' lang='lat' dir='ltr'>Poeni</span> <span class='ocrx_word' id='word_1_191' title='bbox 549 1938 724 2001; x_wconf 88' lang='lat' dir='ltr'>Gadir</span> <span class='ocrx_word' id='word_1_192' title='bbox 775 1941 853 2000; x_wconf 90' lang='lat' dir='ltr'>ita</span> <span class='ocrx_word' id='word_1_193' title='bbox 910 1942 1121 2002; x_wconf 91' lang='lat' dir='ltr'>Punica</span> <span class='ocrx_word' id='word_1_194' title='bbox 1177 1942 1371 2021; x_wconf 83' lang='lat' dir='ltr'>lingua</span> <span class='ocrx_word' id='word_1_195' title='bbox 1423 1961 1662 2022; x_wconf 90' lang='lat' dir='ltr'>saepem</span> <span class='ocrx_word' id='word_1_196' title='bbox 1711 1944 2110 2020; x_wconf 85' lang='lat' dir='ltr'>significante.</span> 
     </span>
     <span class='ocr_line' id='line_1_23' title="bbox 105 2024 2113 2103; baseline 0.001 -18"><span class='ocrx_word' id='word_1_197' title='bbox 105 2024 344 2100; x_wconf 76' lang='lat' dir='ltr'>Erythia</span> <span class='ocrx_word' id='word_1_198' title='bbox 388 2025 539 2084; x_wconf 87' lang='lat' dir='ltr'>dicta</span> <span class='ocrx_word' id='word_1_199' title='bbox 582 2031 703 2098; x_wconf 91' lang='lat' dir='ltr'>est,</span> <span class='ocrx_word' id='word_1_200' title='bbox 758 2026 1024 2101; x_wconf 86' lang='lat' dir='ltr'>quoniam</span> <span class='ocrx_word' id='word_1_201' title='bbox 1066 2025 1224 2100; x_wconf 89' lang='lat' dir='ltr'>Tyrii</span> <span class='ocrx_word' id='word_1_202' title='bbox 1265 2027 1599 2103; x_wconf 88' lang='lat' dir='ltr'>aborigines</span> <span class='ocrx_word' id='word_1_203' title='bbox 1644 2043 1846 2086; x_wconf 89' lang='lat' dir='ltr'>eornm</span> <span class='ocrx_word' id='word_1_204' title='bbox 1878 2027 1989 2092; x_wconf 87' lang='lat' dir='ltr'>orti</span> <span class='ocrx_word' id='word_1_205' title='bbox 2033 2027 2113 2087; x_wconf 87' lang='lat' dir='ltr'>ab</span> 
     </span>
     <span class='ocr_line' id='line_1_24' title="bbox 103 2107 2113 2189; baseline 0.001 -20"><span class='ocrx_word' id='word_1_206' title='bbox 103 2108 433 2184; x_wconf 83' lang='lat' dir='ltr'>Erythraeo</span> <span class='ocrx_word' id='word_1_207' title='bbox 464 2108 603 2167; x_wconf 90' lang='lat' dir='ltr'>mari</span> <span class='ocrx_word' id='word_1_208' title='bbox 634 2107 985 2188; x_wconf 81' lang='lat' dir='ltr'>ferebantur.</span> <span class='ocrx_word' id='word_1_209' title='bbox 1026 2109 1081 2167; x_wconf 90' lang='lat' dir='ltr'>in</span> <span class='ocrx_word' id='word_1_210' title='bbox 1110 2109 1220 2169; x_wconf 89' lang='lat' dir='ltr'>hac</span> <span class='ocrx_word' id='word_1_211' title='bbox 1252 2109 1553 2185; x_wconf 75' lang='lat' dir='ltr'>Geryones</span> <span class='ocrx_word' id='word_1_212' title='bbox 1583 2107 1880 2170; x_wconf 87' lang='lat' dir='ltr'>habitasse</span> <span class='ocrx_word' id='word_1_213' title='bbox 1916 2128 1949 2171; x_wconf 87' lang='lat' dir='ltr'>a</span> <span class='ocrx_word' id='word_1_214' title='bbox 1979 2112 2113 2189; x_wconf 82' lang='lat' dir='ltr'>qui-</span> 
     </span>
     <span class='ocr_line' id='line_1_25' title="bbox 106 2187 2115 2267; baseline 0.001 -15"><span class='ocrx_word' id='word_1_215' title='bbox 106 2193 346 2252; x_wconf 90' lang='lat' dir='ltr'>busdam</span> <span class='ocrx_word' id='word_1_216' title='bbox 379 2193 783 2267; x_wconf 57' lang='lat' dir='ltr'>e‘xistumatur,</span> <span class='ocrx_word' id='word_1_217' title='bbox 816 2193 978 2251; x_wconf 89' lang='lat' dir='ltr'>cuius</span> <span class='ocrx_word' id='word_1_218' title='bbox 1008 2202 1262 2253; x_wconf 88' lang='lat' dir='ltr'>armenta</span> <span class='ocrx_word' id='word_1_219' title='bbox 1279 2187 1574 2253; x_wconf 84' lang='lat' dir='ltr'>&#39;Hercules</span> <span class='ocrx_word' id='word_1_220' title='bbox 1602 2192 1928 2253; x_wconf 85' lang='lat' dir='ltr'>abduxerit.</span> <span class='ocrx_word' id='word_1_221' title='bbox 1975 2203 2115 2254; x_wconf 83' lang='lat' dir='ltr'>sunt</span> 
     </span>
     <span class='ocr_line' id='line_1_26' title="bbox 107 2275 2184 2356; baseline 0.004 -22"><span class='ocrx_word' id='word_1_222' title='bbox 107 2278 202 2354; x_wconf 86' lang='lat' dir='ltr'>qui</span> <span class='ocrx_word' id='word_1_223' title='bbox 234 2276 400 2338; x_wconf 89' lang='lat' dir='ltr'>aliam</span> <span class='ocrx_word' id='word_1_224' title='bbox 429 2293 564 2335; x_wconf 91' lang='lat' dir='ltr'>esse</span> <span class='ocrx_word' id='word_1_225' title='bbox 598 2291 723 2334; x_wconf 90' lang='lat' dir='ltr'>eam</span> <span class='ocrx_word' id='word_1_226' title='bbox 755 2284 814 2333; x_wconf 93' lang='lat' dir='ltr'>et</span> <span class='ocrx_word' id='word_1_227' title='bbox 845 2285 1044 2335; x_wconf 89' lang='lat' dir='ltr'>contra</span> <span class='ocrx_word' id='word_1_228' title='bbox 1074 2275 1418 2337; x_wconf 73' lang='lat' dir='ltr'>husitaniam</span> <span class='ocrx_word' id='word_1_229' title='bbox 1450 2276 1831 2356; x_wconf 82' lang='lat' dir='ltr'>arbitrentur,</span> <span class='ocrx_word' id='word_1_230' title='bbox 1865 2277 2184 2343; x_wconf 75' lang='lat' dir='ltr'>eodem-25</span> 
     </span>
     <span class='ocr_line' id='line_1_27' title="bbox 105 2358 1246 2439; baseline 0.001 -21"><span class='ocrx_word' id='word_1_231' title='bbox 105 2378 217 2439; x_wconf 88' lang='lat' dir='ltr'>que</span> <span class='ocrx_word' id='word_1_232' title='bbox 251 2362 478 2419; x_wconf 88' lang='lat' dir='ltr'>nomine</span> <span class='ocrx_word' id='word_1_233' title='bbox 511 2358 901 2438; x_wconf 86' lang='lat' dir='ltr'>quandam-ibi</span> <span class='ocrx_word' id='word_1_234' title='bbox 929 2359 1246 2437; x_wconf 85' lang='lat' dir='ltr'>appellant.</span> 
     </span>
    </p>

    <p class='ocr_par' dir='ltr' id='par_1_5' title="bbox 23 2442 2189 2858">
     <span class='ocr_line' id='line_1_28' title="bbox 23 2442 2106 2522; baseline -0.001 -15"><span class='ocrx_word' id='word_1_235' title='bbox 23 2455 120 2507; x_wconf 76' lang='lat'>121</span> <span class='ocrx_word' id='word_1_236' title='bbox 246 2442 346 2502; x_wconf 85' lang='lat'>23.</span> <span class='ocrx_word' id='word_1_237' title='bbox 408 2442 576 2521; x_wconf 86' lang='lat'>(37.)</span> <span class='ocrx_word' id='word_1_238' title='bbox 621 2442 865 2501; x_wconf 88' lang='lat' dir='ltr'>Peracto</span> <span class='ocrx_word' id='word_1_239' title='bbox 919 2443 1128 2503; x_wconf 89' lang='lat' dir='ltr'>ambitu</span> <span class='ocrx_word' id='word_1_240' title='bbox 1170 2442 1445 2522; x_wconf 88' lang='lat' dir='ltr'>Europae</span> <span class='ocrx_word' id='word_1_241' title='bbox 1490 2442 1788 2504; x_wconf 90' lang='lat' dir='ltr'>reddenda</span> <span class='ocrx_word' id='word_1_242' title='bbox 1836 2460 2106 2505; x_wconf 88' lang='lat' dir='ltr'>consum-</span> 
     </span>
     <span class='ocr_line' id='line_1_29' title="bbox 105 2525 2104 2606; baseline 0.001 -20"><span class='ocrx_word' id='word_1_243' title='bbox 105 2527 276 2586; x_wconf 88' lang='lat' dir='ltr'>matio</span> <span class='ocrx_word' id='word_1_244' title='bbox 311 2535 431 2601; x_wconf 90' lang='lat' dir='ltr'>est,</span> <span class='ocrx_word' id='word_1_245' title='bbox 483 2544 557 2584; x_wconf 91' lang='lat' dir='ltr'>ne</span> <span class='ocrx_word' id='word_1_246' title='bbox 600 2525 889 2603; x_wconf 64' lang='lat' dir='ltr'>quid‘non</span> <span class='ocrx_word' id='word_1_247' title='bbox 919 2528 984 2604; x_wconf 90' lang='lat' dir='ltr'>in</span> <span class='ocrx_word' id='word_1_248' title='bbox 1017 2525 1295 2606; x_wconf 84' lang='lat' dir='ltr'>expedito</span> <span class='ocrx_word' id='word_1_249' title='bbox 1338 2528 1410 2587; x_wconf 88' lang='lat' dir='ltr'>sit</span> <span class='ocrx_word' id='word_1_250' title='bbox 1452 2544 1703 2587; x_wconf 90' lang='lat' dir='ltr'>noscere</span> <span class='ocrx_word' id='word_1_251' title='bbox 1746 2528 2104 2589; x_wconf 87' lang='lat' dir='ltr'>volentibus.</span> 
     </span>
     <span class='ocr_line' id='line_1_30' title="bbox 104 2608 2111 2688; baseline 0.002 -19"><span class='ocrx_word' id='word_1_252' title='bbox 104 2610 537 2687; x_wconf 87' lang='lat' dir='ltr'>Longitudinem</span> <span class='ocrx_word' id='word_1_253' title='bbox 569 2611 693 2668; x_wconf 91' lang='lat' dir='ltr'>eius</span> <span class='ocrx_word' id='word_1_254' title='bbox 722 2608 1121 2670; x_wconf 86' lang='lat' dir='ltr'>Artemidorus</span> <span class='ocrx_word' id='word_1_255' title='bbox 1153 2620 1326 2688; x_wconf 80' lang='lat' dir='ltr'>atque</span> <span class='ocrx_word' id='word_1_256' title='bbox 1359 2610 1614 2671; x_wconf 86' lang='lat' dir='ltr'>Isidorus</span> <span class='ocrx_word' id='word_1_257' title='bbox 1650 2629 1683 2671; x_wconf 90' lang='lat' dir='ltr'>a</span> <span class='ocrx_word' id='word_1_258' title='bbox 1716 2610 1896 2671; x_wconf 82' lang='lat' dir='ltr'>Tanai</span> <span class='ocrx_word' id='word_1_259' title='bbox 1930 2610 2111 2674; x_wconf 86' lang='lat' dir='ltr'>Gadis</span> 
     </span>
     <span class='ocr_line' id='line_1_31' title="bbox 101 2689 2189 2772; baseline -0 -10"><span class='ocrx_word' id='word_1_260' title='bbox 101 2711 354 2761; x_wconf 82' lang='lat' dir='ltr'>LXXXII.</span> <span class='ocrx_word' id='word_1_261' title='bbox 408 2692 572 2752; x_wconf 80' lang='lat' dir='ltr'>XII-11</span> <span class='ocrx_word' id='word_1_262' title='bbox 623 2692 683 2752; x_wconf 97' lang='grc' dir='ltr'><strong>Μ</strong></span> <span class='ocrx_word' id='word_1_263' title='bbox 729 2709 887 2769; x_wconf 90' lang='lat' dir='ltr'>pass.</span> <span class='ocrx_word' id='word_1_264' title='bbox 948 2694 1342 2772; x_wconf 86' lang='lat' dir='ltr'>prodiderunt.</span> <span class='ocrx_word' id='word_1_265' title='bbox 1416 2693 1696 2769; x_wconf 79' lang='lat' dir='ltr'>Polybius</span> <span class='ocrx_word' id='word_1_266' title='bbox 1748 2689 2189 2761; x_wconf 72' lang='lat' dir='ltr'>latitudinemao</span> 
     </span>
     <span class='ocr_line' id='line_1_32' title="bbox 101 2774 2108 2858; baseline 0 -19"><span class='ocrx_word' id='word_1_267' title='bbox 101 2778 374 2858; x_wconf 88' lang='lat' dir='ltr'>Europae</span> <span class='ocrx_word' id='word_1_268' title='bbox 419 2777 491 2836; x_wconf 91' lang='lat' dir='ltr'>ab</span> <span class='ocrx_word' id='word_1_269' title='bbox 529 2774 692 2835; x_wconf 89' lang='lat' dir='ltr'>Italia</span> <span class='ocrx_word' id='word_1_270' title='bbox 736 2775 809 2834; x_wconf 87' lang='lat' dir='ltr'>ad</span> <span class='ocrx_word' id='word_1_271' title='bbox 850 2793 1131 2838; x_wconf 91' lang='lat' dir='ltr'>oceanum</span> <span class='ocrx_word' id='word_1_272' title='bbox 1177 2780 1412 2857; x_wconf 88' lang='lat' dir='ltr'>scripsit</span> <span class='ocrx_word' id='word_1_273' title='bbox 1438 2779 1530 2845; x_wconf 71' lang='grc' dir='ltr'>ῑί,</span> <span class='ocrx_word' id='word_1_274' title='bbox 1574 2777 1617 2838; x_wconf 89' lang='lat' dir='ltr'>L</span> <span class='ocrx_word' id='word_1_275' title='bbox 1646 2776 1705 2837; x_wconf 88' lang='lat' dir='ltr'>M</span> <span class='ocrx_word' id='word_1_276' title='bbox 1734 2796 1895 2856; x_wconf 87' lang='lat' dir='ltr'>pass.</span> <span class='ocrx_word' id='word_1_277' title='bbox 1946 2797 2108 2855; x_wconf 86' lang='lat' dir='ltr'>esse,</span> 
     </span>
    </p>

    <p class='ocr_par' dir='ltr' id='par_1_6' title="bbox 21 2860 2111 2939">
     <span class='ocr_line' id='line_1_33' title="bbox 21 2860 2111 2939; baseline -0.001 -14"><span class='ocrx_word' id='word_1_278' title='bbox 21 2872 119 2926; x_wconf 82' lang='lat'>122</span> <span class='ocrx_word' id='word_1_279' title='bbox 145 2865 312 2923; x_wconf 90' lang='lat' dir='ltr'>etiam</span> <span class='ocrx_word' id='word_1_280' title='bbox 354 2871 469 2921; x_wconf 91' lang='lat' dir='ltr'>tum</span> <span class='ocrx_word' id='word_1_281' title='bbox 507 2860 849 2937; x_wconf 88' lang='lat' dir='ltr'>inconperta</span> <span class='ocrx_word' id='word_1_282' title='bbox 889 2862 1295 2937; x_wconf 88' lang='lat' dir='ltr'>magnitudine.</span> <span class='ocrx_word' id='word_1_283' title='bbox 1368 2860 1475 2922; x_wconf 89' lang='lat' dir='ltr'>Est</span> <span class='ocrx_word' id='word_1_284' title='bbox 1533 2871 1731 2922; x_wconf 45' lang='lat' dir='ltr'>autem.</span> <span class='ocrx_word' id='word_1_285' title='bbox 1764 2862 1951 2939; x_wconf 87' lang='lat' dir='ltr'>ipsius</span> <span class='ocrx_word' id='word_1_286' title='bbox 1996 2861 2111 2923; x_wconf 82' lang='lat' dir='ltr'>Ita-</span> 
     </span>
    </p>

    <p class='ocr_par' dir='ltr' id='par_1_7' title="bbox 38 2943 2188 3442">
     <span class='ocr_line' id='line_1_34' title="bbox 38 2943 2112 3024; baseline 0 -19"><span class='ocrx_word' id='word_1_287' title='bbox 38 2945 83 3020; x_wconf 66' lang='lat'>3³⁹</span> <span class='ocrx_word' id='word_1_288' title='bbox 111 2946 257 3022; x_wconf 89' lang='lat' dir='ltr'>liae,</span> <span class='ocrx_word' id='word_1_289' title='bbox 309 2955 369 3005; x_wconf 89' lang='lat' dir='ltr'>ut</span> <span class='ocrx_word' id='word_1_290' title='bbox 409 2943 685 3016; x_wconf 82' lang='lat' dir='ltr'>diximus,</span> <span class='ocrx_word' id='word_1_291' title='bbox 727 2943 815 3010; x_wconf 68' lang='grc' dir='ltr'>ῖςῖ,</span> <span class='ocrx_word' id='word_1_292' title='bbox 849 2943 960 3003; x_wconf 93' lang='grc' dir='ltr'>ΧΧ</span> <span class='ocrx_word' id='word_1_293' title='bbox 987 2944 1047 3003; x_wconf 94' lang='grc' dir='ltr'><strong>Μ</strong></span> <span class='ocrx_word' id='word_1_294' title='bbox 1077 2945 1148 3005; x_wconf 90' lang='lat' dir='ltr'>ad</span> <span class='ocrx_word' id='word_1_295' title='bbox 1180 2944 1379 3024; x_wconf 88' lang='lat' dir='ltr'>Alpis,</span> <span class='ocrx_word' id='word_1_296' title='bbox 1426 2945 1577 3006; x_wconf 92' lang='lat' dir='ltr'>unde</span> <span class='ocrx_word' id='word_1_297' title='bbox 1620 2962 1730 3022; x_wconf 89' lang='lat' dir='ltr'>per</span> <span class='ocrx_word' id='word_1_298' title='bbox 1771 2944 2112 3022; x_wconf 82' lang='lat' dir='ltr'>Lugdunum</span> 
     </span>
     <span class='ocr_line' id='line_1_35' title="bbox 103 3026 2112 3108; baseline 0 -19"><span class='ocrx_word' id='word_1_299' title='bbox 103 3027 175 3089; x_wconf 91' lang='lat' dir='ltr'>ad</span> <span class='ocrx_word' id='word_1_300' title='bbox 219 3039 448 3108; x_wconf 89' lang='lat' dir='ltr'>portum</span> <span class='ocrx_word' id='word_1_301' title='bbox 498 3026 852 3086; x_wconf 88' lang='lat' dir='ltr'>Morinorum</span> <span class='ocrx_word' id='word_1_302' title='bbox 895 3028 1310 3105; x_wconf 90' lang='lat' dir='ltr'>Britannicum,</span> <span class='ocrx_word' id='word_1_303' title='bbox 1360 3046 1473 3106; x_wconf 86' lang='lat' dir='ltr'>qua</span> <span class='ocrx_word' id='word_1_304' title='bbox 1511 3028 1741 3088; x_wconf 82' lang='lat' dir='ltr'>videtur</span> <span class='ocrx_word' id='word_1_305' title='bbox 1779 3045 2112 3090; x_wconf 83' lang='lat' dir='ltr'>mensnram</span> 
     </span>
     <span class='ocr_line' id='line_1_36' title="bbox 106 3109 2188 3188; baseline 0.001 -17"><span class='ocrx_word' id='word_1_306' title='bbox 106 3130 286 3188; x_wconf 88' lang='lat' dir='ltr'>agere</span> <span class='ocrx_word' id='word_1_307' title='bbox 330 3110 637 3185; x_wconf 85' lang='lat' dir='ltr'>Polybius,</span> <span class='ocrx_word' id='word_1_308' title='bbox 681 3113 773 3180; x_wconf 70' lang='grc' dir='ltr'>ἴζῖ,</span> <span class='ocrx_word' id='word_1_309' title='bbox 810 3109 1090 3172; x_wconf 86' lang='lat' dir='ltr'>valul.</span> <span class='ocrx_word' id='word_1_310' title='bbox 1157 3111 1262 3171; x_wconf 89' lang='lat' dir='ltr'>sed</span> <span class='ocrx_word' id='word_1_311' title='bbox 1310 3113 1525 3171; x_wconf 87' lang='lat' dir='ltr'>certior</span> <span class='ocrx_word' id='word_1_312' title='bbox 1567 3128 1836 3171; x_wconf 87' lang='lat' dir='ltr'>mensura</span> <span class='ocrx_word' id='word_1_313' title='bbox 1879 3130 1955 3173; x_wconf 84' lang='lat' dir='ltr'>ac</span> <span class='ocrx_word' id='word_1_314' title='bbox 1982 3113 2188 3181; x_wconf 62' lang='lat' dir='ltr'>lon-³⁵</span> 
     </span>
     <span class='ocr_line' id='line_1_37' title="bbox 103 3194 2111 3273; baseline 0.001 -19"><span class='ocrx_word' id='word_1_315' title='bbox 103 3197 235 3271; x_wconf 86' lang='lat' dir='ltr'>gior</span> <span class='ocrx_word' id='word_1_316' title='bbox 284 3194 356 3254; x_wconf 91' lang='lat' dir='ltr'>ad</span> <span class='ocrx_word' id='word_1_317' title='bbox 406 3211 678 3253; x_wconf 89' lang='lat' dir='ltr'>occasum</span> <span class='ocrx_word' id='word_1_318' title='bbox 721 3195 864 3254; x_wconf 88' lang='lat' dir='ltr'>solis</span> <span class='ocrx_word' id='word_1_319' title='bbox 907 3196 1110 3255; x_wconf 83' lang='lat' dir='ltr'>aestivi</span> <span class='ocrx_word' id='word_1_320' title='bbox 1160 3197 1484 3273; x_wconf 85' lang='lat' dir='ltr'>ostiumque</span> <span class='ocrx_word' id='word_1_321' title='bbox 1527 3194 1715 3255; x_wconf 87' lang='lat' dir='ltr'>Rheni</span> <span class='ocrx_word' id='word_1_322' title='bbox 1757 3212 1871 3273; x_wconf 89' lang='lat' dir='ltr'>per</span> <span class='ocrx_word' id='word_1_323' title='bbox 1914 3205 2111 3257; x_wconf 84' lang='lat' dir='ltr'>castra</span> 
     </span>
     <span class='ocr_line' id='line_1_38' title="bbox 104 3275 2115 3358; baseline 0 -20"><span class='ocrx_word' id='word_1_324' title='bbox 104 3279 401 3353; x_wconf 88' lang='lat' dir='ltr'>legionum</span> <span class='ocrx_word' id='word_1_325' title='bbox 433 3275 771 3337; x_wconf 88' lang='lat' dir='ltr'>Germaniae</span> <span class='ocrx_word' id='word_1_326' title='bbox 814 3277 1121 3338; x_wconf 86' lang='lat' dir='ltr'>abiisdem</span> <span class='ocrx_word' id='word_1_327' title='bbox 1159 3279 1408 3358; x_wconf 87' lang='lat' dir='ltr'>Alpibus</span> <span class='ocrx_word' id='word_1_328' title='bbox 1437 3278 1728 3356; x_wconf 83' lang='lat' dir='ltr'>dirigitur,</span> <span class='ocrx_word' id='word_1_329' title='bbox 1771 3278 1895 3346; x_wconf 62' lang='lat' dir='ltr'>XV,</span> <span class='ocrx_word' id='word_1_330' title='bbox 1926 3279 2115 3344; x_wconf 85' lang='lat' dir='ltr'>XLIII</span> 
     </span>
     <span class='ocr_line' id='line_1_39' title="bbox 106 3358 1850 3442; baseline 0.002 -22"><span class='ocrx_word' id='word_1_331' title='bbox 106 3360 164 3420; x_wconf 90' lang='lat' dir='ltr'>M</span> <span class='ocrx_word' id='word_1_332' title='bbox 191 3377 482 3440; x_wconf 85' lang='lat' dir='ltr'>passuum.</span> <span class='ocrx_word' id='word_1_333' title='bbox 537 3358 683 3419; x_wconf 87' lang='lat' dir='ltr'>Hinc</span> <span class='ocrx_word' id='word_1_334' title='bbox 714 3360 923 3421; x_wconf 91' lang='lat' dir='ltr'>deinde</span> <span class='ocrx_word' id='word_1_335' title='bbox 955 3361 1155 3423; x_wconf 79' lang='lat' dir='ltr'>Africa</span> <span class='ocrx_word' id='word_1_336' title='bbox 1188 3373 1360 3442; x_wconf 86' lang='lat' dir='ltr'>atque</span> <span class='ocrx_word' id='word_1_337' title='bbox 1391 3362 1533 3425; x_wconf 85' lang='lat' dir='ltr'>Asia</span> <span class='ocrx_word' id='word_1_338' title='bbox 1565 3363 1850 3424; x_wconf 86' lang='lat' dir='ltr'>dicentur.</span> 
     </span>
    </p>
   </div>
   <div class='ocr_carea' id='block_1_3' title="bbox 1628 609 1870 620">
    <p class='ocr_par' dir='ltr' id='par_1_8' title="bbox 1628 609 1870 620">
     <span class='ocr_line' id='line_1_40' title="bbox 1628 609 1870 620; baseline 0 0"><span class='ocrx_word' id='word_1_339' title='bbox 1628 609 1870 620; x_wconf 95' lang='lat' dir='ltr'> </span> 
     </span>
    </p>
   </div>
   <div class='ocr_carea' id='block_1_4' title="bbox 109 2695 343 2705">
    <p class='ocr_par' dir='ltr' id='par_1_9' title="bbox 109 2695 343 2705">
     <span class='ocr_line' id='line_1_41' title="bbox 109 2695 343 2705; baseline 0 945"><span class='ocrx_word' id='word_1_340' title='bbox 109 2695 343 2705; x_wconf 95' lang='lat' dir='ltr'> </span> 
     </span>
    </p>
   </div>
   <div class='ocr_carea' id='block_1_5' title="bbox 901 3455 1259 3468">
    <p class='ocr_par' dir='ltr' id='par_1_10' title="bbox 901 3455 1259 3468">
     <span class='ocr_line' id='line_1_42' title="bbox 901 3455 1259 3468; baseline 0 182"><span class='ocrx_word' id='word_1_341' title='bbox 901 3455 1259 3468; x_wconf 95' lang='lat' dir='ltr'> </span> 
     </span>
    </p>
   </div>
   <div class='ocr_carea' id='block_1_6' title="bbox 2301 537 2309 1226">
    <p class='ocr_par' dir='ltr' id='par_1_11' title="bbox 2301 537 2309 1226">
     <span class='ocr_line' id='line_1_43' title="bbox 2301 537 2309 1226; baseline 0 0"><span class='ocrx_word' id='word_1_342' title='bbox 2301 537 2309 1226; x_wconf 95' lang='lat' dir='ltr'> </span> 
     </span>
    </p>
   </div>
  </div>
 </body>
</html>
