2320 3650
516 143 681 195 uxr.
710 144 893 195 susm.
925 141 1029 193 111.
1075 135 1310 195 14—16.
1347 125 1646 215 (19—20.)
1892 133 1907 142 “
2039 131 2158 195 147
2257 99 2261 103 ‚

129 289 403 381 largitor,
435 281 717 361 trecentis
737 297 799 361 Μ
822 315 979 378 pass.
1018 316 1052 359 a
1075 297 1236 357 sonte
1273 297 1493 358 addens
1528 308 1719 359 meatu
1742 297 2109 376 LXXXVIII,
2136 310 2241 364 118

132 406 244 448 uec
275 386 468 447 amnis
498 392 712 445 tantum
745 383 1125 461 Appenninos
1149 381 1514 460 Alpinosque
1539 383 1882 459 navigabilis
1914 384 2154 461 capiens

128 472 233 532 sed
271 470 445 529 lacus
479 484 714 547 quoque
759 461 1052 525 inmensos
1096 467 1155 523 in
1201 484 1329 524 eum
1365 484 1500 526 sese
1551 468 1954 542 exonerantis,
2002 468 2153 526 omni

125 570 374 615 numero
404 550 575 611 XXX
604 551 831 611 flumina
862 550 922 609 in
962 567 1121 609 mare
1173 548 1563 608 Hadriaticum
1611 549 1832 625 defert,
1884 551 2154 610 celeber-

83 642 268 704 srima
306 631 389 696 ex
418 637 492 695 iis
523 634 857 713 Appennini
890 633 1077 693 latere
1108 632 1347 708 Iactum,
1385 632 1688 709 Tanarum,
1724 632 1994 693 TrebIam
2025 633 2152 694 Pla·
2219 657 2229 668 ·

123 723 445 794 centinum,
485 718 725 794 Tarum,
780 717 1028 793 Inciam,
1065 714 1400 792 Gabellum,
1438 717 1829 793 Scultennam,
1867 716 2150 777 Rhenum.

119 805 366 884 Alpium
389 821 539 862 vero
565 803 811 876 Sturam,
842 797 1079 878 Orgum,
1103 799 1314 859 Durias
1339 801 1500 875 duas,
1528 801 2150 876 Sessitem,“Ticinum,

118 888 459 962 Lambrum,
498 885 784 961 Adduam,
817 882 1049 959 Ollium,
1082 882 1370 951 Mincium.
1417 903 1531 944 nec
1563 885 1709 944 alius
1734 887 1975 944 amnium
1999 893 2109 944 tam
2135 893 2237 947 119

120 973 296 1033 brevi
329 971 527 1049 spatio
558 969 791 1029 maioris
819 969 1159 1028 incrementi
1185 976 1296 1027 est.
1331 977 1609 1045 urguetur
1634 970 1852 1048 quippe
1879 987 2153 1047 aquarum

55 1078 106 1119 ιο
122 1056 288 1117 mole
320 1064 386 1115 et
418 1055 477 1112 in
507 1052 1106 1131 profundum‘agitur,
1155 1051 1352 1128 gravis
1394 1061 1588 1112 terrae
1609 1097 1626 1128 ,
1673 1071 2014 1132 quamquam
2051 1053 2151 1111 de-

120 1142 334 1202 ductus
384 1138 444 1196 in
487 1137 716 1199 flumina
752 1145 811 1195 et
844 1135 1038 1196 fossas
1086 1136 1236 1194 inter
1264 1134 1596 1196 Ravennam
1631 1136 1998 1215 Altinumque
2043 1154 2153 1215 per

120 1222 289 1284 CXX
318 1221 384 1281 M
422 1238 580 1300 pass.
600 1264 617 1296 ,
666 1229 859 1279 tamen
890 1237 1002 1297 qua
1029 1218 1251 1295 largius
1280 1222 1458 1279 vomit
1493 1228 1721 1299 septem
1751 1223 1929 1281 maria
1963 1222 2151 1281 dictus

119 1307 354 1368 facere.
419 1305 683 1381 Augusta
719 1301 879 1364 fossa
911 1300 1244 1363 Ravennam
1276 1303 1546 1379 trahitur,
1592 1303 1689 1363 ubi
1720 1304 1942 1365 Padusa
1976 1312 2149 1364 voca-

120 1400 213 1452 tur
244 1389 546 1469 quondam
580 1386 940 1447 Messanicus
989 1386 1338 1465 appellatus.
1401 1387 1744 1459 Proxumum
1777 1389 1910 1448 inde
1945 1390 2152 1447 ostium

55 1494 105 1534 ιε
120 1473 584 1551 magnitudInem
614 1479 818 1549 portus
847 1470 1025 1531 habet
1055 1471 1152 1549 qui
1184 1470 1424 1531 Vatreni
1457 1473 1695 1547 dicitur,
1732 1490 1843 1550 qua
1876 1470 2151 1532 Claudius

122 1557 356 1620 Caesar
391 1574 424 1615 e
469 1554 1152 1633 Britanniatriumphans
1196 1557 1549 1634 praegrandi
1583 1556 1682 1615 illa
1737 1557 1909 1615 domo
1954 1556 2151 1614 verius

122 1659 300 1723 quam
331 1658 484 1699 nave
512 1639 741 1699 intravit
768 1637 1057 1708 Hadriam.
1117 1637 1246 1699 Hoc
1281 1649 1412 1699 ante
1443 1638 1755 1699 Eridanum
1787 1640 1997 1699 ostium
2027 1639 2107 1698 di·
2132 1649 2234 1702 120

121 1735 282 1787 ctum
319 1732 447 1799 est,
494 1722 566 1783 ab
614 1722 740 1783 aliis
772 1723 1127 1800 Spineticum
1164 1722 1235 1783 ab
1272 1722 1417 1782 urbe
1451 1724 1626 1802 Spina
1660 1742 1809 1801 quae
1846 1723 1950 1782 fuit
1997 1724 2150 1782 iuxta

121 1806 520 1889 praevalens,
568 1815 627 1866 ut
668 1805 975 1885 Delphicis
1022 1806 1304 1868 creditum
1347 1816 1437 1867 est
1481 1807 1805 1884 thesauris,
1853 1807 2084 1868 condita
2116 1824 2149 1866 a

51 1892 441 1955 zoDiomede.
514 1888 710 1968 Auget
751 1891 831 1969 ibi
874 1890 1086 1951 Padum
1125 1890 1415 1951 Vatrenus
1463 1894 1640 1952 amnis
1678 1912 1753 1952 ex
1783 1892 2147 1953 Forocorne-

119 1978 318 2040 liensi.
346 1991 516 2051 agro.
575 1974 919 2035 Proxumum
963 1976 1098 2035 inde
1141 1976 1350 2035 ostium
1388 1973 1736 2054 Caprasiae,
1783 1977 1918 2036 dein
1952 1977 2145 2053 Sagis,

121 2061 265 2124 dein
304 2058 541 2119 Volane
592 2058 746 2136 quod
795 2068 927 2119 ante
973 2055 1154 2119 Olane
1204 2059 1541 2120 vocabatur.
1599 2062 1785 2121 omnia
1834 2079 1905 2120 ea
1951 2058 2147 2119 Flavia

89 2188 92 2195 «
119 2145 292 2206 fossa
319 2160 494 2221 quam
514 2143 681 2220 primi
708 2159 741 2201 a
765 2143 903 2219 Sagi
929 2141 1134 2203 fecere
1162 2143 1335 2203 Tusci
1360 2153 1569 2221 egesto
1593 2138 1775 2204 amnis
1802 2146 2016 2221 impetu
2042 2160 2150 2221 per

116 2239 523 2290 transversum
554 2227 610 2284 in
639 2224 1002 2286 Atrianorum
1034 2226 1262 2302 paludis
1298 2246 1447 2305 quae
1485 2236 1712 2305 septem
1735 2229 1912 2288 maria
1945 2226 2147 2305 appel·

52 2311 338 2385 aluntur,
373 2308 557 2368 nobili
589 2318 759 2387 portu
790 2310 989 2388 oppidi
1021 2309 1338 2370 Tuscorum
1363 2311 1563 2371 Atriae
1597 2330 1628 2371 a
1666 2330 1780 2391 quo
1810 2311 2148 2371 Atriaticum

116 2410 287 2458 mare
320 2401 459 2453 ante
488 2392 899 2470 appellabatur
946 2393 1102 2472 quod
1137 2413 1286 2454 nunc
1317 2394 1720 2456 Hadriaticum.
1787 2394 1926 2455 Inde
1959 2395 2106 2454 ostia
2132 2402 2230 2455 121

117 2479 303 2561 plena
354 2473 744 2551 Carbonaria,
791 2477 1086 2537 fossiones
1128 2477 1460 2554 Philistina,
1510 2475 1666 2556 quod
1709 2479 1806 2539 alii
1850 2479 2148 2539 Tartarum

116 2569 374 2636 vocant,
420 2560 609 2620 omnia
657 2577 734 2620 ex
764 2559 1097 2621 Philistinae
1147 2561 1345 2622 fossae
1392 2562 1780 2623 abundatione
1826 2558 2144 2637 nascentia,

119 2641 554 2709 accedentibus
597 2642 770 2702 Atesi
814 2662 888 2704 ex
938 2642 1287 2704 Tridentinis
1337 2645 1585 2723 Alpibus
1625 2656 1683 2706 et
1727 2645 2026 2724 Togisono
2071 2662 2147 2704 ex

51 2730 535 2792 aoPatavinorum
580 2727 756 2804 agris.
821 2745 958 2806 pars
1013 2746 1214 2788 eorum
1262 2738 1319 2789 et
1358 2747 1696 2808 proxumum
1740 2739 1966 2809 portum
2008 2729 2146 2789 facit

120 2811 503 2887 Brundulum,
537 2811 684 2870 siout
706 2809 999 2872 Edronem
1028 2810 1295 2873 Meduaci
1327 2814 1439 2873 duo
1471 2833 1541 2873 ac
1572 2815 1732 2875 fossa
1766 2813 1989 2874 Clodia.
2043 2812 2145 2871 His

61 2904 68 2909 '
119 2914 190 2959 se
221 2896 422 2959 Padus
452 2895 661 2954 miscet
688 2902 764 2954 ac'
786 2913 896 2975 per
928 2895 1078 2956 haec
1109 2897 1445 2973 effunditur,
1479 2898 1811 2977 plerisque,
1844 2907 1904 2955 ut
1939 2896 2144 2965 inrAe·

118 2986 310 3060 gypto
335 2977 508 3039 Nilus
531 2979 687 3056 quod
707 2989 919 3040 vocant
941 2979 1134 3056 Delta,
1170 2983 1508 3059 triquetram
1539 2982 1779 3058 figuram
1807 2982 1956 3040 inter
1978 2979 2146 3058 Alpis

117 3062 300 3149 atque
322 3076 490 3122 oram
510 3064 685 3122 maris
702 3062 903 3124 facere
918 3065 1202 3142 proditus,
1227 3065 1537 3124 stadiorum
1557 3064 1609 3123 ΙΙ
1630 3064 1688 3125 M
1713 3066 1970 3126 circuitu.
2004 3063 2110 3125 Pu·
2127 3075 2228 3129 122

40 3140 226 3213 aid&
251 3145 552 3208 a'Graecis
571 3145 773 3206 Italiae
797 3149 1078 3208 rationem
1099 3149 1362 3223 mutuari,
1393 3147 1763 3209 Metrodorus
1786 3158 1978 3210 tamen
2000 3146 2142 3210 Sce-

121 3230 287 3314 psius
311 3230 474 3306 dicit,
510 3232 778 3309 quoniam
804 3233 959 3292 circa
980 3232 1200 3292 fontem
1221 3230 1395 3291 arbor
1414 3233 1588 3292 multa
1613 3235 1685 3292 sit
1709 3235 1899 3312 picea,
1934 3234 2142 3312 quales

122 3314 354 3380 eunice
375 3323 663 3375 vocentur
684 3315 840 3392 padi,
872 3314 987 3375 hoc
1010 3326 1220 3375 nomen
1250 3317 1578 3393 accepisse,
1611 3316 1877 3396 Ligurum
1908 3318 2140 3397 quidem

121 3396 326 3478 lingua
357 3414 584 3458 amnem
626 3397 811 3477 ipsum
842 3398 1159 3461 Bodincum
1186 3399 1419 3475 vocari,
1455 3401 1612 3487 quod
1632 3403 1930 3479 significet
1959 3399 2138 3460 fundo

81 3518 92 3521 ἶ
1699 3485 1775 3546 10
1804 3483 1838 3521 »ι
