2320 3650
604 77 765 125 NAT.
802 78 986 126 HIST.
1026 79 1204 125 xnn.
1251 77 1425 130 3—4.
1477 66 1708 149 (AL—6.)
1841 112 1847 133 ‚-
2037 71 2154 137 261

113 244 262 294 rum
298 248 376 292 eo
404 234 588 292 minus
614 233 946 306 omittenda,
979 241 1041 291 ut
1071 241 1385 292 noscantur
1414 222 1585 293 etiam
1615 228 1894 313 praemia,
1929 240 2159 316 quaein

119 319 297 379 omni
338 336 403 377 re
434 334 698 376 maxume
730 325 1084 396 spectantur.
1145 334 1419 381 summam
1452 335 1597 395 ergo
1628 319 1871 399 adeptus
1905 330 1995 380 est
2021 322 2149 399 glo·
2173 333 2243 388 48

114 406 279 464 riam
312 401 537 460 Acilius
567 401 881 461 Sthenelus
912 420 946 460 e
975 400 1154 478 plebe
1178 399 1443 460 libertina
1473 416 1567 461 Lx
1610 404 1871 479 iugerum
1899 422 2013 464 non
2041 423 2156 465 am-

118 488 294 568 plius
331 487 518 544 vineis
551 485 798 545 excultis
833 486 890 543 in
919 483 1285 545 Nomentano
1316 502 1460 561 agro
1508 495 1681 564 atque
1714 500 1881 549 cccc
1910 503 1962 548 M
1999 509 2153 550 num-

63 585 94 625 5
118 587 293 631 mum
333 570 693 630 venundatis.
772 568 980 646 Magna
1011 568 1163 628 fama
1206 578 1264 627 et
1295 567 1588 632 Ve‘tuleno
1621 569 1870 648 Aegialo
1914 575 2153 650 perinde
2174 583 2241 637 49

122 655 420 716 libertino
470 653 576 712 fuit
621 654 677 711 in
729 651 1043 731 Campania
1088 671 1224 711 rure
1262 651 1585 729 Liternino,
1641 657 1939 734 maiorque
1986 658 2155 717 etiam

118 741 351 801 favore
394 737 712 811 hominum,
760 739 1032 816 quoniam
1075 739 1261 814 ipsum
1305 736 1562 797 Africani
1606 738 1840 799 colebat
1870 739 2152 799 exsilium.

119 823 245 884 sed
290 837 584 897 maxuma,
631 821 887 880 eiusdem
917 820 1182 880 Stheneli
1213 838 1430 898 opera,
1475 819 1774 881 Rhemmio
1804 816 2152 902 Palaemoni,

119 908 286 968 alias
318 905 688 983 grammatica
721 914 844 965 arte
885 904 1140 979 celebri,
1173 905 1229 962 in
1262 905 1424 965 hisce
1451 918 1549 965 xx
1581 907 1741 966 annis
1763 917 2019 966 mercato
2054 926 2154 966 rus

49 1014 100 1055 io
119 1003 231 1052 Dc
248 1004 604 1050 Mnummum
622 990 681 1048 in
696 989 907 1048 eodem
921 987 1284 1048 Nomentano
1306 989 1535 1048 decumi
1558 989 1763 1068 lapidis
1789 989 1861 1050 ab
1884 990 2029 1050 urbe
2054 991 2152 1049 de-

118 1074 450 1134 verticulo.
478 1082 567 1132 est
583 1082 774 1133 autem
796 1090 1218 1151 usquequaque
1241 1082 1376 1132 nota
1396 1074 1588 1133 vilitas
1610 1075 1821 1134 mercis
1840 1093 1948 1152 per
1965 1076 2150 1134 omnia
2170 1087 2239 1138 50

123 1158 470 1219 suburbana
487 1202 504 1232 ,
530 1157 611 1216 ibi
640 1166 831 1216 tamen
852 1172 1150 1230 maxuma,
1185 1158 1454 1233 quoniam
1478 1166 1537 1216 et
1559 1157 1828 1234 neglecta
1852 1158 2152 1236 indiligen-

121 1245 214 1304 tia
250 1242 491 1320 praedia
522 1250 866 1319 paraverat,
898 1236 969 1300 ac
997 1259 1071 1299 ne
1099 1242 1157 1299 in
1187 1241 1476 1318 pessumis
1515 1241 1747 1319 quidem
1778 1241 2163 1319 elegantioris,

125 1326 274 1387 sol-i.
334 1326 482 1386 haec
517 1326 834 1402 adgressus
865 1325 1148 1384 excolere
1178 1342 1294 1384 non
1319 1325 1527 1383 virtute
1559 1326 1728 1384 animi
1761 1325 1868 1385 sed
1898 1327 2149 1384 vanitate

53 1433 107 1474 ω
126 1413 359 1491 primo,
398 1427 549 1487 quae
571 1419 709 1470 nota
732 1411 876 1469 mire
907 1411 964 1467 in
991 1409 1093 1468 illo
1125 1408 1261 1484 fuit,
1294 1409 1593 1485 pastinatis
1619 1408 1691 1467 de
1714 1409 1943 1485 integro
1966 1411 2152 1467 vineis

131 1504 284 1556 citra
315 1493 612 1569 Stheneli,
659 1494 791 1554 dum
830 1493 1146 1570 agricolam
1178 1493 1458 1568 imitatur,
1505 1493 1577 1553 ad
1615 1494 1713 1551 vix
1746 1492 2024 1552 credibile
2052 1494 2151 1553 mi·

126 1578 402 1640 racnlum
442 1578 748 1656 perduxit,
793 1579 939 1637 intra
992 1585 1263 1637 octavom
1301 1593 1505 1637 annum
1560 1588 1728 1636 cccc
1770 1589 1824 1636 M
1868 1594 2149 1637 nummum

130 1663 389 1741 emptori
436 1661 666 1722 addicta
709 1662 1004 1741 pendente
1048 1660 1355 1721 vindemia.
1425 1661 1790 1738 cucurritque
1834 1677 1950 1719 non
1979 1677 2146 1719 nemo
2169 1672 2232 1721 51

129 1747 212 1808 ad
245 1745 595 1824 spectandas
625 1763 865 1807 uvarum
894 1747 952 1805 in
987 1747 1056 1805 iis
1088 1746 1277 1804 vineis
1317 1754 1544 1821 strues,
1586 1744 1794 1804 litteris
1832 1745 1955 1803 eius
1988 1744 2150 1805 altio·

56 1853 112 1894 20
133 1832 307 1893 ribus
344 1840 544 1891 contra
583 1830 642 1891 id
675 1833 844 1910 pigra
883 1832 1178 1890 vicinitate
1220 1829 1328 1889 sihi
1365 1830 1797 1908 patrocinante,
1839 1829 2151 1888 novissime

133 1917 387 1980 Annaeo
424 1916 683 1991 Seneca,
721 1916 986 1993 principe
1017 1925 1133 1974 tum
1167 1915 1503 1974 eruditionis
1536 1932 1608 1973 ac
1637 1914 1971 1991 potentiae,
2004 1929 2151 1990 quae

133 2009 443 2080 postremo
497 2000 666 2059 nimia
709 2001 823 2059 ruit
866 2017 1045 2077 super
1086 2000 1305 2076 ipsum,
1361 2000 1606 2059 minume
1647 1998 1844 2074 utique
1883 1998 2152 2055 miratore

131 2085 418 2161 inanium,
463 2093 619 2143 tanto
650 2083 853 2162 praedi
897 2083 1063 2142 huius
1095 2098 1295 2143 amore
1338 2091 1511 2160 capto
1543 2091 1604 2141 ut
1645 2098 1759 2139 non
1793 2079 2041 2157 puderet
2069 2080 2150 2137 in-

134 2170 274 2229 viso
313 2168 454 2228 alias
499 2177 558 2227 et
604 2175 964 2227 ostentaturo
1006 2166 1242 2226 tradere
1282 2165 1525 2243 palmam
1570 2182 1730 2239 eam,
1777 2163 1983 2241 emptis
2017 2179 2151 2239 qua·

60 2272 115 2314 25
138 2252 452 2331 driplicato
486 2253 673 2311 vineis
697 2251 814 2311 illis
844 2252 989 2310 intra
1014 2250 1313 2310 decumum
1341 2248 1467 2307 fere
1494 2266 1667 2316 curae
1694 2263 1916 2306 annum.
1976 2246 2144 2321 digna
2170 2255 2237 2305 52

138 2354 327 2414 opera
359 2353 509 2413 quae
552 2338 609 2394 in
645 2333 935 2395 Caecubis
966 2335 1299 2411 Setinisque
1334 2333 1491 2409 agris
1529 2332 1879 2411 proficeret,
1925 2328 2152 2407 quando

139 2431 205 2482 'et
233 2429 442 2499 postea
477 2437 901 2497 saepenumero
932 2427 1211 2497 septenos
1244 2416 1469 2476 culleos
1499 2415 1725 2493 singula
1757 2416 1993 2490 iugera,
2040 2413 2155 2472 hoc

141 2515 237 2565 est
290 2503 596 2582 amphoras
645 2512 922 2564 centenas
952 2502 1387 2581 quadragenaS,
1422 2501 1594 2558 musti
1625 2500 1863 2559 dedere.
1943 2496 2033 2555 Ac
2079 2515 2151 2554 ne

141 2589 276 2669 quis
305 2589 515 2648 victam
558 2590 615 2648 in
650 2588 766 2648 hoc
798 2588 1193 2665 antiquitatem
1223 2585 1565 2659 arbitretur,
1605 2584 1754 2643 idem
1788 2580 1933 2641 Cato
1969 2580 2153 2640 denos

66 2697 122 2741 ιο
145 2672 373 2733 culleos
408 2673 603 2733 redire
638 2690 715 2736 ex
738 2671 1035 2748 iugeribus
1060 2670 1327 2747 scripsit,
1360 2667 1699 2728 efficacibus
1734 2664 2018 2743 exemplis
2042 2681 2154 2721 non

142 2757 323 2817 maria
356 2757 487 2835 plus
517 2763 798 2817 temerata
827 2754 1100 2814 conferre
1128 2753 1473 2826 mercatori,
1506 2769 1620 2810 non
1650 2753 1706 2810 in
1735 2748 1988 2809 Rubrum
2020 2748 2153 2805 litus

142 2842 476 2903 Indicumve
505 2841 718 2901 mercis
749 2839 961 2916 petitas
983 2856 1153 2917 quam
1177 2836 1441 2897 sedulum
1469 2837 1618 2894 ruris
1651 2835 1849 2894 larem.

72 2961 129 2992 a.
277 2925 401 3004 (6.)
445 2924 596 2985 Vino
618 2924 1026 3001 antiquissima
1059 2923 1292 2981 claritas
1322 2919 1601 2979 Maroneo
1634 2920 1707 2977 in.
1723 2915 2004 2977 Thraciae
2034 2931 2147 2992 ma·
2172 2921 2242 2976 53

66 3005 367 3071 &kx-nimae
409 3018 575 3087 parte
617 3009 852 3087 genito,
900 3016 961 3066 ut
999 3015 1204 3066 auctor
1245 3015 1334 3066 est
1381 3003 1686 3064 Homerus.
1768 3017 1974 3077 neque·
2008 2999 2154 3056 enim

71 3110 129 3152 35
147 3095 411 3164 fabulosa
435 3102 532 3153 aut
560 3094 634 3154 de
668 3093 894 3170 origine
925 3092 1049 3152 eius
1079 3092 1242 3151 varie
1273 3088 1502 3169 prodita
1527 3085 1954 3158 consectamur,
1987 3099 2155 3160 prae-

149 3189 412 3257 terquam
463 3179 792 3239 Aristaeum
844 3179 1084 3256 primum
1136 3176 1387 3248 omnium
1445 3174 1502 3232 in
1560 3170 1761 3231 eadem
1817 3175 1993 3245 gente
2043 3164 2157 3224 mel

151 3263 453 3332 miscuisse
482 3264 617 3322 vino
636 3309 653 3341 ,
701 3264 984 3323 suavitate
1014 3261 1332 3337 praecipua
1363 3259 1659 3334 utriusque
1686 3263 1924 3314 naturae
1948 3258 2158 3329 sponte

152 3347 569 3426 provenientis.
627 3346 963 3407 Maroneum
1004 3345 1226 3403 viciens
1259 3351 1416 3402 tanto
1465 3339 1659 3401 addito
1692 3356 1879 3416 aquae
1912 3336 2157 3394 miscen-

2155 3509 2271 3583 A
