2320 3650
150 93 228 156 72
867 109 926 156 e.
972 109 1163 156 rum
1202 108 1496 157 saeuum

149 264 356 341 primus
399 261 747 338 Endymion,
794 262 870 322 ob
916 264 973 324 id
1019 281 1214 324 amore
1261 263 1384 323 eius
1429 271 1627 341 captus
1665 264 1814 323 fama
1858 264 2128 325 traditnS.

146 347 274 406 Non
304 365 494 405 sumus
524 347 789 426 profecto
820 348 967 423 grati
999 363 1136 425 erga
1170 363 1273 406 eos
1305 347 1401 425 qui
1423 346 1626 406 labore
1652 366 1907 425 curaque
1931 350 2131 410 lucem

147 430 309 490 nobis
363 449 643 509 aperuere
689 432 745 489 in
788 429 897 490 hac
942 431 1105 508 luce,
1149 433 1405 508 miraque
1447 429 1671 489 humani
1715 433 1911 507 ingeni
1951 442 2132 511 peste

147 515 478 591 sanguinem
508 524 566 574 et
600 515 792 575 caedis
825 515 1076 576 condere
1108 515 1405 574 annalibus
1438 515 1620 591 iuvat,
1644 525 1647 528 “
1667 523 1729 574 ut
1759 514 1987 575 scelera
2019 516 2129 577 ho·

61 600 348 662 uminum
388 607 696 659 noscantur
737 598 926 659 mundi
967 600 1149 678 ipsius
1191 600 1424 675 ignaris.
1485 598 1768 659 Proxuma
1802 616 1948 676 ergo
1997 617 2128 660 car·
2153 625 2182 665 s

144 683 291 757 dini,
322 681 572 760 ideoque
602 684 848 742 minume
880 682 1125 758 ambitu,
1168 682 1389 742 vicenis
1418 680 1620 742 diebus
1651 685 2029 762 septenisque
2065 694 2132 744 et

144 767 311 826 tertia
356 766 468 826 diei
511 776 705 844 parte,
752 768 981 844 peragit
1018 767 1204 847 spatia
1254 765 1457 826 eadem
1498 781 1647 844 quae
1684 767 1912 826 Saturni
1962 767 2129 827 sidus

86 871 130 906 ει
144 849 473 909 altissimum
504 851 753 927 triginta,
783 859 844 909 ut
873 850 1082 910 dictum
1113 858 1224 925 est,
1261 851 1439 910 annis.
1478 849 1610 908 dein
1638 859 1856 910 morata
1883 852 1939 909 in
1964 853 2127 912 coitu

144 932 285 993 solis
315 932 510 1010 biduo,
543 952 666 993 cum
697 932 1051 1011 tardissime,
1096 952 1128 993 a
1167 934 1457 993 tricesima
1489 932 1619 992 luce
1661 952 1858 993 rursus
1886 933 1957 995 ad
1991 952 2125 994 eas·

143 1017 271 1078 dem
299 1018 444 1075 vicis
474 1018 621 1091 exit,
666 1015 801 1076 haut
834 1018 958 1076 scio
990 1035 1060 1076 an
1094 1020 1340 1077 omnium
1371 1034 1519 1094 quae
1547 1018 1605 1075 in
1637 1017 1804 1077 caelo
1838 1020 2120 1096 pernosci
2142 1037 2199 1080 10

140 1108 448 1179 potuerunt
479 1101 767 1177 magistra.
810 1101 867 1159 in
895 1101 1198 1161 duodecim
1227 1118 1480 1159 mensum
1509 1101 1694 1178 spatia
1725 1111 2001 1179 oportere
2035 1102 2123 1163 di·

57 1197 123 1250 45
138 1185 253 1244 vidi
293 1201 523 1259 annum,
571 1182 841 1263 quando
817 1202 1007 1264 ipsum
1036 1187 1247 1244 totiens
1279 1184 1464 1244 solem
1493 1184 1828 1245 redeuntem
1858 1185 1929 1245 ad
1960 1187 2125 1265 prin·

142 1268 290 1346 cipia
321 1270 708 1367 consequitur.
754 1268 897 1327 solis
927 1268 1158 1346 fulgore
1192 1286 1316 1328 eam
1345 1277 1407 1327 ut
1432 1257 1654 1347 reliqua
1686 1270 1934 1329 siderum
1960 1271 2123 1347 regi,

138 1351 468 1430 siquidem
451 1372 508 1414 ιιι
536 1361 712 1411 totum
742 1361 986 1412 mutuata
1019 1352 1089 1412 ab
1123 1370 1196 1412 eo
1228 1353 1358 1413 luce
1388 1352 1643 1428 fulgere,
1681 1354 1956 1431 qualem
1937 1371 1996 1412 ιιι
2026 1371 2123 1413 re-

139 1453 417 1514 percussu
450 1454 633 1515 aquae
665 1435 909 1502 volitare
942 1437 1344 1515 conspicimus.
1391 1435 1523 1495 ideo
1551 1437 1817 1497 molliore
1844 1445 1901 1497 et
1922 1438 2123 1517 inper-
2148 1459 2203 1501 ιιι

138 1520 292 1580 fecta
328 1522 385 1579 vi
415 1521 649 1581 solvere
691 1529 903 1580 tantum
945 1538 1201 1580 umorem
1231 1529 1404 1598 atque
1444 1520 1611 1579 etiam
1641 1538 1893 1597 augere,
1943 1539 2123 1621 quern

139 1605 280 1664 solis
310 1604 453 1664 radii
484 1605 793 1664 absumant.
855 1604 987 1663 ideo
1019 1613 1079 1663 et
1108 1603 1395 1680 inaequali
1435 1603 1643 1663 lumine
1675 1604 1930 1682 adspiei,
1979 1607 2121 1684 quia

140 1706 215 1747 ex
249 1682 494 1747 adverso
537 1689 756 1748 demum
786 1688 955 1766 plena
985 1688 1224 1767 reliquis
1265 1686 1467 1746 diebus
1496 1696 1707 1747 tantum
1737 1706 1812 1747 ex
1844 1707 1910 1747 se
1940 1690 2121 1747 terris

55 1774 122 1830 46
141 1770 404 1831 ostendat
450 1779 716 1850 quantum
759 1790 833 1831 ex
880 1772 1009 1833 sole
1053 1773 1180 1851 ipsa
1220 1772 1524 1849 concipiat.
1585 1772 1643 1831 in
1685 1773 1839 1832 coitu
1882 1772 2120 1851 quidem

139 1873 252 1915 non
285 1855 463 1930 cerni,
498 1857 760 1934 quoniam
791 1856 1049 1916 haustum
1085 1873 1308 1915 omnem
1351 1856 1495 1915 lucis
1527 1855 1772 1916 adversa
1798 1856 1913 1917 illo
1940 1873 2120 1935 rege-
2141 1879 2202 1921 ω

137 1948 225 1998 rat
253 1938 404 1998 unde
454 1940 764 2017 acceperit.
819 1940 1008 2001 sidera
1040 1957 1184 2000 vero
1227 1940 1363 2000 haut
1418 1938 1589 1998 dubie
1632 1957 1832 1999 umore
1878 1948 2122 2001 terreno

137 2023 332 2102 pasci,
386 2025 516 2100 quia
563 2022 790 2083 dimidio
832 2024 976 2083 orbe
1019 2041 1435 2101 nonnumquam
1480 2024 1772 2084 maculosa
1823 2033 2121 2100 cernatur,

138 2107 362 2166 scilicet
391 2106 635 2166 nondum
667 2117 1011 2185 suppetente
1036 2109 1107 2168 ad
1136 2106 1504 2168 hauriendum
1537 2107 1682 2167 ultra
1714 2108 1861 2167 iusta
1886 2110 1963 2167 vi.
1997 2124 2121 2168 ma-

139 2189 297 2250 culas
344 2193 490 2250 enim
533 2208 647 2250 non
697 2191 845 2251 aliud
889 2210 1021 2251 esse
1067 2209 1234 2269 quam
1270 2199 1464 2249 terrae
1510 2199 1702 2269 raptas
1750 2209 1877 2251 cum
1911 2209 2149 2251 umore:

138 2273 343 2333 sordis.
412 2274 504 2334 10.
544 2274 805 2334 defectus
841 2284 1026 2336 autem
1069 2291 1207 2332 suos
1250 2283 1307 2334 et
1348 2274 1527 2350 solis,
1568 2292 1688 2333 rem
1725 2275 1781 2333 in
1812 2284 1938 2334 tota
1975 2292 2204 2338 con-2⁵

138 2357 510 2435 templatione
539 2368 774 2419 naturae
804 2376 1064 2418 maxume
1097 2359 1295 2419 miram
1333 2367 1391 2417 et
1422 2366 1649 2417 ostento
1680 2354 1952 2434 similem,
1995 2376 2118 2418 ma·

54 2449 120 2504 47
137 2442 483 2517 gnitudinum
528 2441 877 2522 umbraeque
920 2443 1136 2502 indices
1181 2443 1486 2501 exsistere.
1552 2441 1653 2521 (7)
1690 2442 1902 2521 quippe
1937 2445 2145 2502 mani--

138 2527 344 2585 festum
374 2535 464 2585 est
496 2527 680 2586 solem
719 2529 1038 2587 interventu
1075 2525 1244 2585 lunae
1277 2525 1555 2585 occultari
1581 2524 1889 2604 lunamque
1918 2534 2123 2586 terrae

138 2609 399 2685 obiectu,
454 2626 523 2669 ac
561 2611 704 2669 vicis
747 2607 909 2671 reddi
941 2610 1181 2671 eosdem
1211 2608 1354 2669 solis
1383 2608 1576 2668 radios
1609 2608 1740 2668 luna
1769 2611 2121 2688 interpositu

136 2711 241 2753 suo
274 2694 570 2754 auferente
613 2703 801 2754 terrae
849 2704 1119 2772 terraque
1149 2693 1337 2752 lunae.
1396 2691 1506 2753 hac
1537 2693 1819 2752 subeunte
1857 2695 2118 2772 repenti·
2142 2718 2207 2762 ω

136 2796 236 2837 nas
282 2777 491 2838 obduci
535 2779 804 2838 tenebras
845 2795 1185 2857 rursumque
1218 2776 1372 2837 illius
1408 2775 1608 2835 umbra
1642 2777 1799 2836 sidus
1829 2774 2119 2853 hebetari.

135 2880 322 2939 neque
347 2862 497 2922 aliud
521 2881 655 2922 esse
681 2870 907 2922 noctem
940 2880 1107 2940 quam
1130 2870 1322 2920 terrae
1352 2859 1625 2934 umbram,
1660 2860 1896 2937 liguram
1926 2868 2125 2920 autem

135 2942 367 3004 umbrae
410 2947 649 3006 similem
695 2955 880 3006 metae
923 2964 992 3006 ac
1037 2944 1246 3005 turbini
1286 2947 1542 3021 inversu,
1585 2945 1810 3022 quando
1839 2960 2125 3004 mucrone

135 3037 348 3088 tantum
389 3030 615 3106 ingruat
664 3048 854 3109 neque
895 3029 1064 3089 lunae
1115 3028 1363 3099 excedat
1407 3026 1790 3103 altitudinem,
1847 3028 2124 3105 qnoniam

136 3111 348 3171 nullum
392 3112 543 3172 aliud
592 3115 747 3174 sidus
800 3114 1006 3174 eodem
1045 3113 1218 3173 modo
1272 3110 1616 3171 obscuretur
1659 3121 1716 3171 et
1753 3111 1885 3170 talis
1928 3112 2119 3188 figura
2144 3139 2211 3182 35

55 3200 366 3273 48semper
394 3213 665 3267 mucrone
696 3197 942 3257 deficiat.
988 3197 1188 3274 Spatio
1222 3196 1450 3275 quidem
1481 3197 1737 3255 consumi
1765 3194 1995 3254 umbras
2031 3196 2121 3255 in·

140 3279 290 3338 dicio
342 3287 471 3337 sunt
509 3280 806 3339 volucrum
849 3280 1092 3358 praealti
1133 3280 1384 3339 volatus.
1451 3296 1595 3356 ergo
1640 3279 1942 3339 confinium
1995 3279 2124 3339 illis

143 3370 232 3421 est
276 3364 425 3421 aeris
473 3364 744 3422 terminus
793 3365 1121 3443 initiumque
1173 3362 1446 3423 aetheris.
1504 3371 1677 3443 supra
1735 3364 1922 3424 lunam
1970 3378 2131 3442 pure

12 3518 98 3564 h*
