2320 3650
210 114 324 175 138
893 122 954 169 e.
988 122 1181 168 Pmm
1216 120 1520 169 snommr

197 281 435 353 fallunt,
475 278 742 356 quoniam
774 276 1213 354 intemperantia
1257 272 1510 333 ltbtdlnls
1554 272 1833 350 frangunt
1868 291 2082 335 earum
2124 293 2222 337 ova

198 381 270 424 ne
302 362 627 423 incubando
661 361 1041 420 detineantur.
1109 368 1245 418 tunc
1274 360 1426 418 inter
1467 376 1534 417 se
1569 355 1848 417 dimicant
1889 377 2098 419 mares
2137 361 2223 423 de-

115 462 213 513 101
232 448 450 508 siderio
481 447 837 506 feminarum.
916 445 1129 503 victum
1165 444 1320 502 aiunt
1359 457 1636 501 venerem
1678 444 1822 520 pati.
1894 444 1957 502 id
2005 445 2227 523 quidem

200 543 258 593 et
293 533 625 591 coturnices
657 528 884 606 Trogus
922 537 981 588 et
1011 528 1378 605 gallinaceos
1405 526 1738 605 aliquando,
1773 526 2072 605 perdices
2094 548 2226 591 vero

197 638 230 677 a
266 617 493 680 domitis
530 615 692 674 feros
738 623 796 672 et
824 630 1009 672 novos
1046 621 1143 671 aut
1170 613 1362 671 victos
1396 612 1527 671 iniri
1559 611 1922 689 promiscue.
1992 617 2260 693 ρεῳὶαῃ-ε,

195 712 289 762 tur
318 707 551 780 quoque
584 697 954 777 pugnacitate
995 695 1254 755 eiusdem
1297 695 1578 773 libidinis,
1613 703 1819 755 contra
1863 700 2131 777 aucupis
2159 700 2229 759 iu·

196 787 367 846 licem
400 794 651 844 exeunte
686 785 743 842 in
774 782 1060 859 proelium
1089 781 1239 840 duce
1275 781 1449 839 totius
1472 781 1705 857 gregis.
1769 790 1955 858 capto
1993 799 2073 841 eo
2107 802 2229 862 pro-

196 870 350 930 cedit
380 870 527 928 alter
562 886 633 928 ac
667 866 911 927 subinde
944 865 1176 942 singuli.
1240 882 1439 924 rursus
1456 863 1465 944 J
1483 866 1639 923 circa
1670 874 2044 943 conceptum
2077 868 2230 928 femi·

195 973 304 1013 nae
344 956 645 1030 capiuntur
686 958 887 1010 contra
920 966 1205 1027 aucupum
1243 950 1512 1008 feminam
1547 956 1835 1008 exeuntes
1869 958 1942 1009 ut
1968 951 2231 1028 ,rixando

112 1050 213 1102 102
229 1038 462 1113 abigant
508 1054 652 1095 eam.
730 1034 935 1111 Neque
978 1036 1034 1093 in
1066 1034 1183 1093 alio
1229 1032 1457 1093 animali
1499 1051 1605 1111 par
1649 1050 1801 1111 qus
1834 1032 2134 1098 libidinis.
2191 1041 2285 1097 sin

194 1130 393 1181 contra
425 1120 596 1179 maris
621 1120 887 1178 steterint
916 1119 1164 1178 feminae
1182 1164 1198 1192 ‚
1228 1136 1365 1178 aura
1397 1116 1469 1176 ab
1496 1118 1586 1178 his
1611 1117 1790 1177 flante
1820 1133 2231 1198 praegnantes

197 1206 369 1278 fiunt,
405 1203 631 1263 hiantes
677 1212 867 1263 autem
904 1212 1138 1262 exserta
1185 1203 1379 1279 lingua
1418 1220 1525 1279 per
1571 1202 1628 1261 id
1663 1211 1900 1279 tempus
1939 1205 2231 1267 aestuant.

195 1289 526 1366 concipiunt
568 1297 626 1347 et
654 1288 1148 1366 supervolantium
1192 1286 1433 1360 adflatu,
1468 1303 1649 1363 saepe
1685 1304 1841 1345 voce
1869 1295 2114 1350 tantum
2143 1309 2232 1352 au·

194 1376 308 1434 dita
340 1373 606 1432 masculi.
667 1372 936 1449 adeoque
970 1374 1145 1431 vincit
1178 1371 1360 1430 libido
1396 1372 1567 1429 etiam
1596 1369 1757 1430 fetus
1792 1373 2148 1452 caritatem,
2182 1385 2233 1435 ut

191 1459 291 1518 illa
321 1458 514 1517 furtim
552 1467 611 1516 et
650 1459 708 1517 in
746 1456 978 1516 occulto
1015 1455 1324 1531 incubanS‚
1362 1472 1487 1515 cum
1523 1458 1707 1518 sensit
1733 1456 2023 1518 feminam
2062 1476 2290 1520 auca-1⁵1

191 1545 283 1621 pis
312 1542 694 1602 accedentem
723 1541 799 1612 ad⁴
823 1560 1037 1600 marem
1056 1586 1073 1616 ‚
1104 1549 1343 1600 recanat
1371 1548 1734 1618 revocetque
1772 1550 1841 1600 et,
1864 1542 2032 1603 ultro
2070 1563 2234 1623 prae·

190 1626 328 1686 beat
368 1646 434 1687 se
480 1627 720 1686 libidini.
801 1625 962 1685 rabie
1009 1624 1238 1703 quidem
1273 1633 1427 1685 tanta
1471 1624 1766 1700 feruntur,
1817 1635 1881 1684 ut
1932 1628 1997 1685 in
2044 1633 2235 1709 capite

108 1720 210 1773 103
234 1712 635 1788 aucupantium
677 1729 860 1789 saepe
905 1728 1119 1770 caecae
1164 1710 1381 1788 impetu
1412 1708 1673 1768 sedeant.
1745 1711 1809 1769 Si
1843 1711 1921 1770 ad
1955 1713 2164 1774 nidum
2191 1715 2236 1774 is

190 1796 387 1873 coepit
431 1793 755 1870 accedere,
807 1795 1175 1874 adpro‘currit
1217 1793 1405 1872 pedes
1452 1794 1578 1853 eius
1622 1793 1780 1871 feta,
1827 1812 2234 1874 praegravem

189 1889 285 1938 aut
316 1879 643 1938 delumbem
676 1898 810 1939 sese
843 1881 1137 1954 simulans,
1176 1879 1483 1956 subitoque
1518 1879 1574 1936 iu
1597 1895 1891 1956 procursu
1931 1891 2036 1941 aut
2068 1883 2290 1944 brevis

185 1963 384 2044 aliquo
417 1964 614 2023 volatu
653 1965 806 2024 cadit
836 1965 1019 2024 fracta
1044 1974 1105 2024 ut
1134 1965 1226 2024 ala
1258 1973 1352 2031 aut
1379 1962 1648 2041 pedibuS,
1684 1967 1995 2042 procurrit
2022 1969 2234 2028 iterum

177 2051 409 2109 ‘iamiam
444 2049 865 2127 prehensurum
906 2049 1197 2126 effugiens
1241 2066 1522 2126 spemque
1564 2048 1891 2125 frustrans,
1936 2051 2146 2112 donec
2182 2054 2234 2111 in

186 2134 477 2193 diversum
521 2134 772 2194 abducat
816 2153 847 2194 a
882 2135 1051 2193 nidis.
1120 2134 1331 2193 eadem
1364 2149 1585 2210 pavore
1630 2133 1822 2193 libera
1857 2151 1937 2194 ac
1969 2146 2234 2198 materna

184 2237 400 2278 vacans
435 2237 569 2278 cura
617 2220 672 2277 in
710 2218 877 2277 sulco
925 2219 1195 2296 resupina
1228 2217 1440 2294 glaeba
1483 2235 1549 2275 se
1593 2226 1791 2276 terrae
1826 2219 2099 2297 pedibus
2143 2222 2230 2282 ad·

187 2304 480 2380 prehensa
525 2305 735 2381 operit.
814 2303 1116 2362 Perdicum
1172 2303 1289 2361 vita
1339 2301 1411 2362 ad
1466 2301 1723 2361 sedecim
1767 2319 1964 2363 annos
2016 2305 2290 2366 durarem

189 2389 582 2447 existumatur.

105 2478 208 2533 104
324 2470 421 2531 34.
472 2471 639 2550 (52.)
687 2470 778 2530 Ab
814 2471 903 2531 his
946 2469 1336 2530 columbarum
1368 2470 1631 2529 maxume
1667 2480 2022 2549 spectantur
2063 2473 2234 2534 simili

186 2556 409 2614 ratione
441 2573 636 2615 mores
668 2555 873 2629 iidem,
913 2557 1017 2615 sed
1057 2556 1332 2634 pudicitia
1374 2554 1491 2614 illis
1533 2555 1718 2633 prima
1761 2564 1823 2615 et
1857 2560 2069 2618 neutri
2103 2565 2235 2619 nota

185 2638 487 2699 adulteria.
562 2641 795 2716 coniugi
832 2639 1004 2699 fidem
1033 2656 1149 2698 non
1178 2639 1428 2714 violant,
1465 2656 1959 2718 communemque
1992 2651 2236 2703 servant

182 2723 429 2783 domum.
488 2724 597 2781 nisi
630 2723 868 2783 caelebs
901 2732 998 2783 aut
1027 2724 1198 2783 vidua
1232 2723 1419 2783 nidum
1450 2740 1565 2782 non
1589 2723 1890 2802 relinquit.
1962 2736 2025 2786 et
2052 2692 2290 2809 impe-d

180 2810 373 2868 riosos
410 2809 615 2883 maris,
667 2808 910 2867 subinde
948 2809 1117 2867 etiam
1162 2809 1391 2885 iniquos
1423 2808 1649 2884 ferunt,
1688 2810 1917 2888 quippe
1961 2812 2233 2892 suspicio

183 2902 274 2951 est
317 2893 599 2969 adulteri,
650 2895 910 2971 quamvis
949 2901 1152 2951 natura
1197 2910 1311 2952 non
1354 2893 1447 2951 sit.
1525 2902 1660 2952 tunc
1691 2891 1938 2970 plenum
1978 2896 2233 2974 querela
2288 2898 2290 2957 i

179 2986 376 3052 guttur
408 2978 687 3055 saevique
719 2985 915 3036 rostro
944 2977 1115 3052 ictus,
1149 2994 1286 3037 mox
1316 2978 1373 3035 in
1402 2976 1804 3045 satisfactione
1842 2978 2232 3042 exosculatio
2288 2980 2290 3021 :

96 3067 198 3118 105
218 3068 275 3117 et
293 3063 448 3122 circa
470 3062 705 3120 veneris
728 3079 943 3139 preces
970 3061 1198 3121 crebris
1226 3062 1436 3139 pedum
1460 3060 1701 3121 orbibus
1725 3061 2017 3125 adulatio.
2072 3080 2233 3141 am
2288 3088 2290 3093 ·

180 3143 406 3217 utrique
454 3144 677 3205 subolis
720 3145 1000 3223 aequalis.
1075 3162 1258 3224 saepe
1303 3155 1482 3206 etex
1522 3145 1634 3205 hac
1675 3163 1855 3205 causa
1904 3102 2290 3228 castigat‘m‘i

181 3223 402 3295 pigrius
437 3227 680 3287 intrante
714 3229 924 3288 femina
960 3230 1031 3290 ad
1066 3230 1279 3308 pullos.
1343 3230 1686 3308 parturienti
1718 3231 1938 3292 solatia
1965 3243 2029 3294 et
2070 3222 2229 3295 ffl-

149 3304 362 3363 .steria
419 3325 493 3366 ex
540 3329 718 3371 mare.
799 3313 975 3390 pullis
1021 3316 1208 3392 primo
1265 3314 1839 3375 salsioremxterram
1898 3312 2226 3379 colle&
2288 3390 2290 3393 ¹

186 3391 413 3456 gutture
459 3390 513 3447 in
558 3408 660 3452 ora
706 3396 978 3473 inspuunt
1021 3408 1440 3477 praeparantes
1483 3399 2014 3479 tempestivitatem
2072 3398 2221 3464 cibo.
2288 3400 2290 3403 ’
