2320 3650
144 39 258 130 '24
865 77 1151 128 0.1>1.1n1
1179 76 1484 132 suenum
1591 77 1599 96 ·

176 232 238 302 Ρ.
282 232 529 294 Rutilius
568 229 775 292 morbo
820 231 938 296 levi
980 233 1280 324 inpeditus
1313 235 1576 296 nunciata
1617 232 1809 296 fratris
1840 230 2094 309 repulsa
2136 231 2198 290 in

179 316 508 376 consulatus
545 316 823 395 petitione
873 315 1032 376 illico
1081 306 1415 394 exspiravit.
1490 316 1551 377 Ρ.
1604 313 1878 376 Catienus
1915 314 2232 376 Plotinus

176 410 475 497 patronum
519 400 667 460 adeo
711 399 912 468 dilexit
954 408 1013 460 ut
1047 399 1221 468 heres
1269 400 1530 462 omnibus
1576 399 1742 460 bonis
1785 400 2087 464 institutus
2134 399 2196 458 in

175 493 378 562 rogum
409 484 532 550 eius
563 502 630 543 se
665 484 903 543 iaceret.

92 577 194 634 123
295 567 391 630 37.
435 566 600 646 (37.)
681 565 980 626 Variarum
1029 567 1230 632 artium
1274 569 1517 627 scientia
1567 527 2011 626 innumerabiles
2049 564 2228 632 eni-5

174 660 374 726 tuere,
409 668 554 729 quos
587 659 776 709 tamen
810 650 1009 725 attingi
1043 668 1147 728 par
1179 652 1251 709 sit
1286 651 1486 712 florem
1517 651 1804 711 hominum
1834 648 2182 712 libantibus:

174 735 491 812 astrologia
532 733 789 793 Berosus
823 732 912 792 cui
955 732 1030 792 ob
1064 734 1285 798 divinas
1328 731 2184 813 praedictionesAthenieuses

172 818 404 896 publice
445 819 498 876 in
529 816 827 893 gymnasio
859 824 1100 876 statuam
1133 820 1388 878 inaurata
1419 818 1611 894 lingua
1657 825 1945 890 statuere,
1989 834 2182 891 gram·

173 903 380 971 matica
415 900 812 978 Apollodorus
848 899 1424 978 cuiAmphictyones
1459 900 1737 964 Graeciae
1768 899 2051 959 honorem
2082 899 2181 960 ha·
2299 917 2300 948 ι

171 983 388 1060 buere,
420 982 807 1061 Hippocrates
839 984 1137 1043 medicina.
1200 986 1523 1048 venientem
1556 984 1626 1045 ab
1657 982 1868 1058 Illyriis
1900 983 2179 1060 pestilen-
2200 1004 2245 1046 ιο

94 1117 103 1125 .
164 1070 307 1128 ,tiam
340 1067 622 1146 praedixit
653 1067 1086 1146 discipulosque
1119 1070 1190 1128 ad
1215 1070 1594 1129 auxiliandum
1630 1069 1782 1129 circa
1812 1066 1991 1128 urbes
2020 1061 2180 1127 dimi-

176 1154 280 1227 sit,
338 1150 490 1228 quod
544 1149 618 1209 ob
670 1151 928 1211 meritum
984 1152 1238 1211 honores
1292 1153 1375 1230 illi
1432 1170 1578 1229 quos
1628 1150 1864 1210 Herculi
1915 1150 2185 1212 decrevit

175 1232 438 1294 Graecia.
514 1234 752 1317 eandem
798 1236 1096 1296 scientiam
1134 1237 1192 1295 in
1235 1233 1610 1298 Cleombroto
1653 1233 1775 1302 Ceo
1811 1233 2182 1296 Ptolemaeus

80 1381 83 1386 ,
173 1336 280 1390 rex
311 1316 740 1395 Megalensibus
785 1320 967 1380 sacris
1011 1319 1243 1382 donavit
1277 1332 1318 1381 c
1351 1320 1580 1380 talentis
1624 1322 1854 1378 servato
1885 1317 2181 1382 Antiocho

94 1412 194 1467 124
210 1420 373 1479 rege.
437 1420 643 1478 magna
690 1412 746 1461 et
782 1400 1080 1463 Critobulo
1113 1403 1265 1463 fama
1305 1414 1394 1463 est
1438 1411 1698 1463 extracta
1732 1399 1979 1478 Philippi
2021 1403 2246 1478 regius

176 1486 346 1547 oculo
380 1488 588 1563 sagitta
620 1496 676 1546 et
708 1487 846 1546 citra
881 1486 1302 1549 deformitatem
1344 1489 1463 1547 oris
1505 1495 1700 1546 curata
1732 1479 1980 1548 orbitate
2017 1485 2180 1552 lumi-

175 1572 294 1646 niS,
328 1588 539 1629 summa
588 1579 773 1630 autem
821 1569 1162 1649 Asclepiadi
1202 1570 1492 1630 Prusiensi
1533 1569 1759 1631 condita
1806 1585 1954 1628 nova
1993 1577 2180 1655 secta,

176 1655 387 1732 spretis
433 1654 641 1732 legatis
684 1662 740 1712 et
785 1652 1297 1731 pollicitationibus
1326 1654 1666 1714 Mithridatis
1705 1653 1898 1729 regis,
1943 1660 2182 1730 reperta

175 1738 396 1797 ratione
430 1755 540 1815 qua
574 1738 762 1796 vinum
798 1738 991 1812 aegris
1028 1737 1393 1814 mederetur,
1432 1738 1620 1798 relato
1653 1755 1685 1795 e
1717 1737 1919 1798 funere
1945 1735 2182 1796 homine

70 1858 73 1861 ι
179 1831 237 1881 et
273 1830 651 1895 conservato,
685 1818 790 1881 sed
825 1839 1086 1882 maxume
1119 1824 1434 1900 sponsione
1468 1822 1620 1882 facta
1650 1840 1775 1881 cum
1808 1820 2073 1895 fortuna,
2107 1839 2243 1885 nen

175 1904 431 1964 medicus
480 1904 847 1979 crederetur,
893 1906 940 1964 si
982 1905 1255 1983 umquam
1287 1907 1565 1967 invalidus
1610 1905 1730 1965 ullo
1771 1904 1942 1964 modo
1976 1903 2184 1969 fuisset

175 1989 326 2066 ipse.
375 1997 431 2046 et
460 1989 598 2048 vicit
629 2005 898 2065 suprema
928 1989 985 2047 in
1017 2000 1256 2050 senecta
1289 1991 1456 2069 lapsu
1486 1990 1768 2049 scalarum
1803 1988 2181 2048 exanimatus.

94 2081 194 2135 125
297 2070 464 2150 (38.)
540 2070 766 2131 Grande
812 2082 869 2132 et
912 2072 1245 2143 Archimedi
1289 2075 1688 2150 geometricae
1732 2090 1802 2132 ac
1845 2071 2184 2139 machinalis

178 2156 455 2215 scientiae
502 2156 884 2215 testimonium
935 2156 1012 2215 M.
1062 2156 1325 2221 Marcelli
1369 2158 1610 2233 contigit
1662 2155 2004 2231 interdicto,
2041 2173 2184 2217 cum

137 2264 149 2270 ·
178 2238 503 2315 Syracusae
538 2249 915 2316 caperentur,
949 2259 1022 2299 ne
1052 2241 1366 2301 violaretur
1394 2260 1571 2315 unus,
1602 2241 1711 2299 nisi
1739 2238 2057 2303 fefellisset
2082 2240 2248 2303 iun-2⁶

177 2324 400 2400 perium
448 2322 707 2383 militaris
750 2323 1127 2402 inprudentia.
1211 2324 1494 2385 Laudatus
1539 2333 1628 2386 est
1676 2333 1735 2383 et
1787 2321 2186 2399 Chersiphron

179 2402 424 2481 Cnosius
483 2406 630 2465 aede
672 2405 893 2485 Ephesi
950 2407 1171 2471 Dianae
1231 2408 1546 2468 admirabili
1607 2406 1920 2481 fabricata,
1979 2405 2185 2467 Philon
2315 2410 2318 2477 ι’

176 2487 418 2548 Athenis
473 2492 905 2551 armamentario
951 2491 1108 2551 mille
1157 2494 1419 2566 navium,
1474 2488 1767 2559 Ctesibius
1823 2489 2187 2567 pneumatica

176 2573 398 2633 ratione
439 2582 497 2631 et
543 2573 890 2648 hydraulicis
925 2577 1157 2651 organis
1201 2577 1480 2653 repertis,
1529 2574 1892 2635 Dinochares
1936 2582 2185 2635 metatus

64 2704 70 2721 ,
176 2655 513 2719 Alexandro
551 2657 834 2717 condente
865 2659 920 2716 in
957 2658 1236 2736 Aegypto
1267 2658 1695 2721 Alexandriam.
1761 2656 2049 2719 idemhic
2082 2658 2250 2717 im--to

177 2749 413 2817 perator
454 2740 630 2800 edixit
680 2759 751 2799 ne
795 2742 921 2818 quis
967 2743 1152 2819 ipsum
1193 2743 1338 2802 alius
1384 2761 1552 2820 quam
1597 2740 1846 2818 Apelles
1892 2741 2184 2819 pingeret,
2313 2752 2320 2857 Ι

180 2841 347 2902 quam
378 2822 723 2900 Pyrgoteles
755 2823 1080 2902 scalperet,
1116 2843 1287 2903 quam
1313 2825 1602 2903 Lysippus
1637 2843 1711 2885 ex
1741 2842 1881 2891 aere
1917 2824 2184 2898 dumet,

181 2925 326 2986 quae
359 2914 514 2965 artes
545 2906 802 2984 pluribus
833 2907 1157 2967 inclaruere
1194 2909 1496 2986 exemplis.

97 2999 196 3054 126
297 2988 396 3050 38.
445 2988 609 3069 (.39)
666 2989 933 3050 Aristidis
972 2990 1229 3052 Thebani
1271 2994 1511 3070 pictoris
1553 3011 1719 3053 unam
1759 2990 2010 3055 tabulam
2048 3007 2184 3055 cen·

180 3082 295 3135 tum
327 3071 553 3131 talentis
585 3091 693 3132 rex
725 3072 952 3133 Attalus
983 3075 1175 3136 licitus
1211 3084 1333 3149 est,
1370 3078 1664 3151 octoginta
1691 3076 1826 3137 emit
1859 3075 2003 3134 duas
2034 3071 2185 3141 Cne-
2162 3085 2253 3135 -a

182 3172 275 3213 sar
308 3153 574 3229 dictator,
603 3152 847 3223 Mediam
873 3166 929 3216 et
952 3157 1194 3227 Aiacem
1216 3154 1628 3235 Timomachi,
1612 3178 1669 3218 ιιι
1691 3157 1909 3236 templo
1932 3156 2185 3223 veneris

185 3236 505 3296 Genetricis
527 3239 835 3302 dicaturus.
876 3237 1202 3304 Candaules
1225 3259 1332 3301 rex
1353 3241 1618 3303 Bularchi
1643 3244 1922 3319 picturam
1941 3239 2185 3317 Mnem-

184 3327 297 3390 ‚tum
334 3320 505 3395 exiti,
537 3319 671 3402 haut
703 3323 1012 3384 mediocris
1047 3325 1218 3402 spati,
1250 3325 1375 3401 pari
1406 3325 1673 3401 rependit
1703 3342 1888 3386 auro..
1918 3323 2186 3389 Rhodum

85 3544 143 3580 h
