2320 3650
599 98 758 144 NAT.
790 97 972 145 msw.
1006 97 1168 170 vm„
1190 95 1428 148 45-48.
1465 81 1771 162 (70—73.)
2093 83 2173 142 77

160 261 284 326 tur,
319 252 437 310 suis
465 249 690 328 etipsa
722 251 1060 329 insignibus,
1100 270 1441 332 quamquam
1473 253 1634 327 aliis,
1676 263 2028 329 semperque
2071 266 2171 309 ec·
2243 262 2256 274 ·

162 337 304 397 dem
347 335 440 394 die
485 344 543 394 et
585 335 827 394 inveniri
868 355 994 396 eam
1037 346 1097 395 et
1138 337 1426 413 exstingui
1466 337 1711 396 tradunt.
1782 333 2033 416 Memphi
2083 342 2176 393 est

163 420 341 479 locus
385 420 441 476 in
464 416 611 477 Nilo
653 435 823 495 quem
865 439 898 480 a
942 421 1126 497 figura
1169 430 1382 480 vocant
1423 418 1678 480 Phialam
1719 418 1976 478 omnibus
2012 418 2173 477 annis

162 503 249 563 ihi
296 518 527 561 auream
566 511 847 579 pateram·
878 514 1326 583 argenteamque
1382 513 1717 581 mergentes
1768 502 1973 562 diebus
2027 518 2175 579 quos

102 608 135 647 5
163 586 385 646 habent
418 586 623 646 natalis
652 585 849 666 Apis.
880 598 1104 666 septem
1133 588 1192 647 hi
1228 597 1374 664 sunt,
1407 589 1723 665 mirumque
1755 586 2037 645 neminem
2069 602 2176 662 per
2245 580 2264 593 ‘

163 688 279 730 eos
310 688 345 729 a
369 669 683 729 crocodilis
708 673 927 760 attingi,
955 681 1170 732 octavo
1201 682 1336 750 post
1362 672 1561 732 horam
1588 672 1703 733 diei
1731 679 1956 730 sextam
1979 669 2176 729 redire

154 753 380 815 belnae
411 754 719 817 feritatem

296 840 397 898 47.
435 838 607 916 (72.)
662 838 869 916 Magna
911 850 982 899 et
1017 810 1232 919 pecori
1268 840 1455 916 gratia
1498 838 1594 897 vel
1647 840 1704 897 in
1759 838 2140 917 placamentis
2160 848 2257 901 187

164 924 409 983 deorum
456 923 597 982 vel
581 940 637 980 ιιι
668 939 773 982 usu
812 924 1116 984 vellerum.
1180 932 1243 983 ut
1284 924 1470 983 hoves
1514 923 1724 996 victum
1754 923 2043 983 hominum
2072 938 2173 980 ex-

87 1007 369 1070 tocolunt
408 1007 484 1065 ita
529 1024 840 1085 corporum
869 1009 1049 1068 tutela
1093 1008 1306 1086 pecori
1343 1006 1605 1067 debetur.
1663 1007 1967 1083 generatio
2009 1004 2173 1064 bimis

165 1093 456 1167 utrimque
489 1091 558 1150 ad
585 1107 848 1151 novenos
878 1109 1080 1167 annos,
1110 1091 1448 1169 quibusdam
1484 1100 1552 1150 et⁴
1572 1090 1645 1168 ad
1672 1091 1992 1151 decumum.
2059 1090 2172 1166 pri-

164 1176 406 1253 miparis
439 1176 695 1234 minores
727 1175 900 1236 fetus.
961 1178 1147 1235 coitus
1178 1175 1446 1234 omnihus
1484 1174 1557 1234 ab
1596 1176 1810 1234 aretur-i
1842 1191 2082 1247 occasu,
2115 1173 2175 1232 id

168 1268 263 1318 est
293 1277 344 1318 a.
365 1257 419 1317 d.
434 1271 534 1318 111.
566 1258 693 1318 idus
728 1258 908 1320 Maias
937 1260 1009 1319 ad
1038 1259 1272 1338 aquilae
1300 1276 1576 1318 occasum
1604 1271 1671 1318 x.
1705 1259 1821 1319 kal.
1855 1258 2169 1356 Augustas.

165 1352 378 1420 gerunt
399 1341 623 1420 partum
642 1342 847 1402 diebus
868 1353 1092 1402 eentum
1110 1343 1541 1421 quinquaginta.
1577 1350 1785 1420 postea
1799 1343 2074 1419 concepti
2088 1342 2172 1399 in-

93 1426 652 1492 15validi.eordos
683 1426 969 1486 vocabant
999 1428 1218 1505 antiqui
1252 1435 1386 1525 post
1418 1426 1488 1484 id
1510 1434 1738 1525 tempus
1768 1435 1953 1484 natos.
2001 1425 2176 1483 multi

144 1510 445 1570 -hibernos
487 1527 671 1588 agnos
734 1511 1069 1589 praeferunt
1108 1513 1337 1586 vernis,
1391 1511 1659 1587 quoniam
1712 1510 1895 1586 magis
1946 1510 2177 1568 intersit

169 1604 302 1653 ante
335 1595 638 1661 solstitium
665 1613 835 1673 quam
858 1606 990 1655 ante
1019 1595 1277 1655 brumam
1309 1595 1505 1653 firmos
1554 1603 1689 1654 esse
1725 1594 2030 1670 solumque
2060 1592 2182 1651 hoc

169 1677 375 1738 animal
420 1679 636 1738 utiliter
676 1679 875 1739 bruma
919 1681 1097 1739 nasci.
1157 1680 1326 1739 arieti
1357 1677 1619 1738 naturale
1648 1695 1830 1755 agnas
1855 1676 2138 1751 fastidire,
2153 1685 2257 1739 188

170 1771 467 1822 senectam
500 1764 691 1822 ovium
725 1765 1072 1841 sonrsectari,
1125 1772 1185 1823 et
1212 1765 1341 1843 ipse
1387 1770 1627 1822 senecta
1655 1762 1894 1837 melior,
1943 1760 2175 1820 mutilus

94 1860 406 1927 2oquoque
438 1848 650 1907 utilior.
711 1850 937 1909 ferocia
971 1851 1098 1909 eius
1131 1848 1444 1909 cohibetur·
1466 1864 1646 1907 cornu
1674 1848 1840 1907 iuxta
1860 1864 2060 1907 aurem
2088 1854 2173 1904 te-

170 1931 424 1991 rebrato.
488 1931 697 1991 dextro
728 1942 881 1993 teste
917 1933 1250 2011 praeligato
1278 1933 1519 1993 feminas
1553 1939 1819 2011 generat,
1854 1931 2026 1990 laevo
2057 1947 2173 1989 ma-

171 2017 270 2074 ris.
336 2017 584 2075 tonitrua
614 2017 891 2077 solitariis
918 2017 1123 2076 ovibus
1155 2016 1393 2076 abortus
1424 2016 1691 2075 inferunt.
1736 2015 2052 2074 remedium
2084 2023 2175 2074 est

173 2117 538 2177 congregare
583 2117 720 2175 eaS,
768 2109 831 2159 ut
891 2110 1063 2160 coetu
1125 2102 1409 2159 inventur.
1481 2099 1768 2177 aquilonis
1800 2098 1934 2157 flatu
1965 2099 2261 2160 maris189

174 2183 405 2260 concipi
446 2183 672 2260 dicunt,
712 2185 893 2245 'austri
936 2185 1213 2257 femmas,
1258 2193 1436 2261 atque
1478 2185 1536 2241 in
1568 2200 1644 2242 eo
1676 2199 1898 2259 genere
1933 2182 2174 2239 arietum

99 2284 433 2328 „maxume
481 2277 817 2346 spectantur
861 2286 996 2343 ora,
1032 2268 1165 2346 quia
1213 2269 1375 2326 cuius
1426 2265 1644 2325 coloris
1688 2265 1802 2325 sub.
1840 2265 2036 2340 ling-ua
2076 2263 2173 2323 ha-

173 2351 354 2410 buere
382 2366 563 2410 venas
601 2353 727 2411 eius
757 2361 817 2411 et
846 2353 1112 2412 lanicium
1148 2352 1205 2410 in
1240 2351 1362 2410 fetu
1394 2359 1515 2424 est,
1566 2350 1923 2426 variumque,
1961 2349 2011 2407 si
2045 2348 2171 2426 plu»

172 2452 268 2494 res
291 2434 479 2494 fuere.
514 2445 571 2494 et
594 2438 827 2496 mutatio
861 2453 1134 2514 aquarum
1159 2443 1449 2513 potusque
1475 2435 1676 2492 variat.
1725 2430 1929 2491 Ovium
1960 2448 2175 2492 summa

172 2536 389 2596 genera
436 2519 581 2594 duo,
626 2528 844 2580 tectum
879 2530 937 2580 et
976 2520 1337 2593 colonicam,
1368 2517 1511 2576 illud
1541 2517 1807 2591 mollius,
1843 2516 2046 2589 hocin
2074 2533 2173 2593 pa·

174 2618 313 2662 seno
355 2603 695 2680 delicatius,
738 2605 957 2682 quippe
994 2620 1126 2662 cum
1170 2611 1387 2661 tectum
1426 2599 1585 2660 rubis
1628 2608 1919 2660 vescatur.
1980 2600 2171 2676 operi-

103 2696 362 2745 somenta
392 2689 450 2746 ei
481 2705 557 2746 ex
584 2687 854 2747 Arabicis
885 2688 1217 2765 praecipua.

299 2768 398 2830 48.
434 2771 601 2851 (73.)
648 2770 799 2831 Lana
830 2781 1019 2830 autem
1051 2770 1439 2830 laudafissima
1457 2768 1650 2846 Apula
1679 2778 1737 2827 et
1773 2767 2003 2844 quaein
2032 2764 2259 2828 Ita-190

172 2855 251 2915 lia
293 2852 503 2915 Graeci
545 2857 783 2934 pecoris
837 2854 1199 2933 appellatur,
1233 2853 1373 2913 alibi
1414 2852 1631 2912 Italica.
1704 2853 1934 2911 tertium
1981 2850 2174 2909 locum

176 2937 440 2998 Milesiae
476 2957 621 2999 oves
651 2942 931 3018 optinent
992 2937 1223 3015 Apulae
1254 2937 1468 2997 breves
1499 2936 1648 2997 villo
1675 2954 1784 2995 nec
1815 2936 1922 2994 nisi
1955 2952 2171 3012 paenu-

176 3024 247 3083 lis
273 3022 563 3084 celebres.
625 3025 779 3084 circa
822 3023 1129 3082 Tarentum
1174 3019 1595 3100 Canusiumque
1659 3036 1927 3080 summam
1968 3018 2171 3077 nobili-

106 3115 351 3166 mntem
383 3107 624 3181 habent,
674 3109 730 3166 in
771 3107 911 3166 Asia
947 3123 1092 3164 vero
1135 3105 1344 3165 eodem
1379 3123 1601 3181 genere
1634 3103 1979 3163 Laodiceae.
2019 3101 2172 3163 ¹alba

181 3189 647 3269 Circumpadanis
677 3192 830 3250 nulla
867 3191 1226 3268 praefertur,
1259 3207 1370 3248 nee
1409 3188 1556 3248 libra
1588 3197 1867 3247 centenos
1914 3203 2171 3247 nummos

178 3274 248 3334 ad
281 3275 395 3334 hoc
425 3277 555 3334 aevi
591 3276 847 3335 excessit
878 3274 1011 3334 ulla.
1059 3290 1203 3332 oves
1236 3289 1346 3331 non
1375 3272 1590 3349 ubique
1615 3271 1945 3347 tondentur,
1979 3272 2255 3332 duratl9l

174 3358 517 3436 quibasdam
538 3361 595 3416 in
611 3359 761 3418 locis
780 3359 1036 3418 vellendi
1058 3374 1206 3417 mos.
1231 3357 1492 3418 colorum
1510 3357 1674 3436 plura
1689 3370 1931 3435 genera,
1953 3357 2172 3433 quippe

2195 3496 2319 3564 „A
