2320 3650
557 97 717 147 ΝΑΤ.
746 90 927 147 ms‘r.
958 96 1022 144 v.
1045 91 1132 148 32.
1160 40 1589 163 (44.)—-V1.3.
1621 82 1733 168 (3.)
2034 82 2156 146 217
2203 166 2208 181 ¹
2301 96 2308 105 ’

167 251 468 329 Coralius,
519 268 553 313 a
608 269 726 333 quo
775 252 1049 333 incipiunt
1107 246 1463 328 Mariandyni
1514 253 1670 312 sinus
1690 297 1708 330 ,
1765 252 2156 332 oppidumque

165 338 452 399 Heraclea
466 336 625 411 Lyco
642 337 860 397 flumini
874 336 1213 416 adpositum.
1250 336 1419 397 abest
1439 336 1773 397 aPontiore
1794 336 2021 397 milibus
2037 335 2155 396 CC.

166 430 369 501 portus
404 420 617 480 Acone
642 428 871 481 veneno
909 421 1138 481 aconito
1174 419 1362 495 dirus,
1408 436 1626 499 specus
1657 419 2008 496 Acherusia,
2053 421 2156 481 flu-

167 506 316 564 mina
338 503 734 582 Paedopides,
780 502 1199 579 Callichorum,
1244 504 1562 578 Sonautes,
1608 505 1880 584 oppidum
1902 504 2063 565 Tium
2086 503 2158 564 ab

123 586 451 649 afleraclea
478 587 780 648 XXXVIII
799 589 913 648 mil.
940 602 1210 666 passuum
1226 631 1244 662 ,
1277 586 1479 647 fluvius
1503 587 1688 648 Billis.
1784 625 1799 639 ·

335 669 392 729 2.
428 670 553 750 (2)
600 670 763 731 Ultra
805 682 976 750 quem
1013 688 1160 748 gens
1195 670 1617 749 Paphlagonia,
1655 688 1822 751 quam
1853 670 2152 746 Pylaeme-
2177 682 2212 735 5

165 756 317 815 niam
352 754 526 833 aliqui
555 754 820 815 dixerunt
861 755 1137 815 inclusam
1173 772 1208 815 a
1238 764 1405 832 tergo
1446 753 1684 816 Galatia.
1737 754 2007 834 oppidum
2040 753 2159 816 Ma-

167 848 295 914 stya
317 837 703 913 Milesiorum,
740 838 876 899 dein
900 836 1180 914 Cromna,
1213 838 1490 917 quoloco
1515 837 1735 899 Enetos
1758 838 1931 899 adicit
1951 836 2155 916 Nepos
2215 874 2222 883 ·

170 920 499 997 Cornelius,
531 939 565 981 a
586 922 794 1000 quihus
826 923 883 983 in
906 921 1069 983 Italia
1094 930 1255 983 ortos
1278 923 1651 999 cognomines
1678 939 1878 983 eorum
1898 921 2161 982 Venetos

91 1023 150 1065 ιο
169 1005 416 1066 credere
452 1006 723 1084 postulat.
810 1007 1092 1067 sesamon
1121 1005 1429 1084 oppidum,
1461 1006 1628 1085 'quod
1671 1023 1820 1066 nunc
1859 1005 2160 1065 Amastris.

162 1099 331 1150 mons
355 1086 606 1165 Cytorus
640 1107 675 1149 a
698 1088 804 1149 Tio
836 1082 1016 1149 LXIII
1044 1087 1103 1148 M
1134 1103 1424 1166 passuum.
1482 1090 1698 1169 oppida
1723 1087 1991 1165 Cimolis,
2028 1091 2161 1150 Ste-

164 1173 356 1252 phane
372 1216 391 1248 ,
428 1174 605 1234 amnis
628 1172 983 1233 Parthenius.
1070 1171 1525 1234 Promontorium
1549 1171 1848 1233 Ceramhis'
1869 1182 2037 1233 vasto
2062 1191 2161 1233 ex·
2182 1181 2219 1237 6

164 1270 342 1318 cursu
365 1255 535 1319 abest
556 1275 588 1316 a
609 1256 771 1317 Ponti
795 1257 946 1317 ostio
963 1250 1276 1316 CCCXXV
1292 1255 1635 1335 Mpassuum
1657 1257 1775 1331 vel,
1798 1266 1858 1316 ut
1881 1257 2010 1325 aliis
2036 1257 2180 1335 pla—-

134 1381 141 1387 -
168 1341 320 1412 cuit,
357 1338 550 1400 (2ch
571 1339 662 1417 M,
693 1340 1022 1401 tantundem
1042 1357 1077 1400 a
1102 1338 1409 1399 Cimmerio
1438 1349 1536 1400 aut
1556 1383 1574 1416 ,
1599 1349 1662 1399 nt
1680 1340 1856 1419 aliqui
1880 1341 2160 1415 maluere,

95 1444 152 1491 ιε.
173 1421 434 1484 CCCXII
476 1422 536 1482 M
575 1423 649 1484 D.
704 1424 811 1485 fuit
850 1433 910 1484 et
941 1423 1215 1502 oppidum
1250 1422 1713 1488 eodemnomine
1748 1432 1807 1483 et
1842 1423 1994 1483 aliud
2031 1422 2164 1483 inde

168 1507 426 1568 Armine.
471 1525 621 1566 nunc
643 1517 732 1567 est
757 1508 987 1568 colonia
1010 1507 1232 1586 Sinope
1262 1524 1297 1567 a
1320 1505 1538 1582 Cytoro
1551 1502 1809 1568 CLXIIII
1831 1504 1905 1566 M.
1953 1506 2164 1571 flumen

166 1591 478 1667 Varecum,
492 1609 640 1669 gens
655 1590 1085 1671 Cappadocum,
1110 1590 1387 1670 oppidum
1398 1590 1611 1654 Catiria
1624 1590 1958 1669 Zaceplum,
1985 1591 2163 1650 amnis

169 1674 308 1735 Pilis
337 1691 372 1735 a
391 1675 680 1735 radicibus
704 1675 874 1737 Tauri
905 1693 1013 1754 per
1036 1673 1367 1736 Cataoniam
1392 1674 1936 1755 Cappadociamque
1961 1674 2163 1734 decur-

93 1775 388 1905 203⁰fo
414 1756 1205 1923 &pii‘iiuffssffgisszssin'giss
1221 1757 1843 1905 'nssssffissffiffis
1864 1758 2163 1918 303225523
2183 1762 2218 1821 ⁷

167 1937 233 1987 nt
252 1925 448 1988 AsIam
469 1945 658 2006 paene
681 1928 919 1989 insulam
941 1928 1145 2002 faciat,
1180 1925 1277 1988 CC
1300 1926 1360 1988 Μ
1380 1945 1652 2007 passuum
1672 1937 1770 1988 aut
1793 1927 2037 2006 amplius
2060 1943 2168 2004 per

170 2011 558 2072 continentem
581 2010 653 2072 ad
674 2011 916 2073 Issicum
938 2009 1185 2072 Ciliciae
1219 2012 1421 2072 sinum.
1510 2011 1641 2085 Quo
1685 2012 1742 2071 in
1790 2011 1941 2071 omni
1981 2020 2168 2070 tractu

170 2094 432 2174 proditur
464 2096 569 2155 tris
600 2104 815 2156 tantum
849 2097 1040 2173 gentis
1079 2093 1337 2156 Graecas
1373 2097 1497 2155 iure
1533 2094 1678 2170 dici,
1710 2092 1983 2154 Doricam
2015 2092 2166 2154 Ioni·

168 2193 299 2238 cam
320 2178 657 2255 Aeolicam,
691 2189 919 2239 ceteras
940 2177 1324 2238 Barbarorum
1355 2196 1511 2238 esse.
1558 2178 1759 2240 Amiso
1785 2179 2037 2238 iunctum
2063 2177 2170 2238 fuit

97 2262 447 2341 zaoppidum
480 2261 792 2341 Eupatoria
826 2279 860 2324 a
889 2260 1214 2323 Mithridate
1251 2262 1555 2323 conditum.
1611 2262 1767 2321 victo
1814 2278 1889 2321 eo
1924 2260 2168 2340 Pompe·

168 2346 388 2425 iopolis
411 2354 713 2426 utrumque
740 2344 1100 2425 appellatum
1124 2354 1234 2406 est.
1949 2389 1954 2392 .

341 2429 436 2496 3..
472 2425 597 2508 (3.)
669 2427 1045 2509 Cappadocia
1078 2430 1228 2489 intus
1263 2426 1439 2489 habet
1474 2423 1997 2489 coloniamClaudi
2021 2424 2166 2489 Cae·
2188 2434 2227 2491 8

170 2512 322 2573 saris
354 2511 762 2574 Archelaidem
794 2529 966 2591 qnam
1007 2511 1381 2591 praefluens*
1412 2510 1630 2587 Hylas,
1665 2510 1883 2591 oppida
1918 2510 2171 2573 Comana

164 2595 330 2676 quod
352 2597 576 2672 Salius,
608 2596 1076 2658 Neocaesaream
1111 2595 1263 2674 quod
1296 2595 1517 2671 Lycus,
1554 2595 1843 2656 Amasiam
1879 2595 2032 2674 quod
2064 2594 2172 2655 Iris

82 2683 231 2741 'eoin
251 2681 495 2758 regione
519 2680 839 2741 Gazacenu.
886 2681 946 2738 in
970 2677 1275 2759 Colopene
1295 2695 1440 2739 vero
1466 2678 1791 2740 Sebastiam
1813 2687 1873 2739 et
1895 2679 2170 2739 Sebasto-

175 2763 355 2843 polim
380 2763 561 2842 (haec
595 2782 776 2843 parva
806 2762 911 2825 sed
949 2765 1109 2842 paria
1147 2779 1323 2844 supra
1360 2763 1585 2842 dictis),
1629 2763 1851 2841 reliqua
1885 2764 1972 2822 sui
2006 2771 2171 2841 parte

171 2843 429 2908 Melitam
460 2865 495 2908 a
516 2848 892 2910 Semiramide
928 2847 1214 2909 conditam
1247 2846 1397 2907 haud
1427 2846 1634 2925 procul
1664 2835 1996 2925 Euphrate,
2029 2844 2169 2904 Dio·

170 2941 545 3007 caesaream,
572 2931 817 3007 Tyana,
863 2929 1202 3007 castabala,
1247 2929 1671 3009 Magnopolim,
1720 2924 1917 2989 zelam
1960 2937 2021 2989 et
2062 2927 2170 2988 sub

172 3022 370 3075 monte
431 3014 671 3092 Mgaeo
713 3014 1007 3076 Mazacum
1063 3032 1212 3094 quae
1269 3031 1420 3074 nunc
1474 3011 1769 3075 Caesarea
1829 3013 2169 3073 nominatur.

102 3095 588 3178 &Cappadociae
626 3111 760 3177 pars
802 3108 1106 3177 praetenta
1142 3097 1456 3158 Armeniae
1503 3097 1707 3157 maiori
1750 3095 2025 3179 Melitene
2068 3112 2170 3155 vo·
2193 3104 2228 3161 9

172 3187 373 3257 catur,
440 3179 844 3260 Commagenis
889 3180 1197 3257 Cataonia,
1263 3179 1550 3258 Phrygiae
1595 3178 1937 3241 Gassauritis
1958 3223 1977 3256 ,
2038 3181 2171 3241 Sar·

174 3277 530 3342 garunsana,
564 3264 961 3342 Cammaneni,
1009 3264 1268 3338 Galatiae
1301 3263 1617 3325 Morimene
1632 3308 1651 3341 ,
1685 3262 1789 3324 :uhi
1813 3263 2172 3324 disterminat

176 3355 285 3409 eos
323 3347 647 3431 Cappadox
677 3351 890 3427 amnis,
933 3357 968 3411 ‘a
997 3367 1115 3429 quo
1151 3365 1363 3411 nomen
1391 3358 1626 3410 traxere
1660 3357 1831 3410 antea
1851 3345 2170 3423 Leucosyri

2055 3471 2158 3536 ,Ᾱ
