2320 3650
227 141 350 203 244
390 136 397 147 “
936 147 996 196 e.
1033 146 1226 195 rum
1256 145 1555 194 ssctmm

225 310 527 385 civemque
557 305 936 367 clarissimum
969 302 1084 362 vidi
1114 318 1295 360 anuos
1327 301 1453 359 fere
1488 310 1621 379 post
1656 310 1762 360 CC.
1819 300 1936 361 iam
1963 317 2115 359 vero
2151 297 2236 360 Ci-

224 392 454 452 cerouis
493 408 564 451 ac
604 389 719 449 divi
751 388 998 465 Augusti
1026 385 1372 464 Vergilique
1404 400 1835 463 saepenumero
1870 384 2162 447 videmus.

138 486 208 542 84
361 474 457 536 13.
498 473 679 553 (27.)
724 471 987 550 Ingentia
1026 470 1295 548 exempla
1332 478 1534 529 contra
1567 468 1646 528 Μ.
1672 468 1964 529 Varronis
2009 479 2239 529 senten·

223 560 359 623 tiam
406 557 479 619 de
528 557 740 619 chartis
786 556 1177 635 reperiuntur.
1248 570 1495 631 namque
1532 550 1773 613 Cassius
1815 552 2071 613 Hemina
2088 599 2104 629 ,
2147 572 2238 613 νο-

219 644 567 707 tustissimus
599 650 802 701 auctor
840 640 1152 710 annalium,
1183 648 1395 717 quarto
1426 656 1628 697 eorum
1661 637 1816 701 libro
1845 636 2116 716 prodidit
2141 635 2273 697 eus

221 726 554 790 Terentium
574 723 827 786 scribam
844 742 1052 802 agrum
1073 740 1239 783 snum
1259 724 1317 781 in
1332 721 1590 782 laniculo
1611 723 2083 801 repastinantem
2107 722 2236 782 effo-

220 812 379 872 disse
426 827 618 870 arcam
669 811 726 868 in
771 827 884 888 qua
916 807 1097 871 Numa
1130 808 1227 886 qui
1256 805 1476 866 Romae
1517 809 1973 885 regnavit‘situs
2022 808 2233 869 fuisset.

137 905 206 960 85
229 897 285 955 in
323 895 524 955 eadem
555 893 737 954 libros
772 895 897 953 eius
929 901 1203 970 repertos
1234 891 1293 950 P.
1326 889 1605 953 Cornelio
1637 892 1700 951 L.
1734 890 1801 952 F.
1834 891 2139 970 Cethego,
2166 891 2232 952 11.

219 979 437 1039 Baebio
472 977 542 1051 Q.
572 977 638 1037 F.
673 976 974 1056 Tamphilo
1023 993 1180 1036 coss.
1222 975 1293 1034 ad
1338 993 1486 1054 quos
1521 993 1561 1035 a
1600 994 1790 1052 regno
1819 975 2056 1037 Numae
2087 977 2232 1037 colli·

219 1072 431 1140 guntur
452 1063 581 1123 anui
611 1072 875 1122 Dxxx‘v.
933 1061 1041 1121 hos
1076 1059 1257 1120 fuisse
1279 1078 1317 1118 e
1350 1059 1654 1119 charta-⁴-
1681 1063 1912 1121 maiore
1938 1063 2230 1123 etiamnum
2243 1068 2273 1111 1!

221 1144 498 1206 miraculo
516 1192 533 1221 ,
566 1146 721 1224 quod
751 1155 839 1205 tot
867 1145 1074 1207 infossi
1103 1144 1434 1205 duraverint
1463 1145 1657 1220 aunis,
1690 1154 2070 1225 quapropter
2096 1148 2149 1204 in
2174 1163 2230 1204 re

134 1239 203 1295 86
228 1239 381 1291 tanta
438 1231 621 1309 ipsius
668 1229 947 1289 Heminae
1006 1228 1188 1288 verba
1242 1226 1479 1307 ponam:
1552 1227 1785 1288 Mirab
1803 1248 1835 1290 a
1854 1234 1985 1289 n'tu
2004 1249 2035 1289 r
2093 1229 2226 1302 alii,

221 1315 587 1392 quomodo
643 1314 764 1374 illi
798 1313 991 1373 'libri
1049 1313 1322 1372 durare
1379 1323 1724 1390 possent,
1780 1313 1924 1372 ille
1974 1317 2078 1373 ita
2131 1314 2272 1372 ra·'

217 1399 493 1458 tionem
533 1397 934 1459 reddebat:
984 1398 1308 1475 lapidem
1346 1397 1589 1456 fuisse
1621 1397 2067 1476 quadratum
2103 1399 2227 1457 cir·

219 1483 409 1542 citer
460 1484 527 1541 in
578 1481 817 1542 media
854 1500 1029 1542 arca
1073 1482 1446 1541 evinctum
1495 1481 1839 1542 candelis
1895 1494 2273 1562 quoquo-12

218 1584 499 1626 versus.
554 1568 623 1625 in
647 1583 731 1625 eo
764 1567 1022 1645 lapide
1053 1568 1361 1644 insuper
1384 1565 1624 1627 libros
1658 1568 1944 1627 insitos
1974 1568 2223 1639 fuisse,

217 1660 635 1729 propterea
671 1650 1128 1712 arbitrarier
1158 1667 1294 1709 non
1320 1652 1842 1730 conputuisse.
1893 1662 1971 1712 et
2003 1651 2224 1712 libros

217 1735 538 1795 citratos
575 1734 853 1810 fuisse,
897 1744 1306 1814 propterea
1338 1734 1785 1795 arbitrarier
1815 1736 2074 1797 tineas
2106 1752 2221 1794 non
2271 1784 2272 1787 ,

216 1825 284 1876 te
300 1818 351 1877 ti
364 1819 436 1896 gi
450 1837 479 1878 s
494 1838 522 1878 s
539 1838 594 1879 e.
631 1819 711 1898 [in
732 1818 821 1879 his
846 1819 1010 1880 libris
1035 1821 1253 1898 scripta
1269 1828 1433 1879 erant
1452 1818 1874 1898 philosophiae
1898 1820 2221 1899 Pythagori-

217 1902 368 1979 caeJ.
402 1938 483 1947 —-
516 1919 740 1981 eosque
772 1904 1106 1964 combustos
1126 1918 1170 1963 ‘a
1202 1902 1272 1976 Q.
1306 1903 1518 1963 Petilio
1542 1902 1844 1981 praetore,
1887 1907 2023 1983 quia
2046 1903 2272 1984 philo-a

132 1991 200 2048 87
225 1987 468 2065 sophiae
502 1988 718 2066 scripta
749 1997 964 2048 essent.
1014 1986 1142 2047 Hoc
1167 1988 1319 2060 idem
1341 1985 1516 2047 tradit
1536 1986 1672 2047 Piso
1708 1991 2024 2048 censorius
2051 1990 2220 2068 primo

217 2073 786 2148 commentariorum,
837 2071 944 2132 sed
979 2071 1165 2131 libros
1207 2080 1434 2150 septem
1479 2073 1618 2130 iuris
1645 2073 1937 2151 pontificii
1969 2074 2219 2133 totidem·

215 2171 327 2231 que
354 2155 774 2233 Pythagoricos
804 2155 1006 2215 fuisse.
1069 2154 1382 2216 Tuditanus
1414 2168 1563 2215 XIII.
1599 2154 1826 2215 Numae
1864 2157 2218 2217 decretorum

211 2238 413 2298 fuisse.
471 2240 652 2299 libros
683 2254 786 2300 XII
817 2240 1001 2299 fuisse
1040 2242 1169 2318 ipse
1199 2239 1387 2298 Varro
1420 2237 1807 2299 Humanarum
1836 2241 2218 2320 antiquitatum

211 2331 476 2400 septumo
493 2370 510 2399 ‚
536 2324 740 2398 Antias
767 2323 1026 2384 secundo
1053 2323 1238 2383 libros
1261 2324 1444 2383 fuisse
1469 2335 1573 2383 ΧΠ
1596 2324 1957 2401 pontificalis
1973 2323 2258 2397 Latinos&

212 2406 451 2466 totidem
476 2406 736 2468 Graecos
761 2416 1081 2486 praecepta
1104 2404 1912 2487 philosophiae‘continentss.
1946 2409 2098 2468 idem
2117 2419 2212 2467 ter·

208 2488 290 2547 tio
336 2500 394 2549 et
436 2501 670 2552 senatus
719 2492 1042 2552 consultum
1089 2492 1252 2570 ponit
1294 2509 1409 2571 quo
1462 2491 1721 2551 comburi
1770 2511 1879 2552 eos
1925 2493 2208 2571 placuerit.

125 2578 195 2636 88
217 2572 372 2632 Inter
402 2578 584 2635 omnis
615 2575 760 2635 vero
789 2577 1058 2635 convenit
1088 2575 1370 2650 Sibyllam
1399 2571 1472 2636 ad
1503 2574 1876 2653 Tarquinium
1906 2576 2211 2657 Superbum
2271 2649 2272 2656 ἵ

204 2659 310 2730 Γινίτς
344 2658 527 2719 libros
557 2660 854 2736 attulisse,
883 2677 958 2720 ex
984 2657 1189 2737 quibus
1216 2660 1326 2718 sint
1350 2660 1463 2719 duo
1491 2662 1730 2720 cremati
1751 2660 1824 2722 ab
1850 2662 2008 2739 ipsa,
2034 2663 2212 2721 tertius
2269 2665 2272 2722 Ι

210 2760 336 2801 cum
363 2744 637 2821 capitolio
655 2744 904 2804 Sullanis
918 2743 1306 2823 temporibus.
1336 2743 1651 2804 Praeterea
1664 2741 1958 2805 Mutianus
1981 2755 2076 2805 ter
2096 2759 2208 2805 coa·
2221 2729 2273 2800 ai

211 2827 299 2886 sul
330 2827 580 2903 prodidit
609 2847 794 2907 nuper
823 2846 888 2887 se
919 2825 1163 2905 legisse,
1198 2828 1722 2907 cumpraesideret
1742 2827 1996 2907 Lyciae,
2024 2831 2206 2909 Sarpe-

207 2910 375 2971 donis
403 2911 474 2971 ab
506 2911 679 2972 Troia
711 2913 995 2991 scriptam
1016 2914 1073 2971 in
1098 2910 1345 2989 quodam
1373 2912 1593 2991 templo
1624 2911 1922 2992 epistulae
1953 2914 2205 2984 chartam.

209 2996 364 3070 quod
396 3013 467 3054 eo
501 2999 686 3073 magis
719 2994 925 3071 miror,
959 2998 1008 3054 si
1039 2997 1343 3056 etiamnum
1374 2995 1628 3055 Homero
1664 2993 1962 3056 condente
1993 2998 2207 3076 Aegyp-

209 3084 301 3133 tus
320 3081 434 3136 n'on
461 3089 603 3144 erat.
655 3090 752 3140 aut
776 3095 911 3154 cur.
927 3082 989 3138 siu
1003 3081 1113 3156 iam
1144 3079 1240 3139 hic
1265 3075 1391 3139 erat
1413 3097 1572 3154 usne,
1600 3081 1657 3139 in
1685 3080 1982 3157 plumbeis
2011 3082 2204 3141 linteis·

211 3173 323 3229 que
352 3161 735 3222 voluminibus
762 3159 1145 3240 scriptitatum
1177 3172 1438 3238 constet,
1473 3175 1651 3223 curve
1685 3163 1983 3224 Homerus
2015 3168 2075 3226 in
2105 3167 2272 3244 ipsu&

211 3236 309 3329 illa
338 3238 512 3312 Lycia
542 3244 982 3323 Bellerophonti
1017 3247 1324 3307 codicillos
1360 3248 1561 3322 datos,
1611 3243 2085 3326 nonepistulas.
2115 3259 2202 3308 trt-

116 3322 193 3375 89
213 3316 457 3413 diderit?
503 3327 878 3407 Sterilitatem
902 3332 1075 3390 sentit
1102 3330 1215 3390 hoc
1247 3345 1513 3409 quoque,
1540 3330 1888 3413 factumque
1909 3334 2033 3393 iam
2059 3331 2198 3393 m

208 3413 295 3454 no
319 3406 579 3493 principe
604 3410 794 3487 inopia
827 3413 1060 3473 chartae
1083 3424 1144 3474 ut
1169 3431 1201 3472 e
1225 3424 1429 3474 senatu
1454 3414 1726 3475 darentur
1755 3414 1963 3477 arbitri
1993 3417 2195 3497 dispen-

128 3547 133 3552 .
212 3479 458 3559 sandae,
489 3487 631 3549 alias
663 3493 721 3551 in
751 3496 990 3555 tumultu
1010 3499 1126 3558 vita
1158 3506 1300 3559 erat.
