2320 3650
159 96 240 161 86
843 106 903 194 ο..
946 106 1137 152 mum
1182 75 1485 174 securim

156 262 266 323 bus
295 261 569 333 volvont,
614 268 675 319 et
706 260 850 320 alias
890 268 1046 319 tanta
1081 260 1423 334 thynnorum
1453 260 1844 334 multitudine,
1892 270 1955 320 ut
1975 260 2187 339 Magni

160 345 481 406 Alexandri
537 343 741 403 classis
794 343 928 403 haut
971 344 1084 403 alio
1126 344 1298 403 modo
1333 361 1501 421 quam
1536 344 1784 403 hostium
1827 345 1960 403 acie
2011 346 2188 407 obvia

163 430 512 491 contrarium
543 435 749 505 agmen
776 429 1024 488 adversa
1057 428 1248 487 fronte
1280 428 1580 488 direxerit.
1628 423 1797 490 aliter
1824 430 2042 488 sarisis
2072 447 2188 489 non

163 521 289 574 erat
341 513 617 574 evadere.
718 529 832 571 non
875 529 1062 587 voce,
1109 530 1223 570 non
1275 514 1501 587 sonitu,
1563 530 1678 571 non
1728 514 1878 571 ictus
1934 513 2187 589 fragore

99 605 139 660 6
163 606 472 673 terrentur,
505 614 617 656 nec
645 598 753 655 nisi
784 597 946 655 ruina
978 595 1295 655 turbantur.
1372 594 1596 656 Gadara
1629 596 1966 674 appellatur
1999 596 2219 657 Rubris

158 683 330 741 maris
354 680 706 760 *paeninsula
740 681 964 756 ingens.
1032 679 1197 738 huius
1234 680 1469 739 obiectu
1491 691 1690 740 vastus
1725 680 1988 740 efficitur
2024 684 2183 740 sinus

158 766 466 826 duodecim
522 764 742 824 dierum
785 773 844 823 et
873 765 1123 823 noctium
1166 765 1409 862 remigio
1454 766 1791 841 enavigatus
1830 764 2182 825 Ptolemaeo

158 851 309 927 regi,
345 850 573 928 quando
622 848 832 907 nullius
881 865 1054 907 aurae
1091 849 1301 926 recipit
1340 848 1553 908 flatum.
1620 847 1787 908 huius
1819 848 1941 908 loci
1981 852 2181 929 quiete

160 935 479 1013 praecipue
544 932 615 992 ad
671 931 1001 991 inmobilem
1047 933 1491 1014 magnitudinem
1540 932 1753 1000 beluae
1807 932 2178 993 adulescunt

100 1024 138 1081 7
163 1017 461 1078 Gedrosos
493 1018 591 1094 qui
621 1015 859 1078 Arabim
891 1031 1111 1075 amnem
1143 1016 1414 1076 adcolunt
1443 1016 1766 1082 Alexandri
1795 1016 1997 1093 Magni
2034 1018 2226 1082 clas-1·

158 1102 303 1159 sium
345 1090 632 1178 praefecti
666 1101 1043 1177 prodiderunt
1072 1103 1128 1158 in
1174 1099 1436 1160 domibus
1475 1095 1638 1161 fores
1671 1099 1923 1161 maxillis
1977 1100 2178 1161 belua·

158 1202 283 1243 rum
314 1183 548 1258 facere,
599 1182 830 1242 ossibus
874 1193 1028 1244 tecta
1059 1186 1428 1261 contignare,
1475 1204 1551 1244 ex
1582 1185 1804 1264 quibus
1817 1184 2000 1245 multa
2043 1205 2178 1264 qua·

157 1267 478 1344 dragenum
515 1266 837 1327 cubitorum
868 1269 1240 1345 longitudinis
1279 1278 1534 1346 reperta.
1613 1279 1827 1328 exeunt
1874 1278 1934 1328 et
1967 1271 2178 1347 pecori

158 1351 379 1410 similes
414 1350 627 1412 beluae
672 1351 749 1411 ibi
796 1353 852 1410 in
896 1362 1109 1412 terram
1141 1361 1463 1431 pastaeque
1505 1354 1737 1413 radices
1776 1354 2058 1413 fruticum
2088 1372 2178 1413 re-

157 1446 369 1512 meant,
405 1444 463 1495 et
496 1436 801 1514 quaedam
812 1454 1125 1534 equorum,
1175 1438 1496 1513 asinorum,
1545 1446 1835 1497 taurorum
1881 1438 2228 1516 capitibusu

159 1538 310 1598 quae
354 1520 744 1598 depascuntur
774 1529 945 1580 sata

95 1609 137 1664 8
283 1601 344 1663 4.
391 1604 517 1684 (3.)
562 1604 887 1664 Maxumum
929 1604 1135 1664 animal
1184 1606 1240 1662 in
1294 1603 1493 1663 Indico
1525 1605 1665 1663 mari
1730 1604 1929 1681 pristis
1966 1614 2033 1663 et
2081 1606 2176 1665 ba·

158 1687 329 1748 laena
372 1697 494 1763 est,
557 1689 616 1746 in
658 1687 881 1748 Gallico
942 1705 1166 1747 oceano
1219 1688 1502 1772 physeter
1561 1689 1838 1764 ingentis
1867 1688 2177 1750 columnae

155 1772 329 1831 modo
378 1790 444 1831 se
487 1771 760 1833 attollens
807 1772 1091 1852 altiorque
1137 1774 1360 1845 navium
1407 1773 1558 1832 velis
1588 1772 1858 1833 diluviem
1876 1774 2178 1850 quandam

158 1864 452 1930 eructanS,
488 1858 544 1914 in
581 1856 860 1919 Gaditano
899 1874 1121 1916 oceano
1156 1857 1331 1916 arbor
1362 1859 1418 1916 in
1449 1866 1661 1917 tantum
1685 1858 1868 1916 vastis
1897 1858 2230 1936 dispansam

158 1940 333 1997 ramis
400 1948 460 1999 ut
505 1958 581 1998 ex
627 1957 698 1998 ea
743 1954 920 1999 causa
970 1942 1180 2000 fretum
1228 1960 1531 2020 numquam
1576 1942 1824 2005 intrasse
1871 1942 2176 2002 credatur.

158 2021 470 2100 adparent
474 2032 532 2082 et
563 2032 729 2085 rotae
758 2024 1093 2102 appellatae
1124 2042 1156 2084 a
1187 2026 1590 2100 similitudine,
1641 2025 1939 2103 quaternis
1975 2025 2177 2085 distin·

159 2115 288 2166 ctae
335 2107 544 2184 radiis,
589 2107 876 2167 modiolos
935 2126 1128 2205 earum
1182 2109 1368 2168 oculis
1403 2109 1628 2169 duobus
1678 2109 1968 2185 utrimque
2001 2109 2178 2169 clau

157 2190 444 2263 dentibus.

98 2282 133 2335 9
208 2302 211 2307 ¹
294 2275 352 2334 5.
405 2275 531 2354 (4.)
580 2275 817 2334 Tiberio
839 2278 1085 2355 principi
1115 2277 1391 2336 nuntiavit
1422 2275 1913 2354 Olisiponensium
1950 2275 2228 2352 legatiozt

152 2357 233 2416 ‘ob
267 2359 323 2418 id
359 2361 534 2419 missa
563 2363 747 2419 visum
794 2361 1159 2439 auditumque
1210 2363 1267 2418 in
1304 2360 1566 2439 quodam?
1594 2376 1778 2437 specu
1813 2359 2043 2418 concha
2082 2379 2174 2420 ca-

156 2449 390 2501 nentem
419 2442 715 2503 Tritonem
748 2452 859 2521 qua
889 2447 1150 2504 noscitur
1177 2445 1380 2503 forma.
1443 2454 1506 2522 et
1532 2442 1845 2503 Nereidum
1879 2443 2175 2503 falsanon

157 2534 270 2600 est,
302 2528 556 2604 squamis
587 2528 759 2602 modo
795 2528 1313 2606 hispido³corpore
1345 2529 1517 2588 etiam
1562 2545 1673 2604 qua
1705 2526 2009 2586 humanam
2051 2527 2173 2587 effi·

155 2610 311 2687 giem
352 2608 583 2670 habent.
673 2630 917 2689 namque
963 2612 1112 2672 haec
1153 2614 1209 2670 in
1253 2612 1462 2671 eodem
1512 2611 2007 2689 spectata-litore
2062 2620 2172 2685 est,

159 2695 321 2753 cuius
340 2697 637 2754 morientis
655 2699 824 2755 etiam
847 2698 1138 2772 gannitum
1152 2697 1375 2755 tristem
1391 2695 1644 2755 adcolae
1670 2694 1946 2755 audivere
1967 2694 2166 2771 longe.
2185 2710 2226 2753 a

158 2786 218 2836 et
246 2779 383 2839 divo
406 2777 677 2855 Augusto
709 2779 940 2857 legatus
974 2779 1197 2840 Galliae
1231 2780 1529 2858 conpluris
1577 2779 1634 2838 in
1665 2779 1837 2838 litore
1885 2777 2172 2856 adparere

69 2870 141 2925 10
156 2864 431 2923 exanimis
468 2862 753 2924 Nereidas
798 2864 1049 2942 scripsit.
1119 2864 1411 2924 Auctores
1443 2863 1632 2923 habeo
1668 2863 1724 2922 in
1772 2863 2171 2941 equestri&-

155 2946 286 3006 dine
331 2946 691 3025 splendentis
724 2949 910 3006 visum
951 2946 1024 3006 ab
1071 2949 1158 3007 his
1209 2950 1264 3007 in
1296 2947 1578 3007 Gaditano
1623 2963 1848 3006 oceano
1896 2947 2174 3007 marinum

152 3029 443 3090 hominem
475 3039 600 3089 toto
638 3048 890 3110 corpore
922 3029 1187 3092 absoluta
1212 3029 1597 3091 similitudine.
1643 3029 2012 3090 adscendere
2042 3047 2173 3090 eum

152 3114 383 3188 navigia
419 3117 716 3174 nocturnis
750 3114 1111 3207 temporibus
1143 3118 1452 3193 statimque
1485 3115 1792 3192 degravari
1827 3131 1983 3221 quas
2011 3114 2228 3173 inse-⁸⁵

158 3194 309 3251 derit
349 3198 532 3271 partis
565 3205 643 3272 et,
688 3200 737 3256 si
767 3199 978 3257 diutius
1014 3187 1383 3277 permaneat,
1441 3201 1613 3258 etiam
1658 3199 1900 3295 mergis
1929 3196 2168 3257 Tiberio

158 3274 424 3352 principe
465 3287 662 3338 contra
695 3280 1097 3358 Lugdunensis
1128 3283 1463 3360 provinciae
1508 3283 1641 3342 litus
1671 3283 1729 3339 in
1768 3279 1956 3340 insula
2001 3278 2168 3340 simul

155 3365 449 3416 trecentas
479 3361 724 3437 amplius
759 3364 965 3423 beluas
1001 3366 1379 3443 reciprocans
1411 3365 1668 3425 destituit
1698 3381 1957 3424 oceanus
1985 3365 2168 3424 mirae
