2320 3650
169 80 292 146 204
807 82 867 145 e.
902 94 1093 145 rum
1131 93 1429 145 saeuum

168 258 484 327 tarractes,
513 249 669 310 iuxta
699 266 869 329 quem
884 248 1175 326 Lyrnesus
1209 260 1266 311 et
1291 250 1492 328 Olbia,
1523 252 1833 332 ultimaque
1866 253 1992 314 eius
2022 268 2163 317 orae

171 333 450 394 Phaselis.

85 424 155 480 97
339 415 506 496 (27.)
548 415 806 477 Iunctum
853 434 1011 478 mare
1059 415 1296 492 Lycium
1343 427 1433 479 est
1471 422 1734 498 gensque
1764 419 1968 496 Lycia,
2013 421 2166 485 unde

170 507 371 559 vastos
402 501 557 559 sinus
587 500 808 561 Taurus
848 517 1011 559 mons
1053 499 1127 560 ab
1152 500 1297 560 Eois
1322 504 1562 561 veniens
1594 503 1856 562 litoribus
1890 502 2161 565 Chelido·
2279 568 2294 576 „

170 583 266 642 nio
299 585 693 681 promontorio
737 584 1117 658 disterminat,
1159 585 1447 645 inmensus
1487 587 1616 664 ipse
1660 595 1719 644 et
1747 588 2161 649 innumerarum
2180 607 2207 647 s

170 668 425 743 gentium
465 667 714 742 arbiter,
768 666 972 726 dextro
1014 666 1202 727 latere
1242 669 1742 745 septentrionalis,
1799 669 1894 729 ubi
1923 671 2164 749 primum

164 749 245 817 ⁴ab
287 749 486 811 Indico
529 751 671 811 mari
716 750 1010 826 exsurgit,
1064 748 1237 810 laevo
1285 751 1632 811 meridianus
1671 760 1732 812 et
1767 753 1841 813 ad
1892 770 2162 813 occasum

171 834 415 893 tendens
441 834 798 912 mediamque
831 832 1151 893 distrahens
1182 832 1415 909 Asiam,
1457 835 1567 894 nisi
1597 837 1943 914 opprimenti
1974 844 2162 896 terras

171 925 551 976 occurrerent
581 918 777 976 maria.
842 916 1028 976 resilit
1058 933 1202 992 ergo
1236 916 1310 977 ad
1342 878 1799 996 septentriones,
1854 918 2159 997 flexusque

170 1001 484 1059 inmensum
511 1001 621 1059 iter
652 1000 908 1077 quaerit,
948 999 1107 1059 velut
1149 999 1222 1059 de
1253 999 1529 1060 industria
1572 1019 1762 1061 rerum
1790 1009 1990 1063 natura
2024 1000 2157 1063 sub·
2180 1021 2231 1063 ιο

169 1083 304 1142 inde
345 1098 602 1161 aequora
636 1092 1013 1161 opponente,
1054 1082 1189 1142 hinc
1230 1083 1630 1159 Phoenicium,
1678 1083 1807 1144 hinc
1842 1084 2159 1161 Ponticum,

170 1165 330 1225 illinc
385 1165 656 1244 Caspium
709 1175 769 1225 et
818 1165 1166 1241 Hyrcanium
1218 1176 1534 1245 contraque
1578 1167 1888 1228 Maeotium
1951 1167 2159 1226 lacum.

84 1256 477 1327 satorquetur
514 1251 708 1328 itaque
758 1249 1010 1309 conlisus
1044 1251 1194 1308 inter
1231 1249 1379 1310 haec
1421 1250 1706 1326 claustra,
1751 1260 1809 1311 et
1846 1260 2035 1311 tamen
2076 1251 2160 1310 vi-

172 1341 300 1393 ctor
340 1332 637 1394 flexuosus
673 1332 864 1393 evadit
902 1351 1087 1413 usque
1130 1333 1204 1392 ad
1245 1342 1488 1410 cognata
1513 1333 1862 1412 Ripaeorum
1893 1335 2164 1395 montium

160 1415 336 1492 iuga,
374 1419 699 1479 numerosis
744 1417 1065 1477 nominibus
1109 1424 1170 1475 et
1213 1418 1379 1475 novis
1423 1434 1782 1495 quacumque
1838 1416 2050 1476 incedit
2076 1418 2234 1480 in·15

170 1500 382 1575 signis,
427 1498 613 1560 Imaus
643 1501 822 1578 prima
855 1508 1019 1578 parte
1051 1499 1267 1573 dictus,
1304 1516 1440 1558 mox
1467 1499 1703 1577 Edigis,
1748 1500 2159 1577 Paropanisus,

173 1580 437 1661 Circius,
467 1581 822 1659 Cambades,
859 1582 1163 1657 Pariades,
1197 1579 1510 1658 Choatras,
1545 1582 1803 1660 Oreges,
1837 1581 2160 1658 Oroandes,

169 1663 462 1744 Nypetos,
499 1666 752 1741 Taurus,
791 1674 963 1743 atque
993 1664 1090 1725 ubi
1121 1683 1194 1725 se
1219 1682 1450 1744 quoque
1491 1674 1803 1745 exsuperat
1844 1662 2161 1741 CaucasuS,

170 1748 268 1808 ubi
310 1749 545 1809 brachia
597 1749 803 1809 emittit
844 1747 1087 1809 subinde
1129 1750 1431 1827 temptanti
1473 1750 1650 1810 maria
1692 1749 1892 1810 similis
1948 1749 2161 1827 Sarpe-

87 1842 157 1899 99
175 1832 318 1909 don,
352 1831 736 1908 Coracesius,
780 1830 1034 1909 Cragus,
1066 1834 1388 1910 iterumque
1432 1832 1684 1910 Taurus,
1735 1834 1905 1892 etiam
1935 1832 2029 1892 ubi
2061 1832 2159 1894 de·
2178 1850 2235 1892 πο

171 1916 341 1976 hiscit
367 1934 551 1993 seque
578 1916 813 1995 populis
856 1918 1046 1993 aperit
1088 1924 1382 1994 portarum
1419 1924 1609 1976 tamen
1636 1918 1862 1975 nomine
1891 1917 2162 1975 unitatem

168 1998 279 2057 sibi
309 2000 604 2059 vindicans
640 2017 786 2077 quae
820 1998 998 2058 aliubi
1019 1998 1330 2059 Armeniae
1366 1999 1540 2059 aliubi
1572 1996 1820 2077 Caspiae
1864 1996 2038 2058 aliubi
2067 1995 2161 2058 Ci-

170 2081 341 2142 liciae
370 2091 667 2143 vocantur.
724 2084 858 2162 quin
887 2083 1054 2142 etiam
1087 2082 1437 2157 confractuS,
1469 2082 1752 2159 effugiens
1782 2098 2012 2160 quoque
2045 2098 2161 2141 ma·

167 2165 291 2242 ria,
335 2166 608 2245 plurumis
649 2183 715 2225 se
758 2167 1009 2243 gentium
1058 2165 1378 2224 nominibus
1408 2165 1538 2224 hinc
1573 2174 1632 2224 et
1674 2165 1831 2224 illinc
1869 2164 2081 2242 inplet,
2128 2180 2161 2223 a

169 2247 373 2309 dextra
418 2248 771 2324 Hyrcanius,
819 2246 1095 2327 Caspius,
1142 2267 1174 2308 a
1215 2248 1381 2309 laeva
1419 2247 1757 2325 Pariedrus,
1805 2246 2235 2322 Moschicus,25

168 2330 581 2410 Amazonicus,
622 2330 980 2409 Coraxicus,
1012 2330 1319 2407 Scythicus
1349 2330 1712 2409 appellatus,
1739 2292 1802 2389 ’in
1834 2332 2163 2416 universum

166 2432 309 2475 vero
344 2415 565 2475 Graece
600 2412 935 2475 CerauniuS.

86 2508 188 2561 100
357 2496 522 2576 (28.)
561 2497 627 2558 In
670 2497 845 2573 Lycia
880 2499 1053 2574 igitur
1093 2510 1126 2557 a
1170 2495 1565 2576 promontorio
1609 2495 1733 2555 eius
1764 2495 2033 2575 oppidum
2071 2494 2161 2554 Si·

168 2598 368 2656 mena,
415 2598 580 2641 mons
611 2579 912 2642 Chimaera
945 2579 1210 2640 noctibus
1242 2579 1528 2657 flagrans,
1582 2578 1991 2657 Hephaestiam
2022 2578 2161 2637 civi-

165 2671 253 2722 tas
297 2672 354 2722 et
387 2665 514 2742 ipsa
564 2681 745 2744 saepe
789 2663 1158 2740 flagrantibus
1196 2664 1364 2741 iugis.
1448 2662 1718 2740 oppidum
1763 2660 2046 2738 Olympus
2080 2660 2234 2723 ibiso

166 2746 305 2823 fuit,
361 2765 510 2807 nunc
554 2756 685 2807 sunt
731 2756 995 2807 montana
1039 2744 1271 2822 Gagae,
1347 2744 1692 2820 Corydalla,
1754 2744 2162 2821 Rhodiopolis.

166 2830 322 2890 iuxta
362 2848 519 2890 mare
559 2825 784 2905 Limyra
832 2846 959 2889 cum
998 2846 1162 2888 amne
1191 2831 1248 2888 in
1280 2847 1450 2907 quem
1478 2827 1818 2903 Arycandus
1849 2826 2067 2902 influit,
2101 2835 2164 2886 et

166 2929 332 2972 mons
361 2912 706 2988 Masyeitus,
759 2911 974 2972 Andria
1016 2913 1252 2987 civitas,
1295 2911 1493 2987 Myra,
1543 2911 1758 2990 oppida
1798 2910 2062 2988 Aperrae
2101 2918 2164 2969 et

165 2994 535 3074 Antiphellos
566 3012 714 3074 quae
750 2994 1033 3074 quondam
1072 2993 1371 3071 Habesus,
1411 3003 1582 3072 atque
1623 2996 1679 3052 in
1719 3010 1960 3053 recessu
1989 2991 2160 3052 Phel-

98 3137 109 3148 ,
166 3077 278 3137 los.
339 3079 470 3139 dein
489 3078 669 3153 Pyrra
696 3079 950 3157 itemque
980 3077 1239 3138 Xanthus
1269 3096 1302 3138 a
1331 3079 1471 3140 mari
1498 3076 1606 3137 XV
1633 3074 1692 3135 Μ
1720 3089 2021 3154 passuum,
2054 3074 2159 3134 flu·
2179 3097 2232 3139 ss

166 3177 412 3239 menque
446 3162 654 3221 eodem
680 3163 926 3221 nomine.
999 3160 1207 3221 deinde
1238 3162 1471 3237 Patara,
1522 3177 1669 3238 quae
1704 3160 1861 3236 prius
1892 3158 2157 3235 Pataros,

83 3254 185 3308 101
207 3251 265 3303 et
292 3246 348 3302 in
378 3254 571 3306 monte
603 3245 856 3321 Sidyma,
891 3245 1343 3322 promontorium
1371 3242 1614 3320 Cragus.
1671 3240 1832 3301 Ultra
1867 3258 1973 3319 par
2000 3241 2158 3300 sinus

165 3326 366 3406 priori.
444 3327 523 3388 ibi
565 3326 770 3390 Pinara
825 3335 882 3388 et
929 3343 1078 3407 quae
1126 3325 1360 3402 Lyciam
1413 3325 1535 3387 finit
1578 3323 1902 3386 Telmesus.
1980 3321 2163 3398 Lycia
