2320 3650
127 40 167 72 Ο
690 43 703 56 ·
824 42 884 70 νο
918 42 1106 67 russas
1128 42 1435 76 mous-1⁸
1515 71 1521 78 ,

126 173 293 236 in&
304 169 585 253 exempli*
604 176 662 234 in
683 183 906 234 uterum
937 175 1198 251 protinus
1228 190 1504 233 reversus
1534 173 1718 236 infans
1742 174 1983 252 Sagunti
2017 191 2142 255 qm

129 277 276 322 anno
309 259 343 318 d
384 259 502 328 leta
529 257 601 319 ab
632 258 950 319 Hannibale
982 265 1090 315 est.

248 345 306 403 4.
348 277 446 402 essx
473 342 702 402 feminis
725 343 927 403 mutari
951 342 1007 400 in
1027 341 1203 399 maris
1226 357 1340 400 non
1365 347 1457 399 est
1476 339 1824 401 fabulosum.
1855 377 1942 389 --
1967 344 2141 406 imve-

127 429 306 486 nimus
335 428 391 485 in
423 426 719 486 annalibus
751 426 812 486 P.
840 425 1056 485 Licinio
1091 423 1307 484 Crasso
1345 420 1411 482 C.
1436 421 1645 484 Cassio
1675 424 1937 503 Longino
1972 445 2140 490 coss.

126 508 320 570 Casini
361 528 602 589 puerum
645 510 859 570 factum
904 527 983 569 ex
1020 510 1247 584 virgine
1288 507 1395 567 sub
1439 508 1806 586 parentibus,
1852 512 2138 590 iussuque
2159 530 2188 568 5

121 594 488 673 haruspicum
533 595 898 672 deportatum
943 594 999 650 iu
1036 592 1280 653 insulam
1309 592 1621 653 desertam.
1707 591 1958 654 Licinius
2008 595 2146 660 Hm.

125 681 323 750 cianus
367 678 619 758 prodidit
672 679 856 736 visum
899 694 930 736 a
981 695 1049 736 se
1093 676 1271 752 Argis
1312 676 1727 752 Ammontem,
1782 680 1873 740 cui
1921 695 2140 741 nomen

122 762 453 836 Arescusae
482 763 697 837 fuisse,
727 762 992 838 nupsisse
1026 761 1231 835 etiam,
1272 777 1408 820 mox
1443 759 1678 822 barbam
1710 769 1768 820 et
1799 761 2140 826 virilitatem

121 850 465 927 provenisse
503 862 864 923 uxoremque
908 845 1164 905 duxisse.
1229 844 1486 906 eiusdem
1532 847 1707 905 sortis
1749 854 1809 906 et
1843 845 2138 921 Zmyrnae

123 950 360 1010 puerum
399 949 431 990 a
473 948 539 989 se
578 931 781 988 visum.
853 930 983 1007 ipse
1018 931 1075 988 in
1112 928 1313 988 Africa
1355 929 1471 988 vidi
1502 938 1772 990 mutatum
1813 930 1872 989 in
1907 947 2204 992 mai-emto

37 1017 439 1094 37nuptiarm
487 1013 580 1072 die
618 1012 678 1073 L.
719 1010 1041 1073 Gossicium
1088 1014 1274 1072 civem
1311 1011 1767 1086 Thysdritanum.
1810 1047 1894 1062 --
1953 1016 2133 1076 editis

119 1099 362 1176 geminis
393 1114 577 1157 raram
610 1109 746 1158 esse
779 1108 873 1157 aut
903 1116 1231 1176 puerperae
1253 1105 1348 1157 aut
1368 1099 1687 1175 puerperio
1717 1105 2252 1178 praetemunt-„m

119 1182 287 1242 alteri
314 1182 505 1241 vitam.
568 1181 617 1241 si
643 1199 788 1242 vero
818 1184 1116 1260 utriusque
1149 1200 1328 1240 sexus
1361 1180 1499 1240 editi
1527 1183 1638 1241 sint
1664 1184 1911 1258 gemini,
1941 1184 2132 1244 rario-
2175 1189 2194 1206 ³
2230 1187 2246 1200 ³

118 1284 239 1325 rem
287 1267 513 1346 utrique
559 1266 825 1327 salutem.
913 1267 1156 1326 feminas
1200 1266 1454 1326 celerius
1493 1268 1660 1343 gigni
1703 1283 1871 1343 quam
1925 1270 2129 1342 maris,

117 1351 287 1411 sicuti
319 1350 569 1411 celerius
598 1369 938 1411 senescere.
1002 1353 1234 1429 saepius
1259 1351 1323 1408 in
1351 1359 1518 1409 utero
1559 1351 1782 1416 moveri
1811 1353 2018 1426 ιιιειιίε,
2065 1361 2207 1415 eta

114 1434 441 1516 &dextera
472 1436 601 1496 fere
635 1438 781 1512 geri·
797 1445 996 1513 parte,
1043 1435 1296 1514 ἰιιφίωιι
1330 1433 1593 1494 feminas.

31 1527 155 1677 38g
158 1520 309 1661 e.5
333 1520 457 1599 (4.)
523 1517 752 1579 Ceteris
785 1519 1160 1584 amantibus
1202 1527 1406 1578 statum
1441 1527 1501 1577 et
1528 1518 1790 1596 pariendi
1834 1528 1893 1578 et
1923 1528 2128 1598 partus

194 1604 356 1678 ιῃιιᾶί
384 1613 610 1682 tempus
633 1612 745 1679 est,
778 1603 949 1662 homo
974 1603 1113 1662 toto
1124 1620 1272 1662 anno
1305 1611 1363 1661 et
1381 1604 1605 1662 incerto
1619 1604 1896 1679 gignitur
1904 1604 2138 1681 spatio,

282 1697 555 1766 *septumo
586 1705 821 1762 mense,
866 1687 1013 1747 alius
1045 1696 1257 1746 octavo
1293 1696 1350 1745 et
1381 1705 1564 1764 usque
1605 1686 1678 1746 ad
1706 1688 1863 1747 initia
1894 1687 2126 1748 decumi

6 1848 9 1851 A
22 1771 534 1857 &undecimiqnffl
620 1780 750 1831 ante
795 1779 1115 1850 septumum
1155 1788 1413 1831 mensem
1447 1770 1584 1831 haut
1624 1777 1914 1849 umquam
1907 1771 2201 1833 vitaliszo

11 1870 17 1877 ·
108 1864 227 1914 est.
284 1865 561 1941 septumo
595 1872 708 1915 non
751 1857 859 1914 nisi
892 1855 1077 1933 pridie
1109 1864 1430 1933 posterove
1472 1855 1749 1934 pleniluni
1780 1856 1902 1916 die
1905 1836 2052 1916 aii*
2036 1875 2124 1914 ιιι

27 1949 96 2004 39
116 1932 362 1998 terlumo
399 1941 677 2041 concepti
717 1948 1044 2000 nascuntur.
1134 1940 1465 1999 tralatitium
1506 1941 1564 1998 iu
1605 1939 1880 2018 Aegypto
1927 1949 2019 2000 est
2053 1950 2144 1999 etv

112 2032 322 2084 octavo
354 2025 530 2102 gigni.
592 2026 700 2083 iam
733 2024 961 2104 quidem
994 2033 1052 2083 et
1080 2026 1137 2083 in
1169 2023 1333 2084 Italia
1368 2023 1500 2083 talis
1531 2033 1726 2101 partus
1760 2041 1894 2083 esse
1926 2023 2123 2083 vitalis

113 2117 314 2168 contra
362 2110 684 2187 priscorum
733 2110 1056 2187 opiniones.
1134 2109 1354 2168 variant
1395 2107 1543 2167 haec
1594 2107 1855 2185 ffluribus
1908 2108 2120 2173 modis.

108 2191 334 2253 Vistilia
367 2190 433 2253 C.
466 2191 584 2253 Lici
614 2210 685 2253 ac
716 2203 924 2271 postea
957 2193 1240 2271 Pomponi
1269 2201 1443 2269 atque
1476 2189 1638 2251 Orfiti
1669 2192 2122 2253 clarissimorum
2139 2209 2198 2249 25

112 2278 319 2336 civium
354 2279 565 2337 coniux
600 2295 675 2337 ex
699 2278 787 2337 his
819 2286 1091 2357 quattuor
1119 2286 1317 2355 partus
1349 2278 1552 2351 enixa,
1585 2284 1853 2353 septumo
1882 2290 2122 2353 semper

110 2379 167 2421 m
243 2378 342 2435 se,
392 2363 590 2437 genuit
633 2362 895 2421 Suillium
946 2358 1154 2420 Rufum
1202 2361 1542 2435 undecimo,
1595 2357 1988 2419 Corbulonem
2023 2378 2117 2419 se-

110 2372 342 2521 pigno,
377 2454 677 2527 utrumque
714 2446 1046 2519 consulem,
1086 2454 1294 2524 postea
1329 2442 1671 2505 Caesoniam
1704 2443 1807 2505 Gai
1837 2445 2148 2523 principis

24 2529 413 2629 soconiugem
451 2540 681 2590 octavo.
759 2530 823 2589 In
853 2547 967 2607 quo
997 2546 1258 2589 mensum
1286 2546 1524 2589 numero
1552 2528 1764 2605 genitis
1799 2530 1946 2588 intra
1976 2545 2116 2606 qua·
2170 2533 2175 2539 '

109 2602 490 2691 drageqmum
519 2614 670 2674 diem
702 2630 997 2674 maxumus
1033 2614 1233 2688 labor,
1278 2613 1533 2691 gravidis
1571 2621 1763 2674 antem
1807 2620 2010 2689 quarto
2057 2619 2193 2671 etse

109 2704 319 2759 octavo
349 2716 581 2773 mense,
617 2698 943 2778 letalesque
970 2700 1027 2757 in
1058 2698 1128 2758 iis
1163 2698 1420 2758 abortus.
1476 2695 1761 2758 Masurius
1790 2703 1996 2757 auctor
2026 2703 2121 2754 est

108 2779 169 2840 L.
202 2781 489 2861 Papirium
518 2791 848 2861 praetorem
879 2782 1140 2843 secundo
1173 2783 1392 2847 herede
1419 2783 1555 2858 lege
1590 2790 1801 2859 agente
1831 2780 2119 2841 honorum

107 2868 544 2942 possessionem
573 2875 774 2926 contra
810 2884 939 2925 eum
967 2866 1236 2943 dedisse,
1269 2885 1395 2926 cum
1415 2874 1597 2926 {nater
1630 2875 1853 2945 partum
1884 2878 1951 2924 se
1980 2876 2124 2925 xm

106 2950 399 3010 mensibus
455 2951 680 3010 diceret
733 2951 977 3027 tulisse,
1036 2953 1303 3031 quoniam
1346 2951 1563 3011 nullum
1611 2959 1831 3011 certum
1884 2958 2120 3026 tempus

108 3033 370 3110 pariendi
405 3043 611 3094 statum
642 3035 955 3095 videretur.
2135 3047 2189 3089 8⁶
2213 3076 2232 3099 ι

21 3126 87 3180 41
232 3115 289 3176 6.
326 3118 450 3197 (5.)
512 3119 564 3177 Α
610 3128 899 3196 conceptu
931 3118 1178 3180 decumo
1222 3119 1317 3178 die
1350 3118 1590 3178 dolores
1624 3118 1863 3196 capitis,
1907 3116 2120 3176 oculo

105 3216 228 3257 rum
271 3203 587 3277 vertigines
630 3202 1061 3280 tenebraeque,
1113 3203 1401 3263 fastidium
1446 3204 1502 3262 in
1543 3203 1727 3277 cibis,
1772 3186 2311 3261 monasticem*

100 3284 395 3359 stomachi
420 3285 638 3371 iffls
680 3295 811 3345 sunt
840 3286 1083 3345 hominis
1114 3285 1387 3350 inchoati
1452 3286 1659 3346 melior
1704 3285 1871 3344 colos
1896 3301 2119 3344 marem

42 356 111 410 36

272 3406 393 3451 2,-

5 3532 201 3566 -μμ
