2320 3650
586 146 747 195 NAT.
776 144 957 195 msr.
988 145 1064 193 11.
1094 139 1335 198 46—47.
1371 130 1664 216 (45—48.)
2079 115 2155 194 '91

181 303 237 363 in
274 299 523 380 reliquis
564 298 823 378 partibus
866 298 1017 358 caeli
1046 299 1309 376 ignotus,
1353 300 1459 359 sed
1491 304 1580 371 {ne
1610 298 1887 359 Viennam
1932 298 2160 379 quidem

184 385 441 447 eiusdem
468 383 804 463 provinciae
834 381 1033 442 urbem
1062 383 1367 459 attingens,
1400 383 1598 461 paucis
1628 391 1758 443 ante
1789 383 2015 443 milibus
2044 384 2161 460 iugi

180 469 392 529 modici
426 482 673 527 occursu
702 473 887 525 tantus
920 465 1021 525 ille
1050 475 1256 525 ventus
1288 468 1596 527 coercitus.
1607 475 1690 525 -et
1711 475 1936 526 austros
1964 469 2022 526 in
2044 467 2158 526 Ae·

179 560 418 632 gyptum
449 559 760 629 penetrare
791 557 966 626 negat
995 547 1300 609 Fabianus.
1355 566 1469 628 quo
1512 550 1572 609 fit
1603 542 1902 612 manifesta
1931 551 2032 611 lex
2062 568 2158 610 na-

140 644 340 704 5turae
369 634 560 694 ventis
593 635 762 693 etiam
793 640 851 692 et
883 642 1145 710 tempore
1179 641 1237 692 et
1266 632 1377 692 fine
1413 633 1586 693 dicto.

280 718 437 817 ο(47.
443 718 473 796 )
507 702 630 776 Ver
660 733 803 793 ergo
835 716 1020 794 aperit
1043 716 1440 792 navigantibus
1465 717 1661 792 maria,
1696 717 1856 776 cuius
1884 718 1940 776 in
1970 716 2119 794 prin·
2145 727 2245 780 122

177 803 336 880 cipio
382 801 598 861 favonii
643 799 941 867 hibernum
986 800 1245 859 molliunt
1287 802 1512 861 caelum
1565 801 1692 860 sole
1740 801 1939 879 aquari
1977 798 2159 859 XXV.

177 886 479 965 optinente
510 893 749 962 partem.
795 884 847 942 is
879 883 1004 942 dies
1039 892 1238 943 sextus
1270 881 1614 944 Februarias
1649 892 1780 945 ante
1812 884 1956 944 idus.
2012 880 2161 942 Con·

175 969 324 1047 petit
351 967 538 1027 ferme
575 976 633 1026 et
664 966 777 1026 hoc
808 966 1067 1026 omnibus
1098 984 1246 1046 quos
1280 967 1488 1027 deinde
1520 984 1727 1046 ponam
1763 986 1876 1047 per
1909 967 2163 1044 singulas

120 1074 163 1118 ιο
178 1051 651 1112 intercalationes
694 1066 807 1109 uno
857 1049 950 1109 die
1004 1050 1443 1127 anticipantibus
1484 1069 1799 1131 rursusque
1842 1051 2024 1112 lustro
2069 1068 2160 1123 se·

179 1136 379 1215 quenti
420 1134 679 1193 ordinem
722 1132 1102 1193 servantibus.
1163 1132 1475 1193 Favonium
1524 1135 1751 1213 quidam
1796 1153 1848 1195 a.
1900 1135 1956 1196 d.
2003 1132 2158 1193 VIII.
2205 1134 2208 1137 ’

177 1217 460 1280 kalendas
490 1216 675 1276 Martii
717 1216 1079 1277 chelidonian
1109 1227 1320 1277 vocant
1362 1217 1433 1277 ab
1464 1217 1777 1278 hirundinis
1815 1221 1977 1294 visu,
2022 1235 2158 1277 non-

175 1302 319 1362 nulli
340 1317 487 1360 vero
510 1300 792 1361 ornithian
815 1316 928 1360 uno
959 1308 1016 1359 et
1036 1298 1208 1358 LXX.
1243 1300 1337 1359 die
1367 1309 1501 1378 post
1528 1299 1782 1361 brumam
1813 1302 1885 1362 ab
1915 1303 2160 1363 adventu

177 1387 388 1458 avium,
422 1383 652 1444 flantem
682 1402 790 1462 per
818 1384 943 1443 dies
973 1398 1201 1442 novem.
1251 1381 1509 1443 Favonio
1539 1386 1854 1455 contrarius
1880 1394 1970 1444 est
1993 1402 2161 1463 quem

118 1492 165 1535 ιε
181 1468 551 1528 subsolanum
581 1468 1015 1545 appellavimus.
1050 1466 1164 1526 Dat
1191 1475 1470 1527 aestatem
1501 1478 1736 1528 exortus
1764 1469 2127 1545 vergiliarum
2147 1475 2248 1530 123

175 1554 233 1612 in
275 1552 514 1611 totidem
568 1550 828 1629 partibus
880 1551 1027 1611 tauri
1081 1568 1191 1610 sex
1236 1550 1441 1610 diebus
1478 1560 1608 1610 ante
1651 1550 1763 1612 Mai
1804 1552 1960 1626 idus,
2006 1551 2160 1630 quod

174 1645 406 1713 tempus
435 1637 743 1694 austrinum
772 1643 883 1710 est,
915 1634 1046 1703 huic
1073 1642 1249 1694 vento
1281 1635 1675 1713 septentrione
1701 1636 2010 1695 contrari0.
2053 1635 2159 1694 Ar-

178 1720 514 1788 dentissimo
559 1727 746 1777 autem
791 1719 1029 1777 aestatis
1068 1725 1332 1796 tempore
1364 1719 1620 1778 exoritur
1665 1719 1961 1779 caniculae
2007 1719 2162 1778 sidus

178 1803 308 1864 sole
354 1804 589 1881 primam
633 1810 855 1881 partem
886 1801 1074 1862 leonis
1104 1802 1503 1879 ingrediente,
1553 1804 1650 1882 qui
1692 1803 1815 1864 dies
1849 1801 1986 1863 XV.
2029 1811 2161 1864 ante

113 1914 161 1955 20
180 1888 472 1964 Augustas
495 1886 774 1946 kalendas
798 1894 905 1945 est.
932 1886 1095 1946 huius
1123 1896 1384 1946 exortum
1407 1887 1612 1947 diebus
1638 1897 1774 1948 octo
1797 1888 1980 1948 ferme
2003 1889 2159 1967 aqui-

177 1971 348 2031 lones
383 1970 760 2045 antecedunt‚
793 1985 942 2048 quos
971 1969 1315 2049 prodromos
1348 1971 1660 2049 appellant.
1720 1971 1859 2031 Post
1891 1971 2121 2032 bid‘uum
2143 1978 2245 2033 124

177 2064 368 2115 autem
414 2062 652 2114 exortus
701 2053 874 2113 iidem
929 2053 1233 2133 aquilones
1275 2055 1625 2114 constantius
1671 2055 1916 2133 perflant
1956 2055 2162 2115 diebus

173 2137 377 2213 XXX,
410 2154 557 2217 quos
588 2137 800 2196 etesias
835 2137 1147 2215 appellant.
1202 2136 1429 2197 mollire
1460 2155 1568 2197 eos
1611 2139 1862 2198 creditur
1891 2140 2033 2199 solis
2064 2156 2160 2197 va·

175 2239 288 2301 por
314 2222 634 2299 geminatus
665 2220 872 2280 ardore
908 2221 1148 2295 sideris,
1200 2237 1313 2279 nec
1346 2220 1448 2279 ulli
1481 2228 1781 2281 ventorum
1812 2224 1996 2299 mag-is
2032 2223 2161 2281 stati

110 2314 325 2372 25sunt.
391 2304 530 2365 Post
568 2321 673 2363 eos
713 2322 912 2364 rursus
955 2304 1132 2363 austri
1173 2302 1512 2381 frequentes
1545 2322 1728 2382 usque
1773 2305 1844 2365 ad
1880 2305 2038 2365 sidus
2070 2322 2159 2364 ar·

175 2389 322 2449 cturi
370 2388 526 2468 quod
574 2379 830 2447 exoritur
878 2388 1164 2447 undecim
1179 2385 1384 2446 diebus
1426 2395 1558 2446 ante
1601 2389 2022 2466 aequinoctium
2064 2406 2159 2448 au-

173 2472 369 2532 tumni.
427 2469 567 2531 Cum
600 2471 714 2534 hoc
745 2489 916 2531 corus
948 2471 1163 2549 incipit.
1198 2487 1370 2530 corus
1401 2479 1701 2530 autumnat.
1739 2472 1869 2531 huic
1902 2482 1990 2532 est
2023 2488 2156 2531 con—

172 2557 384 2617 trarius
404 2556 721 2615 volturnus.
774 2555 912 2615 Post
938 2556 994 2615 id
1026 2555 1446 2633 aequinoctium
1480 2553 1682 2613 diebus
1704 2555 1831 2615 fere
1856 2564 2121 2635 quattuor
2142 2567 2243 2619 125

174 2649 235 2699 et
281 2639 659 2718 quadraginta
702 2638 1071 2716 vergiliarum
1121 2654 1367 2698 occasus
1409 2638 1655 2698 hiemem
1698 2638 1955 2714 inchoat,
2004 2638 2159 2718 quod

106 2732 405 2801 sotempus
449 2724 505 2782 in
533 2721 632 2782 III.
680 2723 808 2783 idus
850 2721 1197 2782 Novembris
1235 2722 1494 2782 incidere
1541 2724 1872 2798 consuevit,
1915 2721 2029 2781 hoc
2070 2730 2162 2781 est

173 2807 471 2886 aquilonis
508 2805 732 2866 hiberni
763 2806 1108 2886 multumque
1150 2807 1374 2866 aestivo
1405 2806 1489 2865 illi
1521 2805 1845 2880 dissimilis,
1894 2805 2053 2863 cuius
2084 2823 2161 2864 ex

173 2890 429 2950 adverso
474 2899 564 2950 est
592 2889 844 2950 Africus.
903 2889 979 2950 Et
1015 2899 1145 2950 ante
1188 2888 1441 2950 brumam
1476 2898 1663 2950 autem
1698 2897 1922 2966 septem
1953 2887 2159 2948 diebus

170 2974 531 3053 totidemque
562 2983 695 3052 post
727 2992 854 3035 eam
885 2976 1153 3054 sternitur
1180 2991 1338 3032 mare
1370 2973 1673 3048 alcyonum
1706 2972 1964 3047 feturae,
2007 2971 2157 3031 unde

169 3074 385 3116 nomen
415 3057 540 3117 dies
587 3066 838 3117 traxere.
901 3057 1188 3138 reliquom
1236 3066 1460 3136 tempus
1507 3056 1734 3116 hiemat.
1794 3054 1922 3115 Nec
1966 3064 2159 3115 tamen

102 3161 154 3204 85
172 3142 417 3201 saevitia
447 3150 847 3218 tempestatum
874 3141 1163 3201 concludit
1184 3159 1362 3200 mare.
1394 3141 1615 3217 piratae
1638 3141 1876 3219 primum
1898 3155 2157 3216 coegere

167 3226 374 3283 mortis
414 3224 678 3302 periculo
719 3225 775 3284 in
804 3234 1046 3284 mortem
1090 3241 1262 3283 ruere
1295 3233 1354 3284 et
1393 3222 1634 3328 hiberna
1673 3223 1930 3303 experiri
1957 3222 2153 3283 maria.

167 3323 321 3368 nunc
349 3308 503 3368 idem
533 3307 647 3366 hoc
678 3310 911 3368 avaritia
944 3309 1153 3383 cogit.

297 3388 467 3471 (48.)
500 3389 671 3451 Venti
704 3392 874 3452 etiam
901 3391 1255 3471 frigidissimi
1284 3399 1411 3450 sunt
1454 3406 1601 3470 quos
1642 3407 1678 3452 a
1720 3386 2114 3472 septentrione
2136 3394 2237 3449 126
