<?xml version="1.0" encoding="UTF-8"?>
<!DOCTYPE html PUBLIC "-//W3C//DTD XHTML 1.0 Transitional//EN"
    "http://www.w3.org/TR/xhtml1/DTD/xhtml1-transitional.dtd">
<html xmlns="http://www.w3.org/1999/xhtml" xml:lang="en" lang="en">
 <head>
  <title>
</title>
<meta http-equiv="Content-Type" content="text/html;charset=utf-8" />
  <meta name='ocr-system' content='tesseract 3.04.00' />
  <meta name='ocr-capabilities' content='ocr_page ocr_carea ocr_par ocr_line ocrx_word'/>
</head>
<body>
  <div class='ocr_page' id='page_1' title='image "./cplinisecundina00eldegoog_0121.png"; bbox 0 0 2320 3650; ppageno 0'>
   <div class='ocr_carea' id='block_1_1' title="bbox 184 123 1476 187">
    <p class='ocr_par' dir='ltr' id='par_1_1' title="bbox 184 123 1476 187">
     <span class='ocr_line' id='line_1_1' title="bbox 184 123 1476 187; baseline -0.005 0"><span class='ocrx_word' id='word_1_1' title='bbox 184 123 263 187; x_wconf 87' lang='lat'><strong>90</strong></span> <span class='ocrx_word' id='word_1_2' title='bbox 947 132 1139 182; x_wconf 73' lang='lat' dir='ltr'><strong>rum</strong></span> <span class='ocrx_word' id='word_1_3' title='bbox 1178 132 1476 183; x_wconf 72' lang='lat' dir='ltr'><strong>sncunm</strong></span> 
     </span>
    </p>
   </div>
   <div class='ocr_carea' id='block_1_2' title="bbox 92 286 2250 3461">
    <p class='ocr_par' dir='ltr' id='par_1_2' title="bbox 92 286 2250 3461">
     <span class='ocr_line' id='line_1_2' title="bbox 183 286 2170 369; baseline 0.001 -18"><span class='ocrx_word' id='word_1_4' title='bbox 183 291 321 351; x_wconf 83' lang='lat' dir='ltr'><strong>nihil</strong></span> <span class='ocrx_word' id='word_1_5' title='bbox 353 288 572 351; x_wconf 80' lang='lat' dir='ltr'>addisci</span> <span class='ocrx_word' id='word_1_6' title='bbox 599 304 748 348; x_wconf 82' lang='lat' dir='ltr'><strong>nova</strong></span> <span class='ocrx_word' id='word_1_7' title='bbox 778 286 1176 367; x_wconf 76' lang='lat' dir='ltr'><strong>inquisitione,</strong></span> <span class='ocrx_word' id='word_1_8' title='bbox 1221 288 1390 348; x_wconf 90' lang='lat' dir='ltr'><strong>immo</strong></span> <span class='ocrx_word' id='word_1_9' title='bbox 1422 305 1497 346; x_wconf 89' lang='lat' dir='ltr'><strong>ne</strong></span> <span class='ocrx_word' id='word_1_10' title='bbox 1526 295 1789 348; x_wconf 81' lang='lat' dir='ltr'><strong>veterum</strong></span> <span class='ocrx_word' id='word_1_11' title='bbox 1819 290 2051 369; x_wconf 86' lang='lat' dir='ltr'><strong>quidem</strong></span> <span class='ocrx_word' id='word_1_12' title='bbox 2080 293 2170 354; x_wconf 90' lang='lat' dir='ltr'><strong>in-</strong></span> 
     </span>
     <span class='ocr_line' id='line_1_3' title="bbox 103 370 2169 455; baseline -0.001 -15"><span class='ocrx_word' id='word_1_13' title='bbox 103 384 205 439; x_wconf 83' lang='lat'><strong>118</strong></span> <span class='ocrx_word' id='word_1_14' title='bbox 223 383 396 434; x_wconf 82' lang='lat' dir='ltr'><strong>venta</strong></span> <span class='ocrx_word' id='word_1_15' title='bbox 418 372 690 450; x_wconf 85' lang='lat' dir='ltr'><strong>perdisci.</strong></span> <span class='ocrx_word' id='word_1_16' title='bbox 735 370 866 430; x_wconf 91' lang='lat' dir='ltr'><strong>Non</strong></span> <span class='ocrx_word' id='word_1_17' title='bbox 890 381 1050 431; x_wconf 88' lang='lat' dir='ltr'><strong>erant</strong></span> <span class='ocrx_word' id='word_1_18' title='bbox 1075 373 1292 432; x_wconf 90' lang='lat' dir='ltr'><strong>maiora</strong></span> <span class='ocrx_word' id='word_1_19' title='bbox 1315 372 1569 450; x_wconf 90' lang='lat' dir='ltr'><strong>praemia</strong></span> <span class='ocrx_word' id='word_1_20' title='bbox 1587 373 1645 431; x_wconf 90' lang='lat' dir='ltr'><strong>in</strong></span> <span class='ocrx_word' id='word_1_21' title='bbox 1668 372 1876 432; x_wconf 85' lang='lat' dir='ltr'><strong>multos</strong></span> <span class='ocrx_word' id='word_1_22' title='bbox 1899 375 2169 455; x_wconf 87' lang='lat' dir='ltr'><strong>dispersa</strong></span> 
     </span>
     <span class='ocr_line' id='line_1_4' title="bbox 181 454 2170 538; baseline 0.001 -21"><span class='ocrx_word' id='word_1_23' title='bbox 181 458 446 519; x_wconf 83' lang='lat' dir='ltr'><strong>fortunae</strong></span> <span class='ocrx_word' id='word_1_24' title='bbox 475 454 893 532; x_wconf 80' lang='lat' dir='ltr'><strong>magnitudine,</strong></span> <span class='ocrx_word' id='word_1_25' title='bbox 941 464 999 514; x_wconf 91' lang='lat' dir='ltr'><strong>et</strong></span> <span class='ocrx_word' id='word_1_26' title='bbox 1032 457 1139 515; x_wconf 88' lang='lat' dir='ltr'><strong>ista</strong></span> <span class='ocrx_word' id='word_1_27' title='bbox 1174 456 1372 533; x_wconf 90' lang='lat' dir='ltr'><strong>plures</strong></span> <span class='ocrx_word' id='word_1_28' title='bbox 1403 456 1528 513; x_wconf 91' lang='lat' dir='ltr'><strong>sine</strong></span> <span class='ocrx_word' id='word_1_29' title='bbox 1557 457 1815 532; x_wconf 89' lang='lat' dir='ltr'><strong>praemio</strong></span> <span class='ocrx_word' id='word_1_30' title='bbox 1847 457 1963 516; x_wconf 90' lang='lat' dir='ltr'><strong>alio</strong></span> <span class='ocrx_word' id='word_1_31' title='bbox 1995 477 2170 538; x_wconf 85' lang='lat' dir='ltr'><strong>quam</strong></span> 
     </span>
     <span class='ocr_line' id='line_1_5' title="bbox 181 537 2171 620; baseline 0.001 -20"><span class='ocrx_word' id='word_1_32' title='bbox 181 550 454 620; x_wconf 89' lang='lat' dir='ltr'><strong>posteros</strong></span> <span class='ocrx_word' id='word_1_33' title='bbox 503 538 730 599; x_wconf 83' lang='lat' dir='ltr'><strong>iuvandi</strong></span> <span class='ocrx_word' id='word_1_34' title='bbox 783 548 1070 598; x_wconf 90' lang='lat' dir='ltr'><strong>eruerunt.</strong></span> <span class='ocrx_word' id='word_1_35' title='bbox 1134 537 1332 598; x_wconf 81' lang='lat' dir='ltr'><strong>Mores</strong></span> <span class='ocrx_word' id='word_1_36' title='bbox 1382 537 1668 598; x_wconf 86' lang='lat' dir='ltr'><strong>bominum</strong></span> <span class='ocrx_word' id='word_1_37' title='bbox 1718 558 2002 617; x_wconf 90' lang='lat' dir='ltr'><strong>senuere,</strong></span> <span class='ocrx_word' id='word_1_38' title='bbox 2051 559 2171 601; x_wconf 90' lang='lat' dir='ltr'><strong>non</strong></span> 
     </span>
     <span class='ocr_line' id='line_1_6' title="bbox 180 622 2217 701; baseline -0 -17"><span class='ocrx_word' id='word_1_39' title='bbox 180 624 433 700; x_wconf 88' lang='lat' dir='ltr'><strong>fructus,</strong></span> <span class='ocrx_word' id='word_1_40' title='bbox 482 631 539 682; x_wconf 93' lang='lat' dir='ltr'><strong>et</strong></span> <span class='ocrx_word' id='word_1_41' title='bbox 585 624 840 681; x_wconf 91' lang='lat' dir='ltr'><strong>inmensa</strong></span> <span class='ocrx_word' id='word_1_42' title='bbox 871 622 1166 681; x_wconf 89' lang='lat' dir='ltr'><strong>multitudo</strong></span> <span class='ocrx_word' id='word_1_43' title='bbox 1198 630 1403 700; x_wconf 85' lang='lat' dir='ltr'><strong>aperto</strong></span> <span class='ocrx_word' id='word_1_44' title='bbox 1449 623 1849 701; x_wconf 86' lang='lat' dir='ltr'><strong>quodcumque</strong></span> <span class='ocrx_word' id='word_1_45' title='bbox 1896 633 1988 683; x_wconf 89' lang='lat' dir='ltr'><strong>est</strong></span> <span class='ocrx_word' id='word_1_46' title='bbox 2024 626 2217 690; x_wconf 58' lang='lat' dir='ltr'><strong>maris,</strong></span> 
     </span>
     <span class='ocr_line' id='line_1_7' title="bbox 179 705 2171 786; baseline -0.001 -18"><span class='ocrx_word' id='word_1_47' title='bbox 179 707 569 786; x_wconf 84' lang='lat' dir='ltr'><strong>hospitalique</strong></span> <span class='ocrx_word' id='word_1_48' title='bbox 600 707 826 766; x_wconf 90' lang='lat' dir='ltr'><strong>litorum</strong></span> <span class='ocrx_word' id='word_1_49' title='bbox 858 706 1102 766; x_wconf 91' lang='lat' dir='ltr'><strong>omnium</strong></span> <span class='ocrx_word' id='word_1_50' title='bbox 1133 705 1377 784; x_wconf 89' lang='lat' dir='ltr'><strong>adpulsu</strong></span> <span class='ocrx_word' id='word_1_51' title='bbox 1405 706 1670 782; x_wconf 88' lang='lat' dir='ltr'><strong>navigat,</strong></span> <span class='ocrx_word' id='word_1_52' title='bbox 1705 707 1811 766; x_wconf 85' lang='lat' dir='ltr'><strong>sed</strong></span> <span class='ocrx_word' id='word_1_53' title='bbox 1840 707 2019 786; x_wconf 71' lang='lat' dir='ltr'><strong>lucri,</strong></span> <span class='ocrx_word' id='word_1_54' title='bbox 2052 725 2171 767; x_wconf 90' lang='lat' dir='ltr'><strong>non</strong></span> 
     </span>
     <span class='ocr_line' id='line_1_8' title="bbox 179 790 2170 867; baseline 0 -16"><span class='ocrx_word' id='word_1_55' title='bbox 179 792 489 865; x_wconf 81' lang='lat' dir='ltr'><strong>scientiae,</strong></span> <span class='ocrx_word' id='word_1_56' title='bbox 535 790 736 866; x_wconf 88' lang='lat' dir='ltr'><strong>gratia.</strong></span> <span class='ocrx_word' id='word_1_57' title='bbox 789 806 901 849; x_wconf 90' lang='lat' dir='ltr'><strong>nec</strong></span> <span class='ocrx_word' id='word_1_58' title='bbox 941 797 1170 867; x_wconf 90' lang='lat' dir='ltr'><strong>reputat</strong></span> <span class='ocrx_word' id='word_1_59' title='bbox 1216 804 1396 848; x_wconf 86' lang='lat' dir='ltr'><strong>caeca</strong></span> <span class='ocrx_word' id='word_1_60' title='bbox 1434 806 1597 847; x_wconf 90' lang='lat' dir='ltr'><strong>mens</strong></span> <span class='ocrx_word' id='word_1_61' title='bbox 1638 798 1698 849; x_wconf 91' lang='lat' dir='ltr'><strong>et</strong></span> <span class='ocrx_word' id='word_1_62' title='bbox 1737 797 1951 850; x_wconf 88' lang='lat' dir='ltr'><strong>tantum</strong></span> <span class='ocrx_word' id='word_1_63' title='bbox 1982 794 2170 851; x_wconf 84' lang='lat' dir='ltr'><strong>avari-</strong></span> 
     </span>
     <span class='ocr_line' id='line_1_9' title="bbox 177 872 2172 953; baseline 0.001 -19"><span class='ocrx_word' id='word_1_64' title='bbox 177 877 294 935; x_wconf 87' lang='lat' dir='ltr'><strong>tiae</strong></span> <span class='ocrx_word' id='word_1_65' title='bbox 325 876 537 933; x_wconf 90' lang='lat' dir='ltr'><strong>intenta</strong></span> <span class='ocrx_word' id='word_1_66' title='bbox 568 872 624 932; x_wconf 92' lang='lat' dir='ltr'><strong>id</strong></span> <span class='ocrx_word' id='word_1_67' title='bbox 672 874 855 950; x_wconf 89' lang='lat' dir='ltr'><strong>ipsum</strong></span> <span class='ocrx_word' id='word_1_68' title='bbox 899 873 1137 932; x_wconf 87' lang='lat' dir='ltr'><strong>scientia</strong></span> <span class='ocrx_word' id='word_1_69' title='bbox 1178 888 1357 949; x_wconf 83' lang='lat' dir='ltr'><strong>posse</strong></span> <span class='ocrx_word' id='word_1_70' title='bbox 1401 873 1574 931; x_wconf 87' lang='lat' dir='ltr'><strong>tutius</strong></span> <span class='ocrx_word' id='word_1_71' title='bbox 1610 872 1754 932; x_wconf 85' lang='lat' dir='ltr'><strong>fieri.</strong></span> <span class='ocrx_word' id='word_1_72' title='bbox 1810 885 2172 953; x_wconf 87' lang='lat' dir='ltr'><strong>quapropter</strong></span> 
     </span>
     <span class='ocr_line' id='line_1_10' title="bbox 180 953 2170 1036; baseline 0 -18"><span class='ocrx_word' id='word_1_73' title='bbox 180 953 577 1035; x_wconf 81' lang='lat' dir='ltr'><strong>scrupulosius</strong></span> <span class='ocrx_word' id='word_1_74' title='bbox 608 973 775 1034; x_wconf 90' lang='lat' dir='ltr'><strong>quam</strong></span> <span class='ocrx_word' id='word_1_75' title='bbox 805 957 1056 1015; x_wconf 90' lang='lat' dir='ltr'><strong>instituto</strong></span> <span class='ocrx_word' id='word_1_76' title='bbox 1088 955 1354 1015; x_wconf 83' lang='lat' dir='ltr'><strong>fortassis</strong></span> <span class='ocrx_word' id='word_1_77' title='bbox 1382 957 1686 1016; x_wconf 84' lang='lat' dir='ltr'><strong>conveniat</strong></span> <span class='ocrx_word' id='word_1_78' title='bbox 1713 959 1880 1036; x_wconf 90' lang='lat' dir='ltr'><strong>operi</strong></span> <span class='ocrx_word' id='word_1_79' title='bbox 1902 958 2170 1019; x_wconf 85' lang='lat' dir='ltr'><strong>tractabo</strong></span> 
     </span>
     <span class='ocr_line' id='line_1_11' title="bbox 179 1039 2239 1116; baseline -0.004 -15"><span class='ocrx_word' id='word_1_80' title='bbox 179 1049 409 1116; x_wconf 82' lang='lat' dir='ltr'><strong>ventos,</strong></span> <span class='ocrx_word' id='word_1_81' title='bbox 440 1049 525 1100; x_wconf 92' lang='lat' dir='ltr'><strong>tot</strong></span> <span class='ocrx_word' id='word_1_82' title='bbox 549 1039 707 1102; x_wconf 85' lang='lat' dir='ltr'><strong>milia</strong></span> <span class='ocrx_word' id='word_1_83' title='bbox 736 1040 1117 1116; x_wconf 84' lang='lat' dir='ltr'><strong>navigantium</strong></span> <span class='ocrx_word' id='word_1_84' title='bbox 1148 1056 1413 1098; x_wconf 89' lang='lat' dir='ltr'><strong>cernens.</strong></span> <span class='ocrx_word' id='word_1_85' title='bbox 2188 1058 2239 1099; x_wconf 68' lang='grc' dir='ltr'><strong>ιο</strong></span> 
     </span>
     <span class='ocr_line' id='line_1_12' title="bbox 98 1120 2172 1201; baseline 0 -17"><span class='ocrx_word' id='word_1_86' title='bbox 98 1134 200 1190; x_wconf 86' lang='lat'><strong>119</strong></span> <span class='ocrx_word' id='word_1_87' title='bbox 322 1125 423 1184; x_wconf 90' lang='lat'><strong>47.</strong></span> <span class='ocrx_word' id='word_1_88' title='bbox 460 1122 628 1201; x_wconf 90' lang='grc'>(46.)</span> <span class='ocrx_word' id='word_1_89' title='bbox 662 1120 914 1181; x_wconf 84' lang='lat' dir='ltr'><strong>Veteres</strong></span> <span class='ocrx_word' id='word_1_90' title='bbox 958 1121 1224 1201; x_wconf 77' lang='lat' dir='ltr'><strong>quattuor</strong></span> <span class='ocrx_word' id='word_1_91' title='bbox 1266 1123 1491 1181; x_wconf 91' lang='lat' dir='ltr'><strong>omnino</strong></span> <span class='ocrx_word' id='word_1_92' title='bbox 1540 1140 1856 1183; x_wconf 82' lang='lat' dir='ltr'><strong>servavere</strong></span> <span class='ocrx_word' id='word_1_93' title='bbox 1897 1142 2009 1201; x_wconf 89' lang='lat' dir='ltr'><strong>per</strong></span> <span class='ocrx_word' id='word_1_94' title='bbox 2036 1127 2172 1185; x_wconf 87' lang='lat' dir='ltr'><strong>toti-</strong></span> 
     </span>
     <span class='ocr_line' id='line_1_13' title="bbox 180 1205 2171 1285; baseline 0 -17"><span class='ocrx_word' id='word_1_95' title='bbox 180 1208 311 1268; x_wconf 91' lang='lat' dir='ltr'><strong>dem</strong></span> <span class='ocrx_word' id='word_1_96' title='bbox 337 1207 528 1266; x_wconf 90' lang='lat' dir='ltr'><strong>mundi</strong></span> <span class='ocrx_word' id='word_1_97' title='bbox 559 1207 737 1285; x_wconf 84' lang='lat' dir='ltr'><strong>partis</strong></span> <span class='ocrx_word' id='word_1_98' title='bbox 771 1205 939 1283; x_wconf 91' lang='lat' dir='ltr'><strong>(ideo</strong></span> <span class='ocrx_word' id='word_1_99' title='bbox 970 1224 1082 1266; x_wconf 92' lang='lat' dir='ltr'><strong>nec</strong></span> <span class='ocrx_word' id='word_1_100' title='bbox 1103 1205 1389 1265; x_wconf 88' lang='lat' dir='ltr'><strong>Homerus</strong></span> <span class='ocrx_word' id='word_1_101' title='bbox 1418 1205 1599 1283; x_wconf 91' lang='lat' dir='ltr'><strong>pluris</strong></span> <span class='ocrx_word' id='word_1_102' title='bbox 1629 1206 1911 1284; x_wconf 89' lang='lat' dir='ltr'><strong>nominat)</strong></span> <span class='ocrx_word' id='word_1_103' title='bbox 1944 1207 2171 1284; x_wconf 87' lang='lat' dir='ltr'><strong>hebeti,</strong></span> 
     </span>
     <span class='ocr_line' id='line_1_14' title="bbox 177 1289 2174 1364; baseline 0.001 -14"><span class='ocrx_word' id='word_1_104' title='bbox 177 1300 238 1350; x_wconf 90' lang='lat' dir='ltr'><strong>ut</strong></span> <span class='ocrx_word' id='word_1_105' title='bbox 268 1308 405 1350; x_wconf 86' lang='lat' dir='ltr'><strong>mox</strong></span> <span class='ocrx_word' id='word_1_106' title='bbox 437 1291 740 1350; x_wconf 89' lang='lat' dir='ltr'><strong>iudicatum</strong></span> <span class='ocrx_word' id='word_1_107' title='bbox 773 1298 882 1364; x_wconf 91' lang='lat' dir='ltr'><strong>est,</strong></span> <span class='ocrx_word' id='word_1_108' title='bbox 914 1290 1158 1350; x_wconf 89' lang='lat' dir='ltr'><strong>ratione.</strong></span> <span class='ocrx_word' id='word_1_109' title='bbox 1197 1297 1396 1348; x_wconf 88' lang='lat' dir='ltr'><strong>secuta</strong></span> <span class='ocrx_word' id='word_1_110' title='bbox 1418 1297 1579 1348; x_wconf 89' lang='lat' dir='ltr'><strong>aetas</strong></span> <span class='ocrx_word' id='word_1_111' title='bbox 1604 1299 1738 1348; x_wconf 89' lang='lat' dir='ltr'><strong>octo</strong></span> <span class='ocrx_word' id='word_1_112' title='bbox 1762 1289 1982 1350; x_wconf 83' lang='lat' dir='ltr'><strong>addidit</strong></span> <span class='ocrx_word' id='word_1_113' title='bbox 2002 1292 2174 1351; x_wconf 86' lang='lat' dir='ltr'><strong>nimis</strong></span> 
     </span>
     <span class='ocr_line' id='line_1_15' title="bbox 177 1372 2175 1454; baseline 0.001 -20"><span class='ocrx_word' id='word_1_114' title='bbox 177 1372 371 1434; x_wconf 89' lang='lat' dir='ltr'><strong>subtili</strong></span> <span class='ocrx_word' id='word_1_115' title='bbox 402 1383 573 1454; x_wconf 89' lang='lat' dir='ltr'><strong>atque</strong></span> <span class='ocrx_word' id='word_1_116' title='bbox 606 1374 860 1433; x_wconf 88' lang='lat' dir='ltr'><strong>concisa.</strong></span> <span class='ocrx_word' id='word_1_117' title='bbox 914 1374 1208 1452; x_wconf 86' lang='lat' dir='ltr'><strong>proxumis</strong></span> <span class='ocrx_word' id='word_1_118' title='bbox 1231 1374 1381 1431; x_wconf 90' lang='lat' dir='ltr'><strong>inter</strong></span> <span class='ocrx_word' id='word_1_119' title='bbox 1411 1381 1708 1452; x_wconf 89' lang='lat' dir='ltr'><strong>utramque</strong></span> <span class='ocrx_word' id='word_1_120' title='bbox 1738 1374 1927 1433; x_wconf 90' lang='lat' dir='ltr'><strong>media</strong></span> <span class='ocrx_word' id='word_1_121' title='bbox 1950 1375 2175 1452; x_wconf 86' lang='lat' dir='ltr'><strong>placuit</strong></span> 
     </span>
     <span class='ocr_line' id='line_1_16' title="bbox 176 1456 2243 1535; baseline -0.002 -17"><span class='ocrx_word' id='word_1_122' title='bbox 176 1457 249 1518; x_wconf 88' lang='lat' dir='ltr'><strong>ad</strong></span> <span class='ocrx_word' id='word_1_123' title='bbox 282 1457 522 1519; x_wconf 85' lang='lat' dir='ltr'><strong>brevem</strong></span> <span class='ocrx_word' id='word_1_124' title='bbox 554 1476 629 1518; x_wconf 84' lang='lat' dir='ltr'><strong>ex</strong></span> <span class='ocrx_word' id='word_1_125' title='bbox 667 1473 972 1517; x_wconf 89' lang='lat' dir='ltr'><strong>numerosa</strong></span> <span class='ocrx_word' id='word_1_126' title='bbox 1024 1456 1232 1517; x_wconf 89' lang='lat' dir='ltr'><strong>additis</strong></span> <span class='ocrx_word' id='word_1_127' title='bbox 1263 1465 1547 1535; x_wconf 90' lang='lat' dir='ltr'><strong>quattuor.</strong></span> <span class='ocrx_word' id='word_1_128' title='bbox 1607 1457 1747 1515; x_wconf 91' lang='lat' dir='ltr'><strong>Sunt</strong></span> <span class='ocrx_word' id='word_1_129' title='bbox 1782 1474 1926 1533; x_wconf 87' lang='lat' dir='ltr'><strong>ergo</strong></span> <span class='ocrx_word' id='word_1_130' title='bbox 1962 1457 2171 1519; x_wconf 83' lang='lat' dir='ltr'><strong>biniin</strong></span> <span class='ocrx_word' id='word_1_131' title='bbox 2193 1473 2243 1514; x_wconf 64' lang='grc' dir='ltr'><strong>ιε,</strong></span> 
     </span>
     <span class='ocr_line' id='line_1_17' title="bbox 182 1539 2171 1620; baseline 0 -19"><span class='ocrx_word' id='word_1_132' title='bbox 182 1549 448 1620; x_wconf 88' lang='lat' dir='ltr'><strong>quattuor</strong></span> <span class='ocrx_word' id='word_1_133' title='bbox 481 1542 631 1602; x_wconf 92' lang='lat' dir='ltr'><strong>caeli</strong></span> <span class='ocrx_word' id='word_1_134' title='bbox 662 1540 949 1620; x_wconf 89' lang='lat' dir='ltr'><strong>partibus,</strong></span> <span class='ocrx_word' id='word_1_135' title='bbox 992 1539 1065 1600; x_wconf 91' lang='lat' dir='ltr'><strong>ab</strong></span> <span class='ocrx_word' id='word_1_136' title='bbox 1100 1541 1325 1599; x_wconf 89' lang='lat' dir='ltr'><strong>oriente</strong></span> <span class='ocrx_word' id='word_1_137' title='bbox 1357 1540 1762 1617; x_wconf 86' lang='lat' dir='ltr'><strong>aequinoctiali</strong></span> <span class='ocrx_word' id='word_1_138' title='bbox 1797 1539 2171 1618; x_wconf 86' lang='lat' dir='ltr'><strong>subsolanus,</strong></span> 
     </span>
     <span class='ocr_line' id='line_1_18' title="bbox 182 1622 2175 1700; baseline -0.001 -15"><span class='ocrx_word' id='word_1_139' title='bbox 182 1625 254 1685; x_wconf 88' lang='lat' dir='ltr'><strong>ab</strong></span> <span class='ocrx_word' id='word_1_140' title='bbox 300 1627 524 1686; x_wconf 88' lang='lat' dir='ltr'><strong>oriente</strong></span> <span class='ocrx_word' id='word_1_141' title='bbox 569 1624 810 1685; x_wconf 90' lang='lat' dir='ltr'><strong>brumali</strong></span> <span class='ocrx_word' id='word_1_142' title='bbox 838 1624 1154 1694; x_wconf 51' lang='lat' dir='ltr'><strong>toltumus.</strong></span> <span class='ocrx_word' id='word_1_143' title='bbox 1214 1623 1371 1683; x_wconf 88' lang='lat' dir='ltr'><strong>illum</strong></span> <span class='ocrx_word' id='word_1_144' title='bbox 1402 1623 1729 1700; x_wconf 89' lang='lat' dir='ltr'><strong>apelioten,</strong></span> <span class='ocrx_word' id='word_1_145' title='bbox 1775 1622 1924 1683; x_wconf 91' lang='lat' dir='ltr'><strong>hunc</strong></span> <span class='ocrx_word' id='word_1_146' title='bbox 1958 1623 2175 1686; x_wconf 82' lang='lat' dir='ltr'><strong>Graeci</strong></span> 
     </span>
     <span class='ocr_line' id='line_1_19' title="bbox 182 1705 2174 1787; baseline 0.001 -20"><span class='ocrx_word' id='word_1_147' title='bbox 182 1725 379 1769; x_wconf 88' lang='lat' dir='ltr'><strong>eurum</strong></span> <span class='ocrx_word' id='word_1_148' title='bbox 410 1707 722 1787; x_wconf 89' lang='lat' dir='ltr'><strong>appellant.</strong></span> <span class='ocrx_word' id='word_1_149' title='bbox 757 1723 789 1768; x_wconf 84' lang='lat' dir='ltr'><strong>a</strong></span> <span class='ocrx_word' id='word_1_150' title='bbox 823 1707 1062 1767; x_wconf 88' lang='lat' dir='ltr'><strong>meridie</strong></span> <span class='ocrx_word' id='word_1_151' title='bbox 1097 1716 1292 1767; x_wconf 90' lang='lat' dir='ltr'><strong>auster</strong></span> <span class='ocrx_word' id='word_1_152' title='bbox 1327 1716 1385 1766; x_wconf 89' lang='lat' dir='ltr'><strong>et</strong></span> <span class='ocrx_word' id='word_1_153' title='bbox 1409 1706 1481 1765; x_wconf 84' lang='lat' dir='ltr'><strong>ab</strong></span> <span class='ocrx_word' id='word_1_154' title='bbox 1509 1723 1725 1766; x_wconf 90' lang='lat' dir='ltr'><strong>occasu</strong></span> <span class='ocrx_word' id='word_1_155' title='bbox 1746 1705 1993 1767; x_wconf 90' lang='lat' dir='ltr'><strong>brumali</strong></span> <span class='ocrx_word' id='word_1_156' title='bbox 2015 1707 2174 1769; x_wconf 86' lang='lat' dir='ltr'><strong>Afri·</strong></span> 
     </span>
     <span class='ocr_line' id='line_1_20' title="bbox 182 1791 2170 1871; baseline 0 -19"><span class='ocrx_word' id='word_1_157' title='bbox 182 1808 303 1852; x_wconf 90' lang='lat' dir='ltr'><strong>cus.</strong></span> <span class='ocrx_word' id='word_1_158' title='bbox 329 1801 507 1852; x_wconf 89' lang='lat' dir='ltr'><strong>noton</strong></span> <span class='ocrx_word' id='word_1_159' title='bbox 530 1800 588 1851; x_wconf 90' lang='lat' dir='ltr'><strong>et</strong></span> <span class='ocrx_word' id='word_1_160' title='bbox 611 1791 751 1852; x_wconf 88' lang='lat' dir='ltr'><strong>Liba</strong></span> <span class='ocrx_word' id='word_1_161' title='bbox 773 1792 1079 1852; x_wconf 87' lang='lat' dir='ltr'><strong>nominant.</strong></span> <span class='ocrx_word' id='word_1_162' title='bbox 1107 1791 1179 1852; x_wconf 92' lang='lat' dir='ltr'><strong>ab</strong></span> <span class='ocrx_word' id='word_1_163' title='bbox 1206 1807 1423 1851; x_wconf 88' lang='lat' dir='ltr'><strong>occasu</strong></span> <span class='ocrx_word' id='word_1_164' title='bbox 1447 1792 1854 1870; x_wconf 86' lang='lat' dir='ltr'><strong>aequinoctiali</strong></span> <span class='ocrx_word' id='word_1_165' title='bbox 1876 1792 2170 1871; x_wconf 83' lang='lat' dir='ltr'><strong>favonius,</strong></span> 
     </span>
     <span class='ocr_line' id='line_1_21' title="bbox 181 1875 2244 1954; baseline 0.001 -19"><span class='ocrx_word' id='word_1_166' title='bbox 181 1876 253 1935; x_wconf 91' lang='lat' dir='ltr'><strong>ab</strong></span> <span class='ocrx_word' id='word_1_167' title='bbox 286 1893 502 1936; x_wconf 89' lang='lat' dir='ltr'><strong>occasu</strong></span> <span class='ocrx_word' id='word_1_168' title='bbox 533 1875 819 1936; x_wconf 86' lang='lat' dir='ltr'><strong>solstitiali</strong></span> <span class='ocrx_word' id='word_1_169' title='bbox 855 1891 1044 1935; x_wconf 88' lang='lat' dir='ltr'><strong>corus.</strong></span> <span class='ocrx_word' id='word_1_170' title='bbox 1100 1875 1412 1954; x_wconf 76' lang='lat' dir='ltr'><strong>zephyrum</strong></span> <span class='ocrx_word' id='word_1_171' title='bbox 1458 1884 1518 1934; x_wconf 93' lang='lat' dir='ltr'><strong>et</strong></span> <span class='ocrx_word' id='word_1_172' title='bbox 1559 1884 1832 1953; x_wconf 86' lang='lat' dir='ltr'><strong>argesten</strong></span> <span class='ocrx_word' id='word_1_173' title='bbox 1862 1886 2096 1937; x_wconf 82' lang='lat' dir='ltr'><strong>vocant.</strong></span> <span class='ocrx_word' id='word_1_174' title='bbox 2139 1895 2244 1938; x_wconf 71' lang='lat' dir='ltr'><strong>azo</strong></span> 
     </span>
     <span class='ocr_line' id='line_1_22' title="bbox 182 1958 2177 2038; baseline 0.002 -22"><span class='ocrx_word' id='word_1_175' title='bbox 182 1958 668 2038; x_wconf 88' lang='lat' dir='ltr'><strong>septentrionibus</strong></span> <span class='ocrx_word' id='word_1_176' title='bbox 715 1960 1067 2036; x_wconf 90' lang='lat' dir='ltr'><strong>septentrio,</strong></span> <span class='ocrx_word' id='word_1_177' title='bbox 1113 1960 1377 2038; x_wconf 89' lang='lat' dir='ltr'><strong>interque</strong></span> <span class='ocrx_word' id='word_1_178' title='bbox 1415 1977 1543 2018; x_wconf 89' lang='lat' dir='ltr'><strong>eum</strong></span> <span class='ocrx_word' id='word_1_179' title='bbox 1578 1969 1638 2019; x_wconf 87' lang='lat' dir='ltr'><strong>et</strong></span> <span class='ocrx_word' id='word_1_180' title='bbox 1677 1968 1943 2020; x_wconf 85' lang='lat' dir='ltr'><strong>exortum</strong></span> <span class='ocrx_word' id='word_1_181' title='bbox 1978 1960 2177 2021; x_wconf 87' lang='lat' dir='ltr'><strong>solsti·&#39;</strong></span> 
     </span>
     <span class='ocr_line' id='line_1_23' title="bbox 93 2042 2172 2121; baseline 0.001 -20"><span class='ocrx_word' id='word_1_182' title='bbox 93 2048 199 2104; x_wconf 83' lang='lat'><strong>120</strong></span> <span class='ocrx_word' id='word_1_183' title='bbox 223 2042 419 2111; x_wconf 89' lang='lat' dir='ltr'><strong>tialem</strong></span> <span class='ocrx_word' id='word_1_184' title='bbox 449 2042 674 2121; x_wconf 90' lang='lat' dir='ltr'><strong>aquilo,</strong></span> <span class='ocrx_word' id='word_1_185' title='bbox 730 2044 1014 2120; x_wconf 87' lang='lat' dir='ltr'><strong>aparctias</strong></span> <span class='ocrx_word' id='word_1_186' title='bbox 1062 2051 1120 2102; x_wconf 90' lang='lat' dir='ltr'><strong>et</strong></span> <span class='ocrx_word' id='word_1_187' title='bbox 1147 2042 1364 2102; x_wconf 90' lang='lat' dir='ltr'><strong>boreas</strong></span> <span class='ocrx_word' id='word_1_188' title='bbox 1393 2042 1551 2102; x_wconf 88' lang='lat' dir='ltr'><strong>dicti.</strong></span> <span class='ocrx_word' id='word_1_189' title='bbox 1609 2043 1992 2104; x_wconf 90' lang='lat' dir='ltr'><strong>Numerosior</strong></span> <span class='ocrx_word' id='word_1_190' title='bbox 2020 2045 2172 2104; x_wconf 87' lang='lat' dir='ltr'><strong>ratio</strong></span> 
     </span>
     <span class='ocr_line' id='line_1_24' title="bbox 181 2126 2172 2206; baseline 0.002 -21"><span class='ocrx_word' id='word_1_191' title='bbox 181 2135 449 2206; x_wconf 91' lang='lat' dir='ltr'><strong>quattuor</strong></span> <span class='ocrx_word' id='word_1_192' title='bbox 477 2127 565 2186; x_wconf 90' lang='lat' dir='ltr'><strong>his</strong></span> <span class='ocrx_word' id='word_1_193' title='bbox 595 2127 996 2202; x_wconf 89' lang='lat' dir='ltr'><strong>interiecerat,</strong></span> <span class='ocrx_word' id='word_1_194' title='bbox 1042 2126 1331 2186; x_wconf 89' lang='lat' dir='ltr'><strong>thrascian</strong></span> <span class='ocrx_word' id='word_1_195' title='bbox 1374 2127 1564 2186; x_wconf 90' lang='lat' dir='ltr'><strong>media</strong></span> <span class='ocrx_word' id='word_1_196' title='bbox 1607 2127 1850 2203; x_wconf 84' lang='lat' dir='ltr'><strong>regione</strong></span> <span class='ocrx_word' id='word_1_197' title='bbox 1895 2129 2046 2188; x_wconf 88' lang='lat' dir='ltr'><strong>inter</strong></span> <span class='ocrx_word' id='word_1_198' title='bbox 2078 2146 2172 2188; x_wconf 89' lang='lat' dir='ltr'><strong>se-</strong></span> 
     </span>
     <span class='ocr_line' id='line_1_25' title="bbox 176 2209 2175 2290; baseline 0.003 -22"><span class='ocrx_word' id='word_1_199' title='bbox 176 2211 562 2289; x_wconf 89' lang='lat' dir='ltr'><strong>ptentrionem</strong></span> <span class='ocrx_word' id='word_1_200' title='bbox 594 2220 652 2270; x_wconf 90' lang='lat' dir='ltr'><strong>et</strong></span> <span class='ocrx_word' id='word_1_201' title='bbox 681 2228 949 2270; x_wconf 88' lang='lat' dir='ltr'><strong>occasum</strong></span> <span class='ocrx_word' id='word_1_202' title='bbox 981 2209 1373 2286; x_wconf 88' lang='lat' dir='ltr'><strong>solstitialem,</strong></span> <span class='ocrx_word' id='word_1_203' title='bbox 1420 2212 1673 2290; x_wconf 83' lang='lat' dir='ltr'><strong>itemque</strong></span> <span class='ocrx_word' id='word_1_204' title='bbox 1709 2211 1951 2272; x_wconf 87' lang='lat' dir='ltr'><strong>caecian</strong></span> <span class='ocrx_word' id='word_1_205' title='bbox 1980 2213 2175 2273; x_wconf 86' lang='lat' dir='ltr'><strong>media</strong></span> 
     </span>
     <span class='ocr_line' id='line_1_26' title="bbox 174 2293 2245 2373; baseline 0.002 -21"><span class='ocrx_word' id='word_1_206' title='bbox 174 2294 326 2353; x_wconf 88' lang='lat' dir='ltr'><strong>inter</strong></span> <span class='ocrx_word' id='word_1_207' title='bbox 356 2295 681 2373; x_wconf 90' lang='lat' dir='ltr'><strong>aquilonem</strong></span> <span class='ocrx_word' id='word_1_208' title='bbox 718 2303 777 2354; x_wconf 89' lang='lat' dir='ltr'><strong>et</strong></span> <span class='ocrx_word' id='word_1_209' title='bbox 803 2303 1063 2355; x_wconf 85' lang='lat' dir='ltr'><strong>exortum</strong></span> <span class='ocrx_word' id='word_1_210' title='bbox 1097 2294 1580 2372; x_wconf 90' lang='lat' dir='ltr'><strong>aequinoctialem</strong></span> <span class='ocrx_word' id='word_1_211' title='bbox 1604 2293 1675 2353; x_wconf 89' lang='lat' dir='ltr'><strong>ab</strong></span> <span class='ocrx_word' id='word_1_212' title='bbox 1703 2303 1831 2353; x_wconf 89' lang='lat' dir='ltr'><strong>ortu</strong></span> <span class='ocrx_word' id='word_1_213' title='bbox 1854 2295 2170 2372; x_wconf 84' lang='lat' dir='ltr'><strong>solstitiali,</strong></span> <span class='ocrx_word' id='word_1_214' title='bbox 2191 2315 2245 2356; x_wconf 62' lang='grc' dir='ltr'><strong><em>κ</em></strong></span> 
     </span>
     <span class='ocr_line' id='line_1_27' title="bbox 175 2377 2173 2454; baseline 0 -16"><span class='ocrx_word' id='word_1_215' title='bbox 175 2377 527 2438; x_wconf 87' lang='lat' dir='ltr'><strong>Phoenician</strong></span> <span class='ocrx_word' id='word_1_216' title='bbox 550 2378 738 2438; x_wconf 89' lang='lat' dir='ltr'><strong>media</strong></span> <span class='ocrx_word' id='word_1_217' title='bbox 767 2379 1011 2453; x_wconf 85' lang='lat' dir='ltr'><strong>regione</strong></span> <span class='ocrx_word' id='word_1_218' title='bbox 1040 2378 1190 2437; x_wconf 87' lang='lat' dir='ltr'><strong>inter</strong></span> <span class='ocrx_word' id='word_1_219' title='bbox 1219 2387 1402 2437; x_wconf 90' lang='lat' dir='ltr'><strong>ortum</strong></span> <span class='ocrx_word' id='word_1_220' title='bbox 1425 2377 1741 2437; x_wconf 88' lang='lat' dir='ltr'><strong>brumalem</strong></span> <span class='ocrx_word' id='word_1_221' title='bbox 1765 2387 1823 2437; x_wconf 89' lang='lat' dir='ltr'><strong>et</strong></span> <span class='ocrx_word' id='word_1_222' title='bbox 1844 2379 2173 2454; x_wconf 88' lang='lat' dir='ltr'><strong>meridiem,</strong></span> 
     </span>
     <span class='ocr_line' id='line_1_28' title="bbox 175 2460 2245 2541; baseline 0.001 -21"><span class='ocrx_word' id='word_1_223' title='bbox 175 2462 315 2521; x_wconf 90' lang='lat' dir='ltr'><strong>item</strong></span> <span class='ocrx_word' id='word_1_224' title='bbox 345 2462 493 2520; x_wconf 91' lang='lat' dir='ltr'><strong>inter</strong></span> <span class='ocrx_word' id='word_1_225' title='bbox 520 2462 658 2522; x_wconf 90' lang='lat' dir='ltr'><strong>Liba</strong></span> <span class='ocrx_word' id='word_1_226' title='bbox 692 2471 749 2522; x_wconf 90' lang='lat' dir='ltr'><strong>et</strong></span> <span class='ocrx_word' id='word_1_227' title='bbox 777 2471 954 2521; x_wconf 90' lang='lat' dir='ltr'><strong>noton</strong></span> <span class='ocrx_word' id='word_1_228' title='bbox 984 2462 1345 2539; x_wconf 89' lang='lat' dir='ltr'><strong>conpositum</strong></span> <span class='ocrx_word' id='word_1_229' title='bbox 1378 2479 1453 2521; x_wconf 84' lang='lat' dir='ltr'><strong>ex</strong></span> <span class='ocrx_word' id='word_1_230' title='bbox 1481 2471 1726 2541; x_wconf 89' lang='lat' dir='ltr'><strong>utroque</strong></span> <span class='ocrx_word' id='word_1_231' title='bbox 1750 2462 2001 2522; x_wconf 88' lang='lat' dir='ltr'><strong>medium</strong></span> <span class='ocrx_word' id='word_1_232' title='bbox 2022 2464 2178 2523; x_wconf 88' lang='lat' dir='ltr'><strong>inter</strong></span> <span class='ocrx_word' id='word_1_233' title='bbox 2240 2460 2245 2465; x_wconf 79' lang='grc'><strong><em>’</em></strong></span> 
     </span>
     <span class='ocr_line' id='line_1_29' title="bbox 174 2544 2175 2607; baseline 0 -2"><span class='ocrx_word' id='word_1_234' title='bbox 174 2545 472 2605; x_wconf 89' lang='lat' dir='ltr'><strong>meridiem</strong></span> <span class='ocrx_word' id='word_1_235' title='bbox 508 2555 565 2605; x_wconf 90' lang='lat' dir='ltr'><strong>et</strong></span> <span class='ocrx_word' id='word_1_236' title='bbox 594 2545 891 2607; x_wconf 88' lang='lat' dir='ltr'><strong>hibernum</strong></span> <span class='ocrx_word' id='word_1_237' title='bbox 927 2545 1292 2605; x_wconf 88' lang='lat' dir='ltr'><strong>occidentem</strong></span> <span class='ocrx_word' id='word_1_238' title='bbox 1321 2545 1662 2607; x_wconf 90' lang='lat' dir='ltr'><strong>Libonoton.</strong></span> <span class='ocrx_word' id='word_1_239' title='bbox 1726 2544 1853 2604; x_wconf 92' lang='lat' dir='ltr'><strong>Nec</strong></span> <span class='ocrx_word' id='word_1_240' title='bbox 1886 2546 2034 2605; x_wconf 85' lang='lat' dir='ltr'><strong>finis.</strong></span> <span class='ocrx_word' id='word_1_241' title='bbox 2073 2546 2175 2607; x_wconf 82' lang='lat' dir='ltr'><strong>alii</strong></span> 
     </span>
     <span class='ocr_line' id='line_1_30' title="bbox 174 2629 2173 2709; baseline 0.002 -21"><span class='ocrx_word' id='word_1_242' title='bbox 174 2630 391 2709; x_wconf 84' lang='lat' dir='ltr'><strong>quippe</strong></span> <span class='ocrx_word' id='word_1_243' title='bbox 415 2648 615 2689; x_wconf 90' lang='lat' dir='ltr'><strong>mesen</strong></span> <span class='ocrx_word' id='word_1_244' title='bbox 637 2631 865 2689; x_wconf 91' lang='lat' dir='ltr'><strong>nomine</strong></span> <span class='ocrx_word' id='word_1_245' title='bbox 898 2630 1201 2690; x_wconf 88' lang='lat' dir='ltr'><strong>etiamnum</strong></span> <span class='ocrx_word' id='word_1_246' title='bbox 1221 2629 1498 2689; x_wconf 88' lang='lat' dir='ltr'><strong>addidere</strong></span> <span class='ocrx_word' id='word_1_247' title='bbox 1531 2631 1681 2688; x_wconf 87' lang='lat' dir='ltr'><strong>inter</strong></span> <span class='ocrx_word' id='word_1_248' title='bbox 1701 2629 1926 2688; x_wconf 89' lang='lat' dir='ltr'><strong>borean</strong></span> <span class='ocrx_word' id='word_1_249' title='bbox 1951 2637 2011 2690; x_wconf 90' lang='lat' dir='ltr'><strong>et</strong></span> <span class='ocrx_word' id='word_1_250' title='bbox 2034 2648 2173 2691; x_wconf 86' lang='lat' dir='ltr'><strong>cae·</strong></span> 
     </span>
     <span class='ocr_line' id='line_1_31' title="bbox 175 2714 2249 2793; baseline 0 -20"><span class='ocrx_word' id='word_1_251' title='bbox 175 2714 326 2789; x_wconf 89' lang='lat' dir='ltr'><strong>cian,</strong></span> <span class='ocrx_word' id='word_1_252' title='bbox 360 2722 419 2772; x_wconf 90' lang='lat' dir='ltr'><strong>et</strong></span> <span class='ocrx_word' id='word_1_253' title='bbox 451 2714 599 2773; x_wconf 90' lang='lat' dir='ltr'><strong>inter</strong></span> <span class='ocrx_word' id='word_1_254' title='bbox 630 2732 826 2774; x_wconf 91' lang='lat' dir='ltr'><strong>eurum</strong></span> <span class='ocrx_word' id='word_1_255' title='bbox 844 2721 1154 2791; x_wconf 88' lang='lat' dir='ltr'><strong>notumque</strong></span> <span class='ocrx_word' id='word_1_256' title='bbox 1188 2721 1529 2772; x_wconf 89' lang='lat' dir='ltr'><strong>euronoton.</strong></span> <span class='ocrx_word' id='word_1_257' title='bbox 1575 2714 1716 2774; x_wconf 90' lang='lat' dir='ltr'><strong>Sunt</strong></span> <span class='ocrx_word' id='word_1_258' title='bbox 1742 2714 1913 2773; x_wconf 90' lang='lat' dir='ltr'><strong>etiam</strong></span> <span class='ocrx_word' id='word_1_259' title='bbox 1939 2714 2172 2793; x_wconf 89' lang='lat' dir='ltr'><strong>quidam</strong></span> <span class='ocrx_word' id='word_1_260' title='bbox 2192 2730 2249 2774; x_wconf 72' lang='lat' dir='ltr'><strong>ao</strong></span> 
     </span>
     <span class='ocr_line' id='line_1_32' title="bbox 173 2796 2173 2877; baseline 0 -20"><span class='ocrx_word' id='word_1_261' title='bbox 173 2797 504 2876; x_wconf 90' lang='lat' dir='ltr'><strong>peculiares</strong></span> <span class='ocrx_word' id='word_1_262' title='bbox 553 2798 874 2877; x_wconf 90' lang='lat' dir='ltr'><strong>quibusque</strong></span> <span class='ocrx_word' id='word_1_263' title='bbox 916 2796 1186 2875; x_wconf 86' lang='lat' dir='ltr'><strong>gentibus</strong></span> <span class='ocrx_word' id='word_1_264' title='bbox 1214 2797 1402 2871; x_wconf 86' lang='lat' dir='ltr'><strong>venti,</strong></span> <span class='ocrx_word' id='word_1_265' title='bbox 1448 2814 1564 2856; x_wconf 89' lang='lat' dir='ltr'><strong>non</strong></span> <span class='ocrx_word' id='word_1_266' title='bbox 1593 2796 1741 2856; x_wconf 91' lang='lat' dir='ltr'><strong>ultra</strong></span> <span class='ocrx_word' id='word_1_267' title='bbox 1772 2806 1998 2857; x_wconf 86' lang='lat' dir='ltr'><strong>certum</strong></span> <span class='ocrx_word' id='word_1_268' title='bbox 2030 2814 2173 2876; x_wconf 87' lang='lat' dir='ltr'><strong>pro-</strong></span> 
     </span>
     <span class='ocr_line' id='line_1_33' title="bbox 174 2879 2174 2958; baseline 0.001 -18"><span class='ocrx_word' id='word_1_269' title='bbox 174 2880 455 2941; x_wconf 90' lang='lat' dir='ltr'><strong>cedentes</strong></span> <span class='ocrx_word' id='word_1_270' title='bbox 476 2890 737 2956; x_wconf 76' lang='lat' dir='ltr'><strong>tractum,</strong></span> <span class='ocrx_word' id='word_1_271' title='bbox 775 2890 835 2940; x_wconf 86' lang='lat' dir='ltr'><strong>ut</strong></span> <span class='ocrx_word' id='word_1_272' title='bbox 866 2879 1314 2940; x_wconf 88' lang='lat' dir='ltr'><strong>Atheniensibus</strong></span> <span class='ocrx_word' id='word_1_273' title='bbox 1353 2880 1577 2954; x_wconf 64' lang='lat' dir='ltr'><strong>sciron,</strong></span> <span class='ocrx_word' id='word_1_274' title='bbox 1609 2880 1785 2958; x_wconf 90' lang='lat' dir='ltr'><strong>paulo</strong></span> <span class='ocrx_word' id='word_1_275' title='bbox 1823 2880 1897 2940; x_wconf 90' lang='lat' dir='ltr'><strong>ab</strong></span> <span class='ocrx_word' id='word_1_276' title='bbox 1931 2889 2174 2958; x_wconf 85' lang='lat' dir='ltr'><strong>argeste</strong></span> 
     </span>
     <span class='ocr_line' id='line_1_34' title="bbox 175 2963 2176 3044; baseline 0.001 -20"><span class='ocrx_word' id='word_1_277' title='bbox 175 2964 477 3041; x_wconf 76' lang='lat' dir='ltr'><strong>deflexus,</strong></span> <span class='ocrx_word' id='word_1_278' title='bbox 543 2965 805 3044; x_wconf 89' lang='lat' dir='ltr'><strong>reliquae</strong></span> <span class='ocrx_word' id='word_1_279' title='bbox 858 2963 1137 3025; x_wconf 84' lang='lat' dir='ltr'><strong>Graeciae</strong></span> <span class='ocrx_word' id='word_1_280' title='bbox 1191 2966 1438 3040; x_wconf 89' lang='lat' dir='ltr'><strong>ignotus.</strong></span> <span class='ocrx_word' id='word_1_281' title='bbox 1500 2964 1676 3025; x_wconf 90' lang='lat' dir='ltr'><strong>aliubi</strong></span> <span class='ocrx_word' id='word_1_282' title='bbox 1744 2964 1954 3023; x_wconf 87' lang='lat' dir='ltr'><strong>elatior</strong></span> <span class='ocrx_word' id='word_1_283' title='bbox 2014 2965 2176 3026; x_wconf 88' lang='lat' dir='ltr'><strong>idem</strong></span> 
     </span>
     <span class='ocr_line' id='line_1_35' title="bbox 92 3044 2174 3125; baseline -0.001 -15"><span class='ocrx_word' id='word_1_284' title='bbox 92 3057 193 3110; x_wconf 70' lang='lat'><strong>121</strong></span> <span class='ocrx_word' id='word_1_285' title='bbox 220 3044 515 3125; x_wconf 77' lang='lat' dir='ltr'><strong>Olympias</strong></span> <span class='ocrx_word' id='word_1_286' title='bbox 557 3057 814 3108; x_wconf 83' lang='lat' dir='ltr'><strong>vocatur.</strong></span> <span class='ocrx_word' id='word_1_287' title='bbox 876 3045 1247 3108; x_wconf 88' lang='lat' dir='ltr'><strong>Consuetudo</strong></span> <span class='ocrx_word' id='word_1_288' title='bbox 1280 3047 1540 3107; x_wconf 89' lang='lat' dir='ltr'><strong>omnibus</strong></span> <span class='ocrx_word' id='word_1_289' title='bbox 1580 3048 1670 3108; x_wconf 89' lang='lat' dir='ltr'><strong>bis</strong></span> <span class='ocrx_word' id='word_1_290' title='bbox 1714 3047 2037 3108; x_wconf 90' lang='lat' dir='ltr'><strong>nominibus</strong></span> <span class='ocrx_word' id='word_1_291' title='bbox 2079 3065 2174 3108; x_wconf 85' lang='lat' dir='ltr'><strong>ar·</strong></span> 
     </span>
     <span class='ocr_line' id='line_1_36' title="bbox 173 3130 2250 3211; baseline 0.004 -24"><span class='ocrx_word' id='word_1_292' title='bbox 173 3138 388 3207; x_wconf 88' lang='lat' dir='ltr'><strong>gesten</strong></span> <span class='ocrx_word' id='word_1_293' title='bbox 416 3131 711 3208; x_wconf 86' lang='lat' dir='ltr'><strong>intellegi,</strong></span> <span class='ocrx_word' id='word_1_294' title='bbox 762 3140 823 3191; x_wconf 88' lang='lat' dir='ltr'><strong>et</strong></span> <span class='ocrx_word' id='word_1_295' title='bbox 864 3133 1102 3191; x_wconf 89' lang='lat' dir='ltr'><strong>caecian</strong></span> <span class='ocrx_word' id='word_1_296' title='bbox 1132 3132 1307 3211; x_wconf 89' lang='lat' dir='ltr'><strong>aliqui</strong></span> <span class='ocrx_word' id='word_1_297' title='bbox 1341 3140 1552 3191; x_wconf 86' lang='lat' dir='ltr'><strong>vocant</strong></span> <span class='ocrx_word' id='word_1_298' title='bbox 1580 3130 2056 3209; x_wconf 86' lang='lat' dir='ltr'><strong>Hellespontian,</strong></span> <span class='ocrx_word' id='word_1_299' title='bbox 2110 3140 2250 3197; x_wconf 66' lang='lat' dir='ltr'><strong>etas</strong></span> 
     </span>
     <span class='ocr_line' id='line_1_37' title="bbox 177 3208 2174 3294; baseline 0.002 -22"><span class='ocrx_word' id='word_1_300' title='bbox 177 3210 419 3272; x_wconf 89' lang='lat' dir='ltr'><strong>eosdem</strong></span> <span class='ocrx_word' id='word_1_301' title='bbox 451 3213 545 3272; x_wconf 89' lang='lat' dir='ltr'><strong>alii</strong></span> <span class='ocrx_word' id='word_1_302' title='bbox 575 3215 760 3274; x_wconf 88' lang='lat' dir='ltr'><strong>aliter.</strong></span> <span class='ocrx_word' id='word_1_303' title='bbox 793 3215 946 3275; x_wconf 90' lang='lat' dir='ltr'><strong>idem</strong></span> <span class='ocrx_word' id='word_1_304' title='bbox 973 3216 1031 3274; x_wconf 91' lang='lat' dir='ltr'><strong>in</strong></span> <span class='ocrx_word' id='word_1_305' title='bbox 1068 3208 1433 3275; x_wconf 81' lang='lat' dir='ltr'><strong>Narbonensi</strong></span> <span class='ocrx_word' id='word_1_306' title='bbox 1482 3216 1779 3294; x_wconf 84' lang='lat' dir='ltr'><strong>provincia</strong></span> <span class='ocrx_word' id='word_1_307' title='bbox 1811 3215 2174 3275; x_wconf 86' lang='lat' dir='ltr'><strong>clarissimus</strong></span> 
     </span>
     <span class='ocr_line' id='line_1_38' title="bbox 177 3296 2175 3374; baseline 0.002 -19"><span class='ocrx_word' id='word_1_308' title='bbox 177 3302 478 3355; x_wconf 80' lang='lat' dir='ltr'><strong>ventorum</strong></span> <span class='ocrx_word' id='word_1_309' title='bbox 514 3304 625 3371; x_wconf 86' lang='lat' dir='ltr'><strong>est,</strong></span> <span class='ocrx_word' id='word_1_310' title='bbox 659 3298 904 3373; x_wconf 90' lang='lat' dir='ltr'><strong>circius,</strong></span> <span class='ocrx_word' id='word_1_311' title='bbox 951 3316 1063 3359; x_wconf 87' lang='lat' dir='ltr'><strong>nec</strong></span> <span class='ocrx_word' id='word_1_312' title='bbox 1100 3298 1217 3358; x_wconf 90' lang='lat' dir='ltr'><strong>ullo</strong></span> <span class='ocrx_word' id='word_1_313' title='bbox 1250 3300 1306 3357; x_wconf 90' lang='lat' dir='ltr'><strong>in</strong></span> <span class='ocrx_word' id='word_1_314' title='bbox 1335 3298 1611 3359; x_wconf 86' lang='lat' dir='ltr'><strong>violentia</strong></span> <span class='ocrx_word' id='word_1_315' title='bbox 1643 3299 1916 3374; x_wconf 87' lang='lat' dir='ltr'><strong>inferior,</strong></span> <span class='ocrx_word' id='word_1_316' title='bbox 1950 3296 2175 3359; x_wconf 79' lang='lat' dir='ltr'><strong>Ostiam</strong></span> 
     </span>
     <span class='ocr_line' id='line_1_39' title="bbox 177 3376 2176 3461; baseline 0.003 -23"><span class='ocrx_word' id='word_1_317' title='bbox 177 3376 519 3459; x_wconf 88' lang='lat' dir='ltr'><strong>plerumque</strong></span> <span class='ocrx_word' id='word_1_318' title='bbox 560 3387 725 3440; x_wconf 89' lang='lat' dir='ltr'><strong>recto</strong></span> <span class='ocrx_word' id='word_1_319' title='bbox 758 3379 1047 3457; x_wconf 90' lang='lat' dir='ltr'><strong>Ligustico</strong></span> <span class='ocrx_word' id='word_1_320' title='bbox 1077 3383 1220 3442; x_wconf 91' lang='lat' dir='ltr'><strong>mari</strong></span> <span class='ocrx_word' id='word_1_321' title='bbox 1253 3382 1596 3461; x_wconf 82' lang='lat' dir='ltr'><strong>perferens,</strong></span> <span class='ocrx_word' id='word_1_322' title='bbox 1642 3382 1797 3443; x_wconf 88' lang='lat' dir='ltr'><strong>idem</strong></span> <span class='ocrx_word' id='word_1_323' title='bbox 1837 3398 1955 3441; x_wconf 90' lang='lat' dir='ltr'><strong>non</strong></span> <span class='ocrx_word' id='word_1_324' title='bbox 1993 3381 2176 3445; x_wconf 84' lang='lat' dir='ltr'><strong>modo</strong></span> 
     </span>
    </p>
   </div>
  </div>
 </body>
</html>
