2320 3650
149 115 228 162 IV
768 105 1097 156 EDITORIS
1127 102 1542 153 PRAEFATIO,
1583 155 1591 162 ,

151 287 234 326 eas
251 270 499 326 nominum
521 269 699 324 formas
725 282 842 338 quas
864 265 1144 320 exhiberent
1160 264 1236 317 vel
1250 262 1417 318 Graeci
1438 263 1709 331 scriptoreS,
1726 259 1801 315 vel
1823 260 2178 329 inscriptioneS‚

149 354 307 419 tituli,
339 353 501 414 numi,
536 366 823 424 quamquam
853 351 955 420 ipse
991 350 1039 403 in
1077 347 1370 417 praefatione
1406 361 1454 415 p.
1475 344 1664 399 LXVIII
1684 344 1865 398 notavit
1886 344 1934 397 in
1955 343 2178 400 Pintiano

153 451 364 491 errorem
384 437 532 506 ipsius
553 436 693 492 Plinii
714 433 1011 489 emendandi.
1077 445 1172 500 ego
1198 444 1312 483 vero
1335 429 1438 483 illas
1461 429 1638 483 formas
1664 444 1762 482 non
1783 427 1973 490 admisi,
2005 428 2097 480 nisi
2120 442 2180 482 ea

152 535 274 591 quae
295 519 572 591 legerentur
591 521 641 574 in
664 518 909 573 codicibus
936 530 997 569 ex
1026 514 1084 567 iis
1105 514 1378 566 viderentur
1400 528 1503 566 esse
1529 517 1774 580 corrupta,
1815 517 1897 564 aut
1929 524 1958 563 e
1979 511 2179 565 diversis

154 603 377 658 codicum
390 603 638 672 scripturis
659 603 854 657 omnino
875 598 992 654 nihil
1014 602 1142 650 esset
1164 595 1465 650 eliciendum.
1486 595 1648 664 putavi
1668 594 1811 660 enim,
1837 594 1918 663 qui
1936 593 2026 647 hos
2036 593 2180 648 Plinii

152 687 302 741 libros
334 684 577 758 legerent,
626 702 712 740 eos
751 700 849 738 non
881 689 982 736 tam
1026 695 1086 734 ex
1117 680 1177 734 iis
1220 680 1335 733 solis
1371 694 1597 749 quaerere
1638 678 1815 732 veteris
1850 677 2180 748 geographiae

152 772 430 834 scientiam,
466 786 609 842 quam
636 769 757 824 velle
779 767 903 821 scire
924 779 1044 836 quae
1069 754 1151 817 ille
1184 762 1324 816 nobis
1348 762 1867 828 tradidisset-nomina,
1901 760 2107 830 ideoque
2127 761 2178 815 in

155 854 352 909 Graecis
387 853 663 920 nominibus
695 851 865 905 admisi
907 847 1138 918 quaedam
1174 847 1224 900 in
1260 845 1434 916 quibus
1466 846 1657 900 codices
1699 844 1969 899 viderentur
2003 843 2180 897 docere

152 937 363 993 Plinium
387 939 546 1007 ipsum
570 935 843 990 confudisse
865 931 1068 986 Graecas
1089 924 1271 983 litteras
1291 929 1415 982 inter
1435 944 1488 982 se
1506 928 1686 982 similes
1704 932 1760 982 ut
1786 927 1839 980 T
1861 932 1910 980 et
1930 924 2007 990 Γ,
2046 925 2107 978 A
2130 933 2182 980 et

158 1021 216 1076 Δ
237 1027 287 1076 et
306 1021 383 1075 A.
426 1020 523 1074 Sed
543 1020 634 1073 hac
657 1019 773 1072 inita
792 1016 973 1070 ratione
993 1027 1056 1067 ne
1085 1012 1306 1082 legentes
1322 1012 1372 1064 in
1397 1017 1587 1080 apertos
1613 1011 1948 1064 inducerentur
1972 1023 2177 1074 erroreS,

154 1119 353 1159 necesse
377 1111 478 1157 erat
498 1109 554 1156 ut
576 1106 820 1157 notaretur
839 1098 1101 1165 scripturae
1122 1093 1451 1161 discrepantia,
1476 1093 1603 1162 quod
1634 1092 1728 1146 feci
1751 1093 1809 1144 ad
1832 1093 2015 1144 calcem
2036 1091 2182 1145 huius

153 1188 461 1258 praefationis
486 1187 551 1240 ita
587 1192 642 1240 ut
677 1184 854 1253 ubique
883 1186 1101 1234 notarem
1137 1176 1415 1247 Silligianae
1452 1174 1671 1229 editionis
1694 1174 2087 1240 discrepantiam,
2130 1182 2184 1227 et

158 1272 340 1326 codicis
367 1270 609 1341 Leidensjs
643 1269 684 1322 A
717 1267 1013 1334 aliorumque
1045 1256 1295 1324 codicum,
1340 1273 1544 1328 quorum
1575 1270 1840 1325 premerem
1873 1255 2183 1323 potissimum

155 1356 385 1426 vestigia,
418 1353 571 1408 sicubi
595 1353 644 1406 in
665 1352 722 1406 iis
743 1351 986 1420 legeretur
1007 1345 1214 1399 nominis
1235 1343 1406 1404 forma,
1438 1343 1488 1396 in
1510 1357 1627 1411 qua,
1661 1339 1749 1393 etsi
1770 1343 1932 1407 aperte
1954 1345 2186 1406 corrupta

156 1455 256 1493 non
277 1445 442 1508 posset
469 1437 642 1506 recipi,
680 1436 884 1490 fortasse
906 1429 1079 1500 aliquid
1103 1429 1281 1482 inesset
1301 1426 1497 1496 vulgato
1520 1424 1711 1478 rectius,
1758 1420 1841 1475 Sic
1863 1422 1909 1476 in
1925 1420 2007 1474 his
2028 1420 2181 1487 libris,

132 1524 206 1576 -in
248 1522 420 1592 quibus
457 1520 673 1591 Sssligius
719 1524 961 1587 praeterea
999 1514 1126 1567 iusto
1170 1510 1359 1579 saepius
1399 1514 1593 1562 secutus
1634 1513 1707 1560 est
1750 1504 1946 1578 alteram
1984 1519 2186 1558 manum

160 1605 341 1660 codicis
363 1603 668 1658 Riccardiani
701 1598 838 1670 (ΒΞ)
877 1606 926 1652 et
955 1595 1233 1651 Parisiensis
1254 1595 1395 1662 primi
1419 1589 1569 1660 (21²),
1602 1590 1755 1645 multo
1794 1589 1928 1659 plura
1956 1601 2101 1657 quam
2132 1587 2184 1640 in

160 1690 332 1744 ceteriS
359 1694 495 1742 erant
516 1685 798 1741 adnotanda.

283 1772 339 1827 In
372 1771 668 1825 emendando
702 1767 820 1822 libro
848 1764 910 1832 1.,
949 1764 1031 1835 qui
1065 1763 1278 1817 continet
1309 1764 1578 1812 ceterorum
1612 1756 1843 1818 indicem,
1877 1760 1932 1807 ut
1965 1751 2185 1823 Silligius

164 1856 281 1912 nibil
315 1856 415 1910 fere
448 1855 607 1923 recepi
647 1853 761 1923 quin
793 1849 1083 1904 inveniretur
1118 1847 1169 1900 in
1210 1841 1561 1916 exemplaribus
1597 1855 1741 1892 manu
1775 1838 1990 1906 scriptiS,
2036 1836 2122 1889 sed
2155 1852 2187 1889 e

164 1939 411 2004 codicibus
430 1939 511 2009 qui
532 1937 660 1991 hunc
681 1936 856 1990 librum
879 1931 1126 1986 continent
1154 1928 1234 1982 ille
1255 1926 1412 1995 magis
1432 1928 1625 1977 secutus
1649 1928 1723 1974 est
1746 1920 2112 1974 Blocardianum
2136 1925 2186 1971 et

162 2024 476 2077 Parisiensem
500 2022 706 2091 primum
730 2017 882 2085 (Ra),
919 2029 1014 2085 ego
1037 2013 1321 2066 Toletanum
1350 2013 1399 2061 et
1419 2006 1731 2061 Parisiensem
1753 2004 2016 2066 secundum
2040 2002 2183 2068 (Td)‚

164 2114 220 2161 ut
241 2108 323 2178 qui
343 2106 501 2175 magis
523 2102 846 2158 consentirent
881 2113 993 2153 cum
1014 2097 1128 2165 ipsis
1152 2100 1420 2147 ceterorum
1448 2089 1680 2143 librorum
1700 2086 1871 2140 verbis,
1916 2084 2185 2150 Praeterea,

164 2191 216 2245 id
249 2190 376 2261 quod
410 2189 559 2242 sensit
590 2188 692 2256 ipse
713 2183 931 2254 Silligius
953 2180 1070 2249 (vid.
1095 2179 1198 2232 eius
1229 2174 1376 2246 praef.
1400 2188 1448 2242 p.
1473 2171 1724 2239 LXXIX),
1766 2184 1832 2223 eo.
1858 2168 2057 2222 meliore
2090 2182 2187 2238 ego

166 2274 236 2328 fui
268 2272 568 2334 conditione,
606 2268 734 2340 quod
766 2266 979 2336 exceptis
1011 2263 1146 2317 libris
1163 2255 1577 2320 XXIII—XXXI.
1600 2254 1745 2308 ceteri
1767 2253 1859 2306 iam
1884 2252 1942 2305 ab
1965 2251 2048 2312 illo
2072 2251 2189 2304 editi

168 2374 196 2412 a
218 2370 296 2410 me
330 2360 590 2425 potuerunt
620 2353 679 2407 ad
709 2352 918 2421 primum
948 2348 1124 2404 librum
1156 2341 1504 2412 emendandum
1538 2336 1774 2399 adhiberi,
1810 2351 1837 2390 a
1858 2333 2047 2403 Silligio
2079 2334 2189 2399 ipso

166 2438 502 2494 tantummodo
535 2436 644 2492 libri
668 2428 1171 2490 XXXII—XXXVII.
1230 2426 1467 2500 Numeros
1505 2421 1846 2475 medicinarum
1880 2418 1928 2469 iu
1949 2414 2191 2468 indicibus

170 2524 288 2580 libb.
316 2521 550 2579 XXVIIII.
575 2525 625 2574 et
644 2517 796 2572 XXX.
822 2516 902 2571 ille
930 2514 1122 2569 omnino
1144 2526 1241 2570 non
1268 2508 1442 2578 attigit,
1469 2519 1563 2575 ego
1587 2505 1650 2558 ita
1667 2547 1679 2567 ,
1705 2508 1758 2555 ut
1784 2501 1903 2554 ratio
1927 2491 2188 2560 constaret,

172 2613 373 2662 conatus
393 2620 502 2660 sum
535 2602 788 2657 emendare
808 2599 991 2653 ratione
1022 2596 1185 2650 habita
1206 2591 1445 2648 facilitatis
1474 2602 1565 2657 qua
1588 2599 1815 2639 numerus
1850 2584 1900 2636 in
1930 2596 2191 2652 ¹numerum

170 2691 407 2761 potuisset
429 2689 573 2742 abire.
615 2699 842 2740 numeros
865 2698 892 2736 a
915 2697 994 2735 me
1025 2685 1237 2733 mutatos
1260 2672 1497 2730 asteriscis
1519 2669 1714 2744 notavi..
1764 2666 1898 2730 Quae
1925 2666 1972 2718 in
1997 2664 2192 2733 supple-

167 2767 390 2850 mentum
411 2772 567 2826 addidi
587 2769 886 2840 paucissima,
904 2781 958 2819 ea
982 2764 1116 2825 uncis
1141 2762 1199 2829 []
1227 2759 1407 2814 inclusa
1429 2754 1604 2823 scrIpta
1619 2757 1731 2806 sunt
1751 2750 1983 2805 distinctis
2004 2748 2195 2801 litteris.

177 2858 312 2922 Quos
347 2855 615 2910 Harduinus
647 2852 851 2923 singulis
878 2848 1117 2902 lemmatis
1147 2841 1332 2899 addidit
1355 2853 1605 2903 numerOS,
1646 2851 1730 2889 eos
1751 2832 1968 2903 Silligius
1994 2830 2192 2884 omnIno

174 2941 364 3007 delevit,
391 2939 520 3010 quod
541 2939 590 2991 in
611 2935 857 2990 codicibus
877 2932 961 2985 BR
984 2921 1102 2984 AVa
1123 2927 1306 2981 nullum
1330 2938 1497 2977 eorum
1517 2925 1644 2998 esset
1666 2917 1939 2986 vestigium.
1975 2928 2070 2985 ego
2094 2929 2194 2967 non

130 3033 139 3038 “
172 3025 286 3080 illos
307 3023 498 3095 quidem
521 3019 741 3091 singulos
777 3016 981 3087 singulis
1003 3010 1241 3081 lemmatis
1270 3006 1555 3076 praemissos
1577 2997 1803 3055 'revocavi
1823 3001 2073 3062 numeros,
2107 2996 2194 3050 sed

174 3108 366 3163 uncinis
403 3106 494 3174 ()‚
521 3110 576 3159 ut
606 3105 656 3157 in
685 3102 800 3171 ipsis
824 3100 959 3154 libris
981 3096 1179 3160 ceteriS,
1214 3091 1425 3146 inclusos
1458 3087 1752 3160 sectionum,
1788 3099 1903 3152 quas
1924 3081 2195 3133 Harduinus

176 3192 297 3247 fecit
327 3190 387 3245 ad
429 3190 517 3243 hos
557 3187 738 3242 indices
774 3183 1056 3252 respicienS,
1104 3176 1282 3232 inserui
1323 3185 1549 3228 numeros
1589 3169 1656 3221 ita
1698 3171 1753 3220 ut
1794 3165 2030 3233 lemmatis
2072 3176 2197 3232 quae

179 3275 454 3346 complures
486 3270 919 3339 complecterentur
954 3264 1194 3318 sectiones
1245 3273 1358 3313 suos
1397 3255 1557 3309 darem
1601 3264 1827 3304 numeros
1844 3293 1857 3313 ,
1898 3253 1953 3300 ut
1986 3246 2070 3300 lib.
2107 3243 2193 3299 XI.

181 3363 444 3431 (4—23.)
500 3360 574 3415 De
606 3358 803 3429 apibus,
840 3346 992 3419 iisque
1013 3346 1355 3413 subiungerem
1379 3336 1566 3391 uncinis
1593 3332 1776 3388 inclusa
1807 3330 1998 3400 singula
2021 3327 2196 3383 additis

180 3451 357 3504 iterum
381 3448 478 3502 suis
510 3439 746 3505 fiumeris,
781 3446 836 3492 ut
868 3432 1047 3486 ibidem
1072 3429 1147 3494 (5.
1173 3425 1255 3499 qui
1283 3422 1397 3477 ordo
1433 3421 1487 3473 in
1517 3433 1655 3489 opere
1684 3431 1860 3479 earum,
1880 3457 1890 3469 .
1914 3417 1981 3466 .’..
2023 3411 2197 3467 aazia
