2320 3650
104 1344 174 1396 44

197 67 321 130 260
881 79 942 127 c.
977 80 1173 127 rum
1205 79 1509 128 suenum

195 239 329 298 dem
362 233 697 310 coloribus,
729 253 800 296 ac
832 236 1083 295 nondum
1117 236 1309 297 dictae
1341 235 1534 313 Aegia
1568 245 1629 296 et
1663 235 1896 301 Rhama
1932 249 1991 299 et
2021 239 2186 302 uncia-

195 323 302 396 lis,
333 320 492 379 velut
524 338 557 379 a
589 320 856 398 pondere
886 320 1071 396 acini,
1117 321 1253 378 item
1286 321 1479 398 picina
1508 322 1762 380 omnium
1787 323 2122 400 nigerrima,
2146 334 2192 385 et

197 405 508 466 coronario
539 413 781 465 naturae
810 405 942 466 lusu
978 404 1360 482 stephanius,
1395 406 1598 464 acinos
1630 405 1792 465 foliis
1824 409 2192 469 intercursan-

192 489 379 564 tibus,
425 496 485 548 et
520 505 669 567 quae
699 489 973 550 forenses
1001 497 1317 564 vocantur,
1363 489 1599 549 celeres
1641 501 1975 568 proventu,
2021 494 2194 554 vendi·
2259 502 2260 507 ’

190 573 343 635 biles
374 573 690 652 adspectu,
725 583 960 652 portatu
990 573 1219 633 faciles.
1267 582 1471 632 contra
1507 574 1857 634 damnantur
1887 577 2062 637 etiam
2089 580 2232 639 visus
2259 624 2260 635 ,

190 660 424 719 cinerea
454 667 515 717 et
543 656 855 719 rabuscula
879 667 936 717 et
961 659 1261 732 minusca,
1293 659 1478 718 inians
1500 667 1695 718 tamen
1720 660 1944 720 caudas
1968 662 2197 741 volpium

107 753 177 806 43
199 745 414 803 imitata
456 742 739 821 alopecis.
805 742 1204 802 Alexandrina
1245 742 1580 821 appellatur
1619 745 1756 803 vitis
1808 746 1974 805 circa
2020 736 2197 809 Phain-

193 846 349 888 cram
378 827 609 903 brevis,
653 829 827 887 ramis
865 826 1249 901 cubitalibus,
1291 828 1462 886 acino
1499 827 1668 904 nigro
1714 827 1898 888 fabae
1943 834 2198 908 maguitu-

193 913 360 988 dine‚
384 911 600 971 nucleo
628 911 789 971 molli
818 920 876 971 et
907 912 1193 986 minumo,
1219 911 1471 989 obliquis
1500 912 1750 971 racemis
1776 914 2197 1014 praedulcibus,

189 997 334 1057 folio
369 1012 550 1075 parvo
594 1004 652 1054 et
688 995 973 1070 rotunde,
1021 990 1145 1054 sine
1174 955 1470 1055 ’divisuris
1529 997 1779 1074 Septem
1821 997 1918 1057 his
1963 1002 2122 1061 annis
2156 1002 2245 1069 inu

190 1080 589 1141 Narbonensis
620 1081 962 1158 provinciae
997 1078 1148 1138 Alba
1178 1078 1406 1138 Helvia
1402 1081 1651 1139 iuventa
1685 1090 1778 1140 est
1807 1083 1950 1143 vitis
1979 1101 2096 1144 uno
2125 1084 2202 1144 die

191 1164 628 1239 defloreffscens
685 1165 760 1224 ob
810 1164 869 1222 id
918 1165 1222 1223 tutissima.
1287 1163 1680 1224 Narbonicam
1733 1178 1995 1243 vocant,
2055 1186 2203 1248 quam

190 1266 340 1309 nuuc
369 1258 492 1309 tota
526 1249 830 1327 provincia
864 1249 1141 1307 conserit.
1227 1256 1228 1263 ’

322 1335 381 1393 4.
432 1334 556 1413 (5.)
605 1330 884 1393 Catonum
914 1333 1018 1392 ille
1055 1332 1307 1411 primm,
1343 1333 1632 1412 triumpho
1665 1343 1725 1393 et
1753 1353 2016 1396 censura
2049 1355 2205 1422 super

194 1427 393 1478 cetera
437 1419 712 1501 insignis,
756 1418 941 1494 magis
982 1425 1174 1476 tamen
1219 1417 1524 1484 etiamnum
1567 1418 1840 1478 claritate
1899 1420 2254 1482 littei-aramis

190 1504 643 1582 praeceptisque
674 1504 921 1561 omnium
953 1519 1147 1560 rerum
1180 1501 1638 1579 expetendarum
1673 1502 1838 1563 datis
1860 1505 2206 1581 gener-ich)-

190 1605 393 1663 man0‚
427 1588 577 1646 inter
612 1588 793 1664 prima
826 1603 968 1645 vero
1003 1604 1204 1663 agrum
1235 1586 1502 1661 colendi,
1535 1587 1637 1646 ille
1667 1590 1806 1646 aevi
1839 1591 2209 1651 confessione

191 1674 458 1750 optumus
481 1690 553 1731 ac
583 1672 708 1730 sine
737 1670 967 1731 aemulo
993 1670 1255 1747 agricola
1271 1715 1290 1746 ‚
1322 1688 1510 1748 pauca
1534 1673 1725 1748 attigit
1742 1673 1958 1733 vitium
1977 1693 2208 1751 genera,

104 1764 172 1819 45
199 1755 549 1835 quarundam
597 1773 672 1813 ex
716 1756 788 1814 iis
827 1757 1145 1815 iam'etiam
1189 1754 1513 1814 nominibus
1552 1755 1813 1814 abolitis.
1891 1760 2212 1838 separatim

187 1849 314 1900 toto
344 1850 591 1900 tractatu
625 1842 910 1916 sententia
947 1840 1409 1901 eius'indicanda
1445 1850 1568 1914 est,
1612 1850 1675 1900 ιιι
1703 1842 1769 1899 in
1799 1845 1969 1902 omui
1998 1863 2261 1921 generem

187 1943 495 1985 noscamus
536 1928 683 2003 quae
714 1926 926 1988 fuerint
956 1923 1342 1984 celeberrima
1375 1942 1524 1994 anuo
1557 1929 2009 1988 sexcentesimo
2040 1930 2211 2001 urbiS‚

191 2011 349 2070 circa
392 2017 594 2087 captas
626 2006 1035 2086 Carthaginem
1078 2026 1149 2068 ac
1199 2006 1567 2084 Corinthum,
1613 2027 1745 2069 cum
1797 2031 2147 2091 supremum
2173 2014 2215 2070 is

191 2095 341 2156 diem
375 2094 550 2169 obiit,
601 2102 661 2166 et
699 2097 973 2172 quantum
1004 2101 1216 2171 postea
1253 2105 1489 2153 ccxxx
1517 2095 1687 2153 aunis
1714 2095 1838 2155 vita
1869 2097 2216 2174 profecerit.

104 2188 344 2257 46ergo
397 2178 471 2238 de
519 2139 734 2238 vitibus
782 2180 1026 2257 uvisque
1077 2179 1158 2237 ita
1216 2178 1501 2256 prodidit·
1581 2177 1716 2250 Qui
1775 2179 2001 2241 locus
2056 2184 2218 2242 vino

191 2273 531 2344 optumus
568 2262 867 2322 dicetur
911 2280 1089 2321 esse
1137 2270 1211 2320 et
1253 2270 1601 2321 ostentus
1641 2263 1991 2342 solibus,
2041 2266 2217 2328 Ani-
2233 2283 2261 2324 ιι

156 2366 398 2416 ¹neum
458 2347 943 2416 minusculum
1000 2356 1068 2405 et
1133 2348 1496 2423 geminum
1546 2350 1985 2425 eugenium,
2061 2349 2219 2410 hel·

186 2435 374 2492 vium
424 2432 912 2492 minusculum
957 2432 1358 2502 conserito.
1438 2432 1561 2510 qui
1609 2430 1830 2491 locus
1870 2437 2223 2494 crassior

190 2525 308 2577 aut
366 2513 843 2592 nebulosior,
903 2516 1293 2575 Amineum
1340 2517 1567 2575 maius
1631 2525 1754 2575 aut
1802 2515 2222 2597 Murgenti-

191 2620 376 2678 num
429 2600 1162 2679 ApiciumLucanum
1205 2602 1457 2660 serito.
1505 2607 1830 2662 ceterae
1863 2605 2223 2665 vitesni·

191 2686 485 2748 scellae
517 2703 941 2745 maxumein
971 2702 1332 2763 quemvis
1436 2701 1584 2743 rum
1616 2690 2003 2749 convenia
2074 2690 2261 2749 kin

191 2771 347 2831 olla
400 2772 736 2830 vinaceis
798 2750 1226 2829 con'duntur
1276 2769 1327 2827 A
1411 2770 1656 2828 ineum
1717 2771 1962 2832 miuus
2087 2773 2228 2833 lum

193 2864 264 2915 et
309 2857 534 2915 maius
583 2863 652 2914 et
696 2854 1068 2932 Apicium,
1125 2853 1377 2912 eadem
1431 2854 1496 2912 in
1554 2853 1720 2914 lora
1770 2866 1996 2917 recte
2054 2863 2226 2919 eflu-

191 2939 490 2998 duntur.
590 2956 765 3016 quas
834 2936 1253 3016 suspendas
1321 2938 1767 3018 duracium,
1848 2940 2227 3003 Amineas

191 3023 510 3082 maiores
558 3022 806 3082 velad
843 3022 1132 3081 fabrum
1171 3021 1570 3081 ferrarium
1612 3040 1745 3101 pro
1791 3029 2056 3102 passis
2094 3027 2228 3087 life

108 3106 405 3162 47recte
438 3115 861 3165 servantur.
929 3105 1056 3165 Nec
1099 3116 1229 3165 sunt
1257 3108 1577 3166 vetustiora
1621 3108 1697 3166 de
1734 3108 1837 3168 illa
1877 3128 1950 3170 re
1980 3111 2261 3172 baumes

194 3181 422 3256 linguae
444 3199 782 3267 praecepta.
827 3200 940 3249 tam
966 3205 1156 3267 prope
1195 3190 1265 3249 ab
1292 3192 1517 3267 origine
1549 3208 1742 3251 rerum
1779 3209 2005 3255 sumus.
2045 3195 2224 3255 *Ani-

195 3278 360 3321 neam
412 3286 692 3343 proxume
745 3272 952 3333 dictam
992 3273 1181 3333 Varro
1227 3276 1591 3336 Scantianam
1640 3287 1841 3337 vocat.
1879 3281 1976 3338 ·in
2017 3288 2220 3339 nostra

198 3351 384 3403 aetate
434 3367 626 3444 pauca·
662 3357 930 3435 exempla
975 3368 1404 3419 consummatae
1458 3360 1624 3419 huius
1667 3362 1812 3420 artis
1854 3363 2075 3439 fuere,
2121 3380 2224 3422 ve-
