2320 3650
205 120 328 182 216
932 133 991 181 c.
1022 96 1226 195 rami
1246 133 1542 184 saeuum

201 287 519 362 Bithyniam
538 284 765 347 vocant.
825 294 916 346 est
944 295 1001 346 et
1024 285 1330 348 Antiochia
1363 298 1422 348 et
1453 297 1653 350 contra
1681 287 1867 351 faucis
1892 288 2206 368 Rhyndaci

200 371 485 431 Besbicos
528 368 716 430 XVIII
757 369 815 430 M
853 371 1112 431 circuitu.
1198 379 1289 431 est
1327 371 1510 433 Elaea
1546 382 1605 433 et
1641 373 1788 436 duae
1824 374 2203 454 Rhodussae,

202 451 611 532 Erebinthote,
642 452 906 532 Megale,
931 452 1239 531 chalcitis,
1264 450 1558 531 Pityodes.

683 716 754 799 c.
810 716 1098 801 ΡιιΝι
1158 666 1619 801 suenum

305 982 309 986 ,
440 870 1114 966 Nummus
1192 814 1894 968 ulsroumu

867 1035 1251 1102 LIBER
1308 1036 1438 1153 VI.
1787 1080 1788 1083 =

150 1304 180 1357 1
373 1291 516 1373 Cap.
548 1297 602 1354 1.
655 1294 844 1372 (Sect.
876 1296 964 1372 1.)
1038 1295 1253 1356 Pontus
1278 1292 1532 1354 Euxinus
1564 1305 1733 1356 antea
1763 1292 1837 1354 ab
1863 1293 2198 1373 inhospitali

186 1378 434 1448 *feritate
479 1377 697 1438 Axinus
743 1379 1099 1458 appellatus,
1145 1379 1461 1458 peculiaris
1498 1378 1747 1439 invidiae
1787 1387 2027 1439 naturae
2064 1380 2198 1439 siue

202 1461 321 1523 ulla
370 1461 482 1522 line
527 1463 906 1540 indulgentis,
962 1459 1235 1524 aviditate
1263 1463 1460 1522 -maris
1508 1466 1568 1522 et‘
1617 1458 1749 1540 ipse
1798 1462 1854 1520 in
1897 1460 2195 1540 Europam

199 1547 511 1624 Asiamque
553 1547 820 1609 funditur.
907 1563 1022 1607 non
1058 1547 1247 1607 fuerat
1281 1547 1420 1606 satis
1451 1560 1676 1606 oceano
1708 1544 1966 1605 ambisse
2003 1555 2194 1608 terras
2216 1562 2267 1602 ιο

204 1639 264 1690 et
302 1639 523 1708 partem
563 1648 758 1690 earum
800 1640 966 1691 aucta
997 1631 1322 1690 inmanitate
1366 1629 1872 1704 abstulissffinon
1903 1631 2196 1707 inrupisse

202 1715 402 1774 fractis
449 1715 734 1774 montibus
778 1713 1077 1792 Calpeque
1111 1713 1352 1773 Africae
1392 1713 1595 1774 avolsa
1640 1721 1798 1772 tanto
1836 1713 2053 1772 maiora
2092 1713 2194 1773 ab·

203 1796 502 1858 sorbuisse
538 1815 714 1877 quam
765 1798 1124 1876 relinqueret
1179 1797 1395 1877 spatia,
1441 1812 1558 1857 non
1601 1814 1710 1876 per
1751 1795 2196 1875 Hellespontum

200 1882 548 1959 Propontida
580 1881 856 1941 infudisse
886 1882 1093 1942 iterum
1122 1882 1295 1941 terris
1321 1881 1634 1942 devoratis.
1684 1899 1720 1941 a·
1752 1880 2026 1958 Bosporo
2049 1898 2192 1960 quo-

205 1982 318 2043 que
346 1966 405 2023 in
453 1964 621 2025 aliam
651 1967 975 2025 vastitatem
1003 1966 1267 2043 panditur
1307 1964 1463 2025 nulla
1504 1966 1771 2026 satietate
1827 1964 2015 2024 donec
2047 1982 2187 2044 spa·
2211 1985 2266 2028 ιε

146 2059 181 2111 2
203 2048 361 2107 tianti
395 2047 556 2108 lacus
592 2047 827 2108 Maeotii
855 2038 1111 2128 rapinam
1152 2061 1312 2109 suam
1355 2049 1571 2125 iungatt
1647 2048 1866 2108 ¹¹Invitis
1892 2048 2006 2107 hoc
2039 2049 2191 2108 acci·

199 2132 356 2191 disse
384 2133 555 2192 terris
584 2132 797 2192 indicio
828 2135 979 2193 sunt‘
1000 2142 1088 2192 tot
1132 2133 1432 2210 angustiae
1462 2141 1636 2210 atque
1681 2140 1793 2192 tam
1827 2148 2003 2210 parva
2031 2140 2191 2191 natu-

200 2233 304 2276 rae
355 2217 730 2294 repugnantis
783 2216 1115 2292 intervalla,
1174 2218 1247 2277 ad
1298 2215 1754 2294 Hellespontum
1781 2213 2194 2275 DCCCLXXV

202 2314 504 2377 passuum,
536 2300 606 2360 ad
627 2299 926 2378 Bosporos
956 2301 1103 2360 duos
1134 2300 1235 2360 vel
1263 2299 1450 2361 bubus
1479 2297 1710 2359 meabili
1736 2300 2004 2375 transitu„
2044 2298 2194 2360 unde

201 2399 411 2441 nomen
439 2382 740 2459 ambobus,
777 2393 837 2444 et
863 2385 976 2444 iam
1008 2383 1289 2463 quaedam
1317 2384 1377 2442 in
1404 2382 1818 2444 dissociatione
1840 2384 2189 2460 germanitas
2206 2410 2264 2452 20

201 2481 468 2526 concors.
549 2467 744 2527 alitum
788 2469 1005 2545 quippe
1052 2476 1249 2527 cantus
1308 2483 1625 2543 canumque
1675 2465 1913 2526 latratus
1947 2466 2193 2527 invicem

201 2549 519 2625 audiuntur,
563 2553 730 2611 vocis
764 2553 934 2611 etiam
967 2549 1249 2611 humanae
1274 2550 1628 2624 conmercia,
1672 2549 1824 2609 inter
1856 2549 2002 2610 duos
2031 2548 2193 2610 orbis

145 2642 463 2697 3manente
495 2634 837 2712 conloquio,
883 2634 993 2693 nisi
1017 2651 1143 2694 cum
1178 2634 1235 2694 id
1263 2636 1448 2710 ipsum
1478 2630 1743 2693 auferunt
1770 2634 1946 2693 venti.
2033 2632 2192 2711 Men·

203 2733 393 2776 suram
424 2716 586 2777 Ponti
631 2735 662 2778 a
697 2718 960 2795 Bosporo
1013 2717 1086 2778 ad
1131 2715 1441 2778 Maeotium
1478 2717 1665 2777 lacum
1715 2716 1941 2793 quidam
1990 2717 2191 2778 fecere

191 2801 351 2869 ῑζῑνῗ
371 2798 1046 2879 XXXVIIIMpassuum,
1072 2800 1492 2861 Eratosthenes
1524 2797 1878 2860 Cminorem.
1924 2801 2186 2879 Agrippa
2208 2828 2260 2870 25

203 2903 236 2945 a
296 2883 668 2945 Chalcedone
726 2884 796 2946 ad
847 2884 1074 2945 Phasim
1115 2884 1216 2959 Ξῖ,
1272 2884 1407 2944 inde
1456 2884 1779 2961 Bosporum
1830 2882 2191 2946 Cimmerium

207 2964 458 3029 CCCLX
473 2967 648 3029 milia·
697 2984 804 3027 nos
832 2966 1134 3028 intervalla
1158 2968 1479 3045 generatim
1512 2983 1794 3045 ponemus
1828 2977 2105 3046 conperta
2133 2970 2192 3029 in

203 3066 351 3111 aevo
376 3059 596 3126 nostro,
614 3051 849 3130 ’quando
875 3052 1043 3111 etiam
1066 3052 1273 3129 inipso
1298 3068 1401 3111 ore
1415 3047 1724 3110 Cimmerio
1748 3061 2057 3129 pugnatum
2076 3061 2185 3113 est.

149 3143 186 3197 4
208 3149 350 3210 ergo
381 3135 439 3192 in
466 3134 728 3194 faucibus
751 3134 997 3212 Bospori
1031 3143 1123 3194 est
1142 3136 1320 3194 amnis
1342 3133 1607 3208 Rhebas,
1648 3150 1815 3212 quem
1839 3135 2014 3214 aliqui
2036 3134 2190 3195 Rhe-

207 3219 330 3277 suin
353 3216 634 3277 dixerunt.
703 3217 836 3278 dein
859 3218 1042 3292 Syris,
1074 3227 1276 3295 portus
1301 3215 1547 3295 Calpas,
1590 3216 1865 3294 Sangaris
1888 3215 2092 3279 fluvius
2111 3236 2191 3280 ex
2207 3241 2260 3284 so

206 3299 454 3359 inclutis.
523 3301 702 3361 oritur
727 3301 783 3360 in
822 3301 1066 3377 Phrygia
1086 3302 1363 3379 ,accipit
1385 3308 1583 3360 vastos
1606 3302 1816 3375 amnis,
1857 3302 2009 3361 inter
2043 3317 2190 3380 quos

214 3380 621 3461 Tembrogium
666 3392 726 3443 et
776 3382 1032 3459 Gallum,
1092 3383 1246 3446 idem
1280 3383 1584 3461 vSagiarius
1637 3382 1937 3464 plerisque
1984 3383 2187 3461 dictus,
