2320 3650
175 76 293 139 122
701 147 712 156 .
929 92 987 139 e.
1018 92 1210 139 emm
1241 91 1536 139 ssouNm

169 243 536 323 Hipparchus
568 254 626 306 et
654 246 709 305 in
743 246 1113 323 coarguendo
1148 264 1221 305 eo
1256 256 1314 305 et
1343 248 1399 305 in
1429 247 1653 324 reliqua
1685 246 1839 305 omni
1869 246 2183 326 diligentia

170 329 345 394 mirus
380 329 552 389 adicit
582 325 891 391 stadiorum
925 328 1097 407 paulo
1130 331 1315 389 minus
1347 329 1539 390 XXVI
1571 328 1647 389 Μ.

85 418 191 474 248
324 412 461 473 109.
513 414 660 474 Alia·
695 412 1105 487 Dionysodoro
1163 413 1330 474 fides.
1390 432 1581 493 neque
1634 415 1786 475 enim
1838 415 2183 477 subtraham

87 527 92 530 Δ
173 496 500 574 exemplum
529 497 793 557 vanitatis
828 496 1088 568 Graecae
1120 515 1457 557 maxumum.
1521 497 1729 557 Melius
1764 498 1862 557 hic
1895 499 2001 559 fuit
2029 519 2182 577 geo-

169 580 409 641 metrica
442 582 682 654 scientia
711 580 940 641 nobilis.
983 589 1239 640 senecta
1274 582 1425 641 diem
1469 581 1611 641 obiit
1640 581 1698 640 in
1741 584 1962 659 patria,
2004 584 2228 645 funuss

172 664 391 724 duxere
424 666 479 725 ei
510 666 871 744 propinquae
907 664 978 723 ad
1004 681 1148 742 quas
1183 664 1510 763 pertinebat
1534 665 1848 726 hereditas.
1876 666 2021 730 hae
2046 686 2184 729 cum
2308 671 2309 674 ’

173 749 389 807 secutis
421 749 625 809 diebus
656 750 800 809 iusta
831 757 1215 826 peragerent,
1268 750 1562 808 invenisse
1595 749 1903 814 dicuntur’
1885 767 1943 809 ιιι
1976 753 2181 831 sepul—

174 831 313 892 chro
341 830 642 910 epistulam
666 831 1059 906 Dionysodori
1081 832 1309 891 nomine
1332 832 1404 892 ad
1429 850 1676 911 superos
1702 834 2010 913 scriptam:
2043 854 2182 915 per-

171 916 405 976 venisse
449 934 579 977 eum
621 935 654 976 a
694 915 1008 994 sepulchro
1061 915 1133 975 ad
1183 915 1427 976 infimam
1478 926 1709 977 terram.
1765 936 1902 977 esse
1952 937 2028 980 eo
2063 928 2181 984 sta-

174 1000 396 1059 diorum
437 1001 812 1079 quadraginta
856 999 967 1059 duo
1009 999 1184 1060 milia.
1232 1018 1348 1059 nec
1393 1001 1636 1061 defuere
1683 1011 2030 1078 geometrae
2077 1022 2176 1083 qul
2199 1020 2246 1059 ιο

173 1084 689 1163 interpretarentur
720 1082 1048 1160 significare
1081 1083 1388 1161 epistulam
1418 1102 1450 1144 a
1480 1085 1670 1144 medio
1715 1094 1999 1147 terrarum
2031 1088 2184 1148 orbe
2278 1099 2285 1108 ’

174 1166 407 1227 missam
441 1186 555 1247 quo
597 1169 867 1229 deorsum
908 1165 981 1227 ab
1028 1183 1248 1244 summo
1294 1168 1689 1245 longissimum
1725 1179 1885 1230 esset
1928 1173 2184 1249 spatium

179 1258 238 1310 et
270 1251 423 1311 idem
464 1252 621 1330 pilae
663 1252 930 1311 medium.
988 1268 1065 1309 ex
1105 1268 1223 1329 quo
1254 1257 1568 1330 consecuta
1613 1255 1948 1331 conputatio
1993 1264 2099 1315 est
2119 1265 2187 1315 ut

179 1335 417 1396 circuitu
450 1354 585 1396 esse
618 1334 811 1396 CCLII
840 1333 899 1408 Μ
929 1334 1240 1395 stadiorum
1269 1337 1720 1414 pronuntiarent.

299 1418 507 1501 (113.)
542 1420 886 1481 Harmonica
919 1418 1097 1494 ratio,
1144 1437 1296 1497 quae
1340 1419 1498 1497 cogit
1540 1437 1732 1480 rerum
1773 1429 2035 1483 naturam
2066 1423 2252 1485 sibim

141 1519 142 1526 ¹
177 1504 363 1581 ipsam
396 1523 752 1583 congruere,
797 1503 954 1566 addit
995 1462 1127 1562 hui’c
1167 1521 1472 1565 mensurae
1505 1503 1818 1566 stadiorum
1848 1503 1959 1564 XII
1999 1508 2184 1584 milia3

177 1595 503 1668 terramque
532 1589 963 1667 nonagesimam
994 1595 1218 1648 sextam
1245 1589 1418 1648 totins
1446 1588 1637 1649 mundi
1662 1597 1896 1668 partem
1930 1589 2095 1652 facit.

698 1919 769 2004 c.
835 1923 1128 2010 ΡιιΝι
1193 1864 1710 2011 saeuum*
1948 1958 1949 1963 κ
2202 1867 2253 1907 ²⁰

402 2072 1147 2174 NATURAMS
1228 2079 1967 2193 ΙιιειθιιιιιιιΔ

692 2360 699 2367 ν
807 2244 1270 2327 ‘LIBER
1355 2245 1484 2311 III.
2207 2284 2258 2323 25

131 2525 160 2577 1
309 2511 452 2592 Cap.
491 2515 544 2574 1.
587 2505 878 2575 Hactenus
908 2514 983 2576 de
1011 2516 1122 2574 situ
1153 2523 1213 2575 et
1242 2514 1532 2575 miraculis
1559 2521 1752 2574 terrae
1783 2530 2193 2594 aquarumque

190 2605 252 2657 et
278 2598 527 2658 siderum
557 2617 628 2660 ac
670 2600 892 2659 ratione
934 2600 1321 2659 universitatis
1361 2608 1536 2677 atque
1569 2610 1857 2658 mensura.
1912 2617 2068 2660 nunc
2109 2599 2194 2660 de

189 2682 478 2761 partibus,
525 2685 863 2762 quamquam
892 2682 1163 2743 infinitum
1192 2684 1250 2743 id
1282 2698 1514 2762 quoque
1547 2683 2261 2747 existumaturmecztewo

186 2784 347 2827 mere
379 2768 503 2826 sine
534 2768 723 2846 aliqua
746 2767 1206 2847 reprehensione
1224 2768 1544 2842 tractatum.
1576 2764 1711 2825 haut
1729 2765 1935 2827 ulloin
1956 2778 2193 2845 genere

188 2853 355 2910 venia
385 2852 658 2927 iustior-e,
697 2851 746 2909 si
774 2851 946 2911 modo
975 2852 1221 2911 minume
1252 2851 1453 2909 mirum
1483 2859 1573 2909 est
1601 2848 1890 2929 hominem
1927 2851 2195 2928 genitum

187 2950 301 2992 non
319 2937 516 2995 omnia
558 2935 798 2995 humana
833 2936 1087 2995 novisse.
1147 2941 1510 3034 quapropter
1548 2942 1846 2993 auctorem
1891 2936 2201 2994 nemin&

189 3035 357 3076 unum
386 3037 629 3097 sequar,
684 3019 789 3079 sed
831 3027 893 3079 ut
926 3036 1214 3097 quemque
1256 3019 1617 3078 verissimum
1662 3019 1720 3077 in
1749 3035 1983 3096 quaque
2011 3026 2194 3098 parte

192 3099 547 3175 arbitrabor,
600 3103 868 3180 quoniam
916 3116 1213 3162 commune
1259 3102 1444 3162 ferme
1500 3101 1781 3161 omnibus
1819 3101 1927 3167 fuit
1967 3110 2051 3163 ut
2072 3114 2265 3167 efflas

194 3183 436 3260 quisque
469 3184 906 3260 diligentissime
937 3180 1078 3246 situs
1107 3186 1333 3247 diceret
1373 3186 1429 3244 in
1461 3178 1670 3264 quibus
1700 3188 1859 3264 ipse
1866 3178 2193 3271 prodebat.

136 3265 333 3327 21deo
374 3284 486 3325 nec
516 3267 765 3345 culpabo
809 3278 904 3330 aut
948 3287 1259 3346 coarguam
1309 3287 1674 3348 quemquam.
1739 3269 2004 3330 locorum
2031 3258 2199 3333 duda

196 3349 423 3410 nomina
458 3358 517 3410 et
550 3359 758 3429 quanta
787 3352 1013 3414 dabitur
1054 3353 1339 3415 brevitate
1381 3362 1702 3433 ponentur,
1755 3353 2017 3415 claritate
2050 3360 2197 3416 om·
