2320 3650
156 62 164 71 ⁴
268 81 389 144 256
603 132 610 141 .
926 90 987 141 ο.
1018 92 1210 141 rum
1241 90 1537 140 suenum

268 251 488 308 oriente
519 245 762 308 hiberno
794 246 865 307 ad
898 246 1260 312 occidentem
1291 244 1610 305 hibernum.
1667 245 1978 306 meridiano
2015 238 2233 307 cardine

266 332 450 399 silvae
492 330 719 401 hebeno
760 347 1021 390 maxume
1053 329 1272 404 virent,
1319 348 1353 389 a
1391 328 1579 388 media
1619 329 1743 388 eius
1778 338 1942 406 parte
1971 331 2233 391 inminens

235 415 404 473 'mari
449 431 612 473 mons
655 413 924 473 excelsus
966 413 1218 474 aeternis
1258 412 1419 472 ardet
1458 411 1720 489 ignibuS,
1767 412 1969 473 Theon
2009 415 2236 474 ochema
2278 428 2281 493 ι

267 499 453 557 dictus
478 496 737 558 Graecis.
788 515 822 557 a
845 514 957 574 quo
978 497 1266 574 navigatio
1291 496 1596 575 quatridui,
1625 499 2076 574 promontorium
2100 498 2235 576 quod

265 580 533 660 Hesperu
578 599 747 641 ceras
774 589 1016 641 vocatur
1057 580 1283 639 confine
1313 580 1549 640 Africae
1591 579 1748 640 iuxta
1778 581 2099 660 Aethiopas
2138 580 2234 640 He·
2246 596 2263 634 ι

267 667 514 743 sperios.
601 660 826 743 quidam
859 673 918 723 et
945 666 1002 723 in
1033 680 1106 723 eo
1135 672 1321 724 tractu
1348 663 1610 723 modicos
1641 664 1815 724 collis
1845 682 2082 725 amoena
2114 682 2232 744 opn-

269 750 440 809 citate
473 752 717 808 vestitos
748 748 1104 825 Aegipanum
1132 747 1581 825 Satyrorumque
1616 748 1884 825 produnt.
2272 748 2281 811 ⁴.

187 841 310 898 198
408 831 506 893 31.
532 831 700 911 (36.)
732 830 998 891 Insulast
979 841 1100 891 toto
1126 848 1197 889 eo
1230 833 1370 891 mari
1401 839 1459 890 et
1481 829 1753 909 Ephorus
1789 833 2085 911 conpluris
2122 849 2234 891 esse
2254 892 2281 911 ,

269 916 497 976 tradidit
540 925 597 976 et
640 914 930 975 Eudoxus
967 923 1024 974 et
1054 910 1485 990 Timosthenes,
1533 911 1863 975 Clitarchus
1900 933 2044 976 vero
2078 914 2231 975 Alex·
2278 918 2281 927 '

270 998 447 1059 andro
479 1017 624 1075 rege
667 1000 951 1058 renuntiat
990 998 1138 1079 adeo
1171 998 1406 1058 divitem
1448 1006 1509 1059 ut
1540 1014 1725 1076 equos
1766 999 1998 1060 incolae
2028 999 2234 1061 talentis

272 1083 391 1142 auri
432 1090 848 1160 permutarent,
892 1082 1155 1158 alteram,
1202 1080 1298 1141 ubi
1329 1098 1497 1141 sacer
1532 1099 1696 1142 mons
1739 1099 1964 1162 opacus
1993 1083 2137 1143 silva
2162 1101 2233 1143 re·
2278 1100 2281 1129 ·

269 1175 468 1253 pertus
523 1175 715 1241 esset,
773 1164 1103 1225 destillante
1141 1164 1446 1225 arboribus
1482 1166 1665 1226 odore
1711 1168 1894 1227 mirae
1948 1167 2235 1228 suavitatis

273 1232 486 1309 Contra
526 1249 706 1309 sinum
737 1249 1029 1310 Persicum
1060 1246 1249 1308 Cerne
1281 1250 1597 1309 nominatur
1634 1251 1823 1310 insula
1866 1251 2109 1312 adversa
2138 1250 2263 1310 Ae·‘

271 1334 558 1411 thiopiae‚
606 1335 766 1393 cuius
807 1350 996 1411 neque
1039 1332 1367 1410 magnitudo
1407 1351 1597 1412 neque
1641 1334 2008 1394 intervallum
2049 1353 2081 1394 a
2122 1351 2237 1393 con·

271 1418 487 1477 tinente
520 1424 760 1477 constat.
841 1415 1159 1499 Aethiopas
1200 1425 1411 1478 tantum
1442 1417 1696 1495 populos
1726 1416 1952 1478 habere
1983 1418 2236 1497 proditur.

191 1500 571 1579 199Ephorus
612 1508 811 1559 auctor
862 1509 954 1559 est
1008 1518 1041 1559 a
1085 1499 1283 1560 Rubro
1334 1501 1474 1560 mari
1519 1501 1840 1578 navigantis
1880 1503 1939 1561 in
1981 1520 2108 1562 eam
2144 1517 2237 1560 uon

274 1601 451 1663 posse
482 1592 721 1663 propter
751 1583 989 1644 ardores
1017 1583 1166 1643 ultra
1196 1583 1470 1662 quasdam
1500 1584 1793 1644 columnas
1828 1585 1938 1663 (ita
1969 1585 2237 1665 appellan-

276 1678 366 1728 tur
410 1686 623 1747 parvae
665 1667 915 1747 insulae)
948 1667 1211 1747 provehi.
1299 1666 1617 1743 Polybius
1601 1687 1658 1727 ιιι
1689 1677 1954 1729 extrema
1980 1668 2236 1730 Maureta·

274 1754 367 1811 nia
397 1761 596 1812 contra
626 1760 876 1810 montem
904 1750 1194 1812 Atlantem
1224 1769 1256 1811 a
1291 1760 1445 1812 terra
1493 1751 1674 1812 stadia
1706 1750 1844 1812 VlII
1875 1752 2089 1813 abesse
2126 1769 2235 1833 pro-

274 1835 410 1896 didit
440 1834 701 1911 Cernen,
745 1835 945 1914 Nepos
976 1833 1279 1896 Cornelius
1323 1854 1399 1895 ex
1439 1836 1685 1896 adverso
1727 1855 1992 1897 maxume
2030 1835 2279 1916 Cartha-q

275 1920 424 1995 ginis
464 1938 496 1979 a
539 1921 866 1980 continente
903 1937 1058 1999 pass.
1102 1917 1159 1979 X
1186 1919 1275 1996 M,
1320 1937 1434 1979 non
1473 1920 1809 1998 ampliorem
1854 1922 2097 1981 circuitu
2126 1916 2236 1982 ΠΙ.
2278 1981 2279 1988 ,

277 2002 542 2063 Traditur
596 2012 654 2063 et
705 2003 817 2062 alia
867 2003 1074 2063 insula*
1102 2012 1299 2063 contra
1352 2012 1600 2063 montem
1644 2003 1970 2079 Atlantem,
2029 2014 2090 2065 et
2136 2005 2239 2083 ipsa

275 2086 523 2146 Atlantis
566 2085 878 2164 appellata.
958 2086 1029 2146 ab
1066 2104 1134 2146 ea
1163 2087 1216 2145 V
1245 2088 1462 2147 dierum
1496 2089 2026 2166 praenavigationis
2069 2087 2237 2149 solitu·

278 2170 441 2230 dines
472 2169 544 2230 ad
573 2169 892 2248 Aethiopas
925 2169 1243 2248 Hesperios
1276 2180 1333 2230 et
1363 2172 1815 2254 promontorium
1845 2172 2004 2250 quod
2036 2170 2238 2233 vocavi·

197 2275 264 2309 m
284 2273 406 2313 mus
435 2252 701 2332 Hesperu
749 2272 948 2330 ceras,
988 2253 1120 2313 inde
1152 2255 1391 2332 primum
1422 2256 1851 2332 circumagente
1887 2273 1954 2314 se
1989 2263 2280 2318 terrm-⁸

196 2338 538 2401 200fronte
524 2356 579 2396 ιιι
610 2355 881 2398 occasum
911 2356 981 2399 ac
1011 2353 1167 2397 mare
1198 2336 1563 2398 Atlanticum.
1638 2335 1859 2400 Contra
1889 2339 2007 2399 hoc
2037 2353 2239 2418 quoque

280 2422 727 2499 promontorium
760 2420 1059 2499 Gorgades
1100 2420 1322 2480 insulae
1361 2430 1680 2499 narrantur,
1725 2420 2060 2499 Gorgonum
2088 2438 2239 2502 quon·

283 2504 410 2565 dam
441 2505 663 2580 domuS,
710 2504 864 2564 bidui
893 2505 1260 2582 navigatione
1291 2505 1568 2565 distantes
1603 2523 1635 2565 a
1668 2508 2023 2583 continente,
2065 2513 2124 2567 ut
2150 2516 2239 2565 tra·

283 2589 364 2649 dit
392 2586 719 2667 Xenophon
749 2587 1192 2667 Lampsacenus.
1281 2589 1606 2665 penetravit
1649 2590 1707 2648 in
1757 2607 1860 2649 eas
1890 2589 2093 2651 Hanno
2118 2588 2238 2652 Poe·

282 2690 482 2732 uorum
513 2674 824 2751 imperator
855 2671 1217 2749 prodiditque
1248 2670 1400 2732 hirta
1429 2672 1763 2733 feminarum
1793 2690 2068 2751 corpora,
2107 2674 2278 2734 viros!

286 2757 622 2833 pernicitate
665 2756 958 2830 evasisse,
1002 2755 1349 2833 duarumque
1393 2754 1721 2833 Gorgadum
1762 2758 1909 2817 cutis
1957 2753 2242 2835 argumenti

286 2849 346 2900 et
386 2839 642 2900 miraculi
674 2839 855 2916 gratia
895 2839 951 2897 in
989 2836 1219 2898 Iunonis
1254 2838 1472 2917 templo
1517 2840 1710 2917 posuit
1747 2845 2049 2919 spectatas
2084 2854 2241 2919 usqne

202 2930 303 2984 201
315 2924 385 2984 ad
417 2922 818 2998 Carthaginem
849 2931 1090 3001 captam.
1156 2921 1319 2982 Ultra
1348 2921 1453 2982 has
1486 2925 1790 2983 etiamnum
1819 2922 2241 3004 duae'Hespsi·

288 3006 415 3066 dum
446 3006 666 3066 insulae
700 3016 1016 3081 narrantur,
1052 3005 1316 3083 adeoque
1343 3007 1529 3067 omnia
1559 3008 1716 3066 circa
1748 3006 1866 3067 hoc
1895 3009 2243 3072 incertum&

288 3097 349 3145 ut
378 3091 588 3149 Statius
617 3089 875 3150 Sebosus
905 3107 937 3149 a
960 3088 1287 3165 Gorgonum
1313 3090 1513 3150 insulis
1545 3092 2061 3168 praenavigatione
2078 3087 2278 3156 Atina-¹

289 3171 362 3228 tis
396 3171 614 3230 dierum
645 3171 742 3231 XL
773 3172 845 3233 ad
872 3171 1252 3251 Hesperidum
1295 3173 1509 3233 insulas
1542 3192 1770 3233 cursum
1803 3175 2165 3253 prodiderit„
2184 3168 2240 3233 ab

294 3251 364 3308 iis
392 3251 463 3311 ad
495 3252 760 3332 Hesperu
807 3274 974 3316 ceras
1004 3257 1188 3314 unius.
1250 3273 1359 3316 nec
1388 3256 1778 3319 Mauretaniae
1809 3257 2241 3338 insularqu·

294 3333 406 3393 tior
436 3333 585 3394 fama
616 3344 720 3395 est.
782 3355 996 3416 paucas
1025 3338 1195 3406 modo
1230 3348 1455 3402 constat
1484 3359 1616 3402 esse
1648 3359 1726 3403 ex
1755 3341 2009 3406 adverso
2033 3339 2275 3462 Addo
