2320 3650
519 99 681 149 nA'r.
722 96 902 147 msr.
936 97 1039 146 111.
1081 92 1321 148 16-19.
1358 78 1659 166 (ευ-23.)
2052 85 2171 147 149

148 258 352 319 Histro
382 254 444 314 in
464 253 736 316 Hadriam
767 251 1043 312 effluente
1077 268 1111 309 e
1130 248 1397 324 Danuvio
1428 266 1594 310 amne
1627 249 1952 330 eodemque
1974 249 2170 312 Histro

151 341 550 403 exadversum
582 336 721 399 Padi
755 335 971 410 faucis,
1030 333 1321 394 contrario
1367 349 1568 396 eorum
1600 350 1887 411 percussu
1917 336 2060 395 mari
2089 336 2169 395 in-

150 427 411 486 teriecto
455 421 866 496 dulcescente,
911 418 1181 497 plerique
1231 416 1434 477 dixere
1466 417 1640 492 falso,
1678 425 1738 476 et
1764 416 1970 496 Nepos
2002 420 2173 480 etiam

148 508 289 571 Padi
318 506 555 567 adcola.
600 503 791 564 nullus
822 503 972 563 enim
1005 520 1082 561 ex
1108 500 1374 561 Danuvio
1406 501 1585 560 amuis
1614 501 1673 559 in
1700 519 1860 561 mare
1888 501 2126 565 Hadria·
2154 512 2259 567 128

105 617 132 658 ι
154 594 341 653 ticum.
372 588 702 649 effunditur.
762 586 1049 665 deceptos
1096 585 1307 659 credo,
1365 586 1634 663 quoniam
1664 584 1828 661 Argo
1874 587 2034 645 navis
2070 586 2172 646 tlu-

147 677 307 736 mine
335 675 399 733 in
422 690 581 732 mare
605 670 995 731 Hadriaticum
1020 668 1326 730 descendit
1348 685 1465 727 non
1488 668 1695 748 procul
1719 668 2031 746 Tergeste,
2060 688 2174 730 nec

150 761 267 820 iam
320 764 555 818 constat
611 770 725 833 quo
770 752 1018 813 flumine.
1078 752 1294 829 umeris
1345 760 1667 813 travectam
1717 752 1887 831 Alpis
1930 752 2172 829 diligen-

149 844 342 904 tiores
375 839 642 913 tradunt,
689 836 919 897 subisse
965 845 1155 897 autem
1184 834 1414 911 Histro,
1460 836 1594 897 dein
1627 837 1815 911 Savo,
1853 836 1988 897 dein
2020 835 2173 896 Nau-

152 934 367 1005 porto,
419 923 513 983 cui
546 937 759 982 nomen
799 939 877 981 ex
917 938 989 981 ea
1021 937 1199 981 causa
1233 927 1325 979 est
1354 920 1504 981 inter
1533 919 1853 1002 Aemonam
1884 919 2173 999 Alpisque

92 1027 143 1070 ιο
160 1008 477 1070 exorienti.
1806 1065 1811 1070 ,

288 1091 389 1153 19.
425 1088 597 1168 (23.)
621 1087 832 1154 Histria
854 1095 913 1147 ut
942 1086 1247 1164 peninsula
1282 1086 1555 1146 excurrit.
1608 1086 1986 1147 Latitudinem
2011 1088 2137 1148 eius
2157 1096 2260 1150 129

161 1174 262 1236 XL
292 1173 354 1234 M
384 1191 545 1252 pass.
584 1172 880 1232 circuitum
916 1168 1130 1229 CXXV
1159 1168 1219 1229 Μ
1250 1170 1563 1248 prodidere
1599 1171 1860 1248 quidam,
1906 1172 2043 1232 item
2076 1171 2175 1231 ad-

162 1259 464 1320 haerentis
487 1254 791 1315 Liburniae
815 1264 872 1314 et
893 1253 1172 1314 Flanatici
1199 1255 1377 1328 sinus,
1414 1252 1821 1329 aliiCCXXV,
1858 1255 1955 1315 alii
1975 1253 2173 1314 Libur-

163 1344 298 1403 niae
323 1338 592 1401 CLXXX
613 1337 672 1397 Μ
695 1356 852 1416 pass.
908 1337 1167 1396 nonnulli
1199 1338 1256 1396 in
1287 1335 1639 1397 Flanaticum
1674 1337 1857 1397 sinum
1881 1337 2175 1416 Iapydiam

93 1446 145 1487 15
167 1439 524 1505 promovere
556 1440 590 1483 a
618 1431 789 1498 tergo
820 1420 1070 1481 Histriae
1103 1418 1318 1480 CXXX
1345 1419 1404 1479 Μ
1445 1437 1600 1497 pass.
1621 1449 1659 1496 ,·
1688 1420 1819 1481 dein
1850 1420 2177 1481 Liburniam

162 1507 257 1570 CL
285 1507 347 1568 M
378 1506 607 1567 fecere.
677 1504 987 1566 Tuditanus
1019 1505 1117 1583 qui
1151 1504 1366 1564 domuit
1395 1503 1622 1564 Histros
1654 1504 1711 1562 in
1744 1513 1928 1564 statua
1964 1522 2066 1564 sua
2097 1503 2178 1563 ibi

160 1591 496 1669 inscripsit:
531 1587 662 1648 Ab
694 1587 1052 1667 Aquileia
1103 1588 1189 1648 ad
1232 1586 1519 1662 Tityum
1559 1587 1835 1647 flumen
1876 1588 2059 1648 stad.
2095 1585 2173 1647 M.

163 1674 400 1754 Oppida
430 1671 681 1732 Histriae
714 1673 918 1731 civium
952 1670 1340 1732 Romanorum
1373 1670 1636 1748 Aegida,
1681 1670 2037 1746 Parentium,
2076 1686 2175 1730 co-

161 1758 320 1820 lonia
344 1757 491 1817 Pola
522 1774 670 1835 quae
697 1774 850 1815 nunc
874 1756 1065 1816 Pietas
1086 1754 1250 1832 Iulia,
1289 1755 1577 1835 quondam
1599 1773 1631 1814 a
1660 1751 1898 1815 Colchis
1922 1755 2172 1817 condita.

92 1843 335 1907 ”abest
370 1859 404 1902 a
423 1840 716 1919 Tergeste
743 1838 787 1899 C
813 1838 872 1899 M
885 1858 1060 1982 {aaa
1112 1857 1249 1900 mox
1273 1840 1550 1918 oppidum
1576 1838 1913 1900 Nesactium
1944 1850 2003 1900 et
2025 1857 2176 1899 nunc

160 1927 292 1987 linis
334 1924 538 1986 Italiae
576 1924 779 1984 fluvius
810 1924 896 1983 Ar
932 1924 1001 1984 ‘a.
1069 1924 1271 1984 Polam
1313 1922 1386 1983 ab
1421 1922 1665 1985 Ancona
1706 1924 1984 1985 traiectus
2017 1920 2177 1983 CXX

159 2009 222 2071 Μ
265 2026 428 2088 pass.
480 2017 588 2067 est.
648 2006 713 2067 In
761 2008 1188 2068 mediterraneo
1233 2008 1492 2084 regionis
1539 2008 1818 2067 decumae
1869 2008 2135 2067 coloniae
2157 2012 2261 2068 130

149 2091 485 2167 -Cremona,
504 2090 698 2152 Brixia
724 2088 1182 2151 Cenomanorum
1201 2108 1367 2168 agro,
1385 2090 1741 2151 Venetorum
1764 2100 1953 2151 autem
1967 2091 2175 2151 Ateste

160 2185 225 2236 et
254 2175 478 2254 oppida
508 2174 775 2251 Acelum,
812 2174 1123 2250 Patavium,
1156 2173 1549 2252 Opitergium,
1580 2173 1889 2250 Belunum,
1925 2174 2172 2234 Vicetia.

93 2258 399 2323 ”Mantua
426 2258 743 2323 Tuscorum
770 2267 928 2318 trans
951 2257 1164 2318 Padum
1185 2258 1313 2317 sola
1347 2259 1590 2337 reliqua.
1638 2257 1902 2318 Venetos
1926 2257 2175 2317 Troiana

161 2345 353 2422 stirpe
393 2350 556 2401 ortos
587 2352 787 2402 auctor
820 2350 910 2401 est
942 2339 1109 2418 Cato,
1146 2340 1514 2401 Cenomanos
1542 2342 1696 2403 iuxta
1729 2341 2041 2407 Massiliam
2074 2341 2173 2401 ha-

157 2420 389 2489 bitasse
414 2426 473 2484 in
493 2423 718 2484 Volcis.
772 2424 990 2485 Fertini
1022 2434 1082 2484 et
1111 2424 1428 2486 Tridentini
1460 2434 1516 2486 et
1549 2424 1900 2502 Beruenses,
1934 2425 2177 2486 Raetica

161 2509 421 2590 oppida,
465 2506 779 2568 Raetorum
813 2517 874 2568 et
901 2507 1311 2586 Euganeorum
1336 2508 1607 2585 Verona,
1640 2508 1925 2570 Iulienses
1958 2507 2174 2570 Carno-

159 2596 322 2655 rum:
368 2592 525 2668 dein,
560 2609 707 2669 quos
730 2592 1125 2671 scrupulosius
1155 2593 1354 2653 dicere
1381 2610 1495 2653 non
1517 2595 1771 2670 attineat,
1804 2594 2173 2664 Alutrenses,

95 2676 533 2752 ammiates,
576 2674 1012 2736 Flamonienses
1037 2674 1363 2737 Vauienses
1396 2687 1455 2737 et
1477 2677 1574 2737 alii
1598 2678 1939 2754 cognomine
1965 2674 2173 2747 Culici,

162 2758 610 2833 Foroiulienses
646 2761 990 2837 cognomine
1024 2759 1450 2839 Transpadani,
1493 2759 1796 2836 Foretani,
1832 2759 2172 2830 Nediuates,

163 2842 537 2922 Quarqueni,
573 2842 903 2919 Taurisani,
941 2843 1298 2921 Togienses,
1329 2843 1593 2904 Varvari.
1657 2843 1721 2903 In
1754 2843 1870 2903 hoc
1912 2844 2023 2903 situ
2053 2843 2132 2902 in·
2159 2847 2256 2903 131

161 2927 390 2987 tericre
434 2945 546 3006 per
589 2943 746 2987 oram
787 2927 1047 3003 Irmene,
1099 2928 1376 3004 Pellaon,
1422 2927 1758 3002 Palsicium,
1812 2945 1889 2987 ex
1931 2925 2176 2986 Venetis

135 3008 342 3070 -Atina
378 3019 439 3071 et
470 3008 738 3086 Caelina,
774 3009 977 3075 Carnis
1006 3012 1259 3088 Segeste
1297 3022 1355 3071 et
1384 3010 1569 3087 Ocra,
1607 3010 1899 3071 Tauriscis
1932 3009 2171 3071 Noreia.

95 3101 228 3155 auct
249 3092 325 3154 ab
349 3092 623 3172 Aquileia
645 3094 718 3154 ad
741 3094 1139 3154 duodecimum
1162 3095 1413 3172 lapidem
1434 3094 1685 3167 deletum
1709 3094 1982 3173 oppidum
2004 3096 2174 3155 etiam

161 3174 347 3237 invito
382 3187 588 3237 senatu
619 3195 651 3237 a
675 3174 928 3238 'Claudio
959 3176 1242 3238 Marcello
1273 3178 1335 3238 L.
1373 3177 1504 3237 Piso
1552 3188 1755 3238 auctor
1796 3187 1904 3239 est.
1970 3179 2034 3239 In
2063 3178 2174 3238 hac

164 3259 416 3407 ‘3⁶:¹1⁶
449 3270 510 3404 ἓξ
536 3258 2176 3424 333033023533?§iiiimxiii§tiuasszzi‘uitss‘

388 3386 408 3423 2
685 3422 688 3427 ,
1315 3388 1333 3420 9
1967 3390 1986 3412 ¹·
