2320 3650
238 106 354 168 106
405 113 408 118 ’
907 115 991 162 .c.
1041 116 1235 162 mm
1275 115 1576 163 saccum

233 275 466 334 charum
496 269 853 330 examinibus
886 268 1145 346 singulas
1189 269 1579 345 magnitudine
1608 278 1666 328 et
1697 278 1988 330 vetustate
2022 269 2225 348 praeci·
2262 285 2272 310 t

234 375 377 435 puas
407 373 542 414 esse
575 354 757 414 veluti
786 353 967 413 duces
993 353 1173 411 mirae
1206 352 1277 412 ad
1302 353 1619 413 cavendum
1649 353 1973 414 sollertiae.
2008 353 2109 414 has
2132 354 2227 414 uri·

224 437 481 499 'nantium
528 457 665 497 cura
707 439 860 515 peti,
910 437 1027 496 illis
1059 438 1246 514 captis
1278 435 1458 498 facile
1491 446 1735 512 ceteras
1749 437 1997 516 palantis
2030 436 2227 497 retibus

231 524 461 583 includi.
519 523 698 583 multo
753 520 961 581 deinde
1029 520 1237 580 obruta
1286 519 1410 580 sale
1466 522 1525 580 in
1586 523 1742 581 vasis
1798 521 2074 582 fictilibus
2110 538 2229 582 rosa

230 626 406 672 carne
442 609 594 685 omni
621 606 868 665 nucleos
900 605 1184 683 quosdam
1219 621 1553 682 corporum,
1587 606 1702 665 hoc
1730 615 1824 678 est
1858 607 2129 682 uniones,
2147 606 2259 666 cle-s

231 693 428 753 cidere
462 694 520 750 in
548 693 675 750 ima.
2270 691 2271 706 ¹

144 788 247 840 112
387 776 555 854 (56.)
592 774 724 834 Usu·
750 775 916 834 atteri
947 790 1066 832 non
1095 772 1326 833 dubium
1359 782 1487 848 est,
1520 773 1905 852 coloremque
1946 775 2228 851 indiligen-

229 864 309 921 tia
340 870 584 920 mutare.
637 859 748 918 dos
779 860 964 916 omnis
987 859 1045 916 in
1077 858 1359 933 candore,
1384 858 1797 934 magnitudine,
1825 857 1995 933 orbe,
2026 858 2226 932 levore,

228 945 516 1024 pondere,
540 944 678 1004 haut
701 943 985 1021 promptis
1001 941 1180 1001 rebus
1198 943 1266 1000 'in
1281 950 1495 1001 tantum
1514 951 1574 1000 ut
1591 942 1735 1001 nulli
1749 942 1863 1001 duo
1886 944 2228 1021 reperiantur

227 1029 547 1104 indiscreti,
584 1027 735 1088 unde
773 1043 983 1085 nomen
1029 1027 1298 1085 unionum
1329 1025 1625 1086 Romanae
1670 1026 1906 1086 scilicet
1934 1030 2268 1106 inposuere&

228 1113 497 1173 deliciae.
562 1129 691 1170 nam
737 1111 791 1168 id
836 1111 1002 1189 apud·
1032 1109 1295 1172 Graecos
1334 1127 1449 1169 non
1492 1118 1612 1186 est,
1658 1129 1733 1170 ne
1774 1112 1933 1190 apud
1966 1111 2227 1174 barbatos

144 1196 489 1274 ll3quidem
520 1197 855 1254 inventores
888 1196 1012 1253 eius
1055 1194 1215 1254 aliud
1254 1212 1427 1272 q-uam
1460 1196 1833 1271 margaritae.
1897 1193 1973 1254 Et
2017 1196 2075 1253 in
2115 1214 2226 1255 can·

227 1282 371 1341 dore
406 1281 534 1358 ipso
566 1297 778 1356 magna
806 1279 1150 1338 differentia.
1228 1278 1442 1337 clarior
1472 1280 1533 1338 in
1554 1277 1764 1338 *Rubro
1799 1281 1951 1339 mari
1972 1280 2225 1357 repertis,

225 1364 460 1424 Indicos
501 1363 898 1442 specularium
935 1363 1193 1441 lapidum
1234 1381 1472 1440 squama
1517 1362 1824 1423 adsimulat
1855 1364 2004 1423 alias
2036 1364 2224 1439 magni-

227 1449 419 1509 tudine
465 1447 903 1526 praecellentis.
966 1465 1184 1507 summa
1238 1447 1364 1507 laus
1405 1447 1624 1508 colo-ris
1680 1456 1773 1528 est
1833 1448 2271 1508 exaluminatosu

230 1535 451 1593 vocari.
516 1542 573 1590 et
606 1531 1046 1609 procerioribus
1086 1549 1190 1589 sua
1235 1532 1421 1607 gratia
1455 1540 1564 1614 est.
1613 1530 1901 1607 elenchos
1953 1531 2224 1612 appellant
2270 1559 2271 1566 ¹

228 1617 497 1693 fastigata
531 1616 887 1692 longitudine
922 1615 1343 1676 alabastrorum
1379 1615 1563 1691 figura
1594 1617 1653 1673 in
1685 1614 2027 1693 pleniorem
2051 1615 2223 1678 orbem
2270 1629 2271 1690 j

145 1710 248 1761 1145
264 1702 601 1760 desinentis.
633 1700 758 1759 Hos
782 1700 974 1776 digitis
1002 1700 1367 1777 suspendere,
1388 1708 1448 1757 et
1478 1698 1648 1758 binos
1679 1718 1750 1758 ac
1785 1685 1991 1760 t¹ernos
2020 1699 2222 1761 auribus

229 1785 566 1857 feminarum
592 1783 785 1861 gloria
813 1792 921 1843 est.
978 1783 1227 1845 subeunt
1256 1783 1525 1847 luxuriae
1552 1784 1676 1843 eius
1700 1786 1939 1845 nomina
1967 1794 2030 1844 et
2066 1783 2223 1846 taedia

231 1871 517 1947 exquisita
553 1869 783 1946 perdi-to
815 1878 1127 1946 nepotatu,
1162 1868 1613 1946 siquidem‚cum
1642 1867 1701 1928 id
1735 1868 1977 1944 fecere,
2009 1868 2272 1931 crotalian'

231 1953 561 2031 appellant,
589 1978 590 1983 ¹
619 1971 729 2011 ceu
764 1969 910 2011 sono
947 1970 1185 2031 quoque
1220 1946 1512 2028 gaudeant
1552 1961 1613 2011 et
1656 1952 1884 2012 conlisu
1931 1954 2064 2031 ipso
2104 1971 2223 2012 mar·

228 2039 561 2112 garitarum.
620 2046 980 2124 carpuntque
1014 2039 1124 2096 iam
1156 2045 1214 2095 et
1248 2054 1544 2116 pauperes
1597 2032 1877 2096 lictorem
1914 2037 2157 2097 feminae
2182 2037 2225 2093 in

167 2122 170 2128 ’
231 2121 465 2200 publico
501 2121 768 2181 unionem
806 2140 941 2180 esse
985 2121 1337 2181 dictitantes.
1372 2123 1530 2198 ¹quin
1566 2129 1633 2178 et⁴
1661 2119 1942 2198 pedihus»,
1986 2141 2096 2181 nec
2122 2137 2223 2180 cre·

230 2207 490 2284 pidarum
536 2215 752 2265 tantum
801 2204 1157 2282 obsti-agulis
1210 2205 1316 2265 sed
1358 2206 1496 2265 totis
1553 2203 1810 2265 socculis
1855 2205 2090 2266 addunt.
2145 2221 2221 2263 ne·

230 2309 343 2368 que
380 2291 533 2349 enim
576 2299 818 2367 gestare
847 2291 958 2349 iam
999 2291 1374 2365 margaritas,
1424 2289 1535 2347 nisi
1566 2287 1798 2347 calcent
1842 2307 1916 2349 ac
1953 2309 2061 2367 per
2091 2289 2272 2365 uuio-2³

146 2384 243 2435 115
261 2392 365 2433 nes
399 2376 568 2433 etiam
598 2374 915 2450 ambulent,
948 2374 1089 2433 satis
1125 2382 1237 2431 est.
1294 2371 1358 2431 In
1389 2381 1591 2453 nostro
1628 2373 1775 2433 mari
1804 2376 2063 2452 reperiri
2094 2371 2221 2437 sole-

232 2457 397 2531 bant,
448 2458 712 2518 crebrius
759 2460 914 2518 circa
955 2457 1279 2534 Bosporum
1336 2455 1672 2531 Thracium,
1718 2457 1826 2516 rufi
1876 2476 1953 2517 ac
1993 2457 2147 2537 parvi
2182 2456 2224 2512 in

232 2543 471 2602 conchis
507 2560 650 2620 quas
693 2561 854 2618 myas
902 2541 1219 2621 appellant.
1276 2550 1333 2601 at
1374 2541 1433 2598 in
1462 2538 1790 2600 Acarnania
1822 2559 1978 2620 quae
2015 2547 2225 2601 vocatur

233 2629 362 2705 pina
393 2628 599 2703 gignit,
628 2643 740 2704 quo
774 2628 1018 2705 adparet
1045 2643 1165 2684 non
1195 2643 1308 2684 uno
1334 2623 1595 2684 conchae
1623 2643 1848 2702 genere
1870 2627 2055 2685 nasci.
2098 2641 2223 2685 nam·
2270 2634 2271 2643 ¹

232 2730 345 2791 que
379 2721 436 2770 et
467 2711 607 2770 Iuba
641 2710 810 2769 tradit
843 2710 1111 2770 Arabicis
1149 2709 1434 2770 concham
1469 2727 1606 2769 esse
1635 2709 1889 2769 similem
1920 2710 2136 2788 pectini
2156 2707 2272 2766 iii-³¹

234 2805 433 2869 secto,
489 2795 763 2854 hirsutam
805 2794 1138 2863 echinorum
1178 2792 1388 2866 mod0‚
1444 2793 1637 2870 ipsum,
1672 2786 1951 2853 unionem
1989 2786 2049 2854 in
2076 2806 2225 2854 came
2270 2796 2271 2817 ²

229 2880 490 2957 grandini
526 2879 790 2937 similem.
867 2878 1127 2937 conchae
1157 2895 1274 2936 non
1304 2877 1461 2936 tales
1483 2876 1558 2937 ad
1592 2893 1700 2935 nos
1732 2876 2100 2940 adferuntur.
2134 2890 2226 2937 nec

228 2967 284 3022 in
315 2965 639 3024 Acarnania
672 2972 863 3023 autem
899 2962 1113 3022 laudati
1153 2962 1557 3040 reperiuntur,
1604 2977 1883 3023 enormes
1913 2972 1975 3022 et
2004 2961 2118 3024 teri
2147 2975 2224 3018 co·
2270 3020 2271 3039 ἶ

230 3047 487 3125 lorisque
527 3048 853 3114 marmorei.
912 3046 1191 3106 meliores
1225 3047 1385 3105 circa
1416 3043 1685 3120 Actium,
1729 3044 1838 3105 sed
1869 3056 1932 3105 et
1975 3046 2039 3107 hi
2069 3042 2222 3127 parvi,
2270 3100 2271 3121 ἶ

232 3132 384 3186 etin
423 3131 817 3191 Mauretaniae
864 3131 1180 3190 maritimis,
1245 3128 1585 3190 Alexander
1628 3128 1966 3208 polyhistor
1997 3140 2057 3195 et
2086 3124 2272 3193 ssd-⁸1

231 3227 336 3268 nes
370 3230 687 3273 senescere
725 3231 830 3272 eos
863 3222 1063 3292 putant
1101 3214 1478 3290 coloremque
1513 3213 1841 3290 exspirare.
2270 3270 2271 3289 χ

151 3299 252 3353 116
391 3293 556 3370 (57.)
605 3296 819 3356 Eoru'm
859 3315 1074 3376 corpus
1106 3297 1352 3358 solidum
1383 3314 1521 3359 esse
1550 3297 1922 3359 manifestum
1954 3309 2072 3376 est,
2099 3289 2222 3377 qimi
2270 3292 2271 3349 Ῑ

233 3371 388 3430 nullo
436 3372 602 3449 lapsu
643 3379 997 3455 franguntur.
1079 3398 1194 3440 non
1249 3389 1707 3460 autem-semper
1740 3382 1799 3442 in
1840 3384 2041 3445 media
2081 3392 2224 3447 came
