2320 3650
504 130 664 177 NAT.
703 107 884 178 ms'r.
913 128 1097 178 vnn.
1136 119 1375 182 37—42.
1413 117 1712 203 (fil—66.)
1982 107 2098 183 {1'1

87 287 195 367 pha
238 291 383 347 tunc
429 283 734 345 dicebatur
780 303 932 364 quae
971 284 1063 345 bis
1113 286 1293 346 tincta
1335 289 1527 363 esset,
1574 286 1771 347 veluti
1797 290 2102 367 magnifico

84 372 394 451 inpendi0,
434 370 683 458 qualiter
717 388 869 429 nunc
897 388 1098 429 omnes
1131 388 1320 448 paene
1349 372 1776 432 commodiores
1809 393 2102 453 purpurae

84 459 408 535 tinguntur.

205 541 378 618 (643)
441 539 503 599 In
554 539 918 614 conchyliata
950 547 1120 599 veste
1170 548 1367 599 cetera
1410 540 1614 601 eadem
1658 542 1782 601 sine
1832 542 2066 619 bucnm,
2089 552 2190 607 138

51 636 443 705 spraeterque
467 626 563 682 ins
591 632 951 701 temperatur
980 640 1128 702 aqua
1160 634 1218 683 et
1248 641 1355 702 pro
1395 626 1640 685 indiviso
1673 626 1900 685 humani
1930 629 2104 704 potus

84 718 484 771 excremento.
553 705 789 773 dimidia
825 717 893 767 et
917 708 1301 767 'medicamina
1349 709 1649 769 adduntur
1722 711 1810 769 sic
1848 711 2105 786 gignitur

82 795 347 855 laudatus
373 789 477 851 ille
508 792 701 871 pallor
725 792 1023 852 saturitate
1050 792 1311 853 fraudata
1330 803 1612 873 tantoque
1633 794 1868 855 dilutior
1888 804 2100 882 quanto

81 881 259 957 magis
291 877 523 937 vellera
556 878 831 936 esuriunt.
1054 897 1070 910 1

200 963 306 1023 4o.
356 959 548 1021 Pretia
583 959 1013 1021 medicamento
1048 971 1176 1022 sunt
1218 962 1445 1042 quidem
1480 981 1588 1041 pro
1621 962 1923 1023 fertilitate
1969 961 2099 1023 lito-

48 1065 198 1107 nrum
229 1037 479 1122 viliora,
512 1061 628 1104 non
655 1054 852 1105 tamen
883 1064 1121 1124 usquam
1157 1048 1379 1125 pelagii
1411 1057 1688 1108 centenas
1724 1048 1902 1107 libras
1941 1048 2099 1127 quin-

82 1149 381 1230 quagenos
431 1139 695 1189 nummos
747 1132 1043 1190 excedere
1088 1140 1146 1191 et
1184 1129 1381 1189 bucini
1435 1142 1716 1192 centenos
1773 1134 1956 1192 sciant
2005 1133 2100 1212 qui

81 1218 180 1277 ista
213 1224 551 1275 mercantur
567 1215 859 1273 inmense.

200 1301 372 1379 (65)
434 1299 551 1386 Sed
600 1297 732 1358 alia
757 1317 789 1357 e
843 1295 956 1359 fine
993 1301 1192 1375 initia,
1239 1300 1512 1377 iuvatque
1553 1299 1757 1360 ludere
1788 1299 2064 1378 inpendio
2084 1308 2186 1363 139

82 1393 136 1444 et
182 1386 350 1444 lusus
406 1377 703 1461 geminare
755 1384 1054 1443 miscendo
1108 1385 1432 1461 iterumque
1487 1393 1543 1442 et
1594 1383 1722 1462 ipsa
1768 1385 2098 1443 adulterare

48 1468 359 1528 sadnlteria
390 1475 668 1541 naturae,
713 1468 861 1527 sicut
889 1468 1217 1527 testudines
1255 1469 1552 1544 tinguere,
1611 1477 1910 1544 argentum
1957 1484 2097 1527 auro

82 1552 439 1613 confundere
479 1561 537 1610 ut
582 1552 800 1611 electra
846 1552 1015 1627 fiant,
1076 1552 1293 1611 addere
1348 1552 1435 1610 his
1495 1570 1632 1611 aera
1678 1562 1739 1611 ut
1780 1550 2095 1611 Corinthia.

78 1638 174 1697 41.
207 1635 368 1695 Non
418 1644 512 1695 est
558 1636 697 1695 satis
752 1635 1063 1696 abstulisse
1109 1653 1373 1714 gemmae
1428 1640 1641 1695 nomen
1694 1635 2094 1711 amethystum

79 1719 299 1781 rursum
349 1720 675 1780 absolutum
721 1719 1039 1780 inebriatur
1089 1720 1301 1797 Tyrio,
1352 1729 1412 1779 ut
1455 1722 1531 1779 sit
1579 1739 1652 1779 ex
1702 1721 1953 1800 utroque
1993 1737 2095 1779 no-

78 1821 209 1866 men
251 1804 555 1884 inprobum
599 1797 884 1884 simulque
930 1804 1155 1865 luxuria
1201 1805 1456 1885 duplex,
1506 1814 1564 1866 et
1607 1821 1733 1866 cum
1779 1806 2096 1866 confecere

49 1888 417 1966 ›conchylia,
467 1890 714 1948 transire
765 1888 973 1948 melius
1026 1891 1082 1948 in
1135 1886 1367 1966 Tyrium
1406 1899 1626 1969 putant
1705 1892 2059 1969 paenitentia
2082 1900 2184 1953 140

79 1976 190 2035 hoc
239 1977 480 2054 primum
526 1973 724 2033 debet
750 1975 1045 2033 invenisse
1088 1975 1310 2035 artifice
1368 1984 1620 2034 mutante
1666 1976 1819 2054 quod
1868 1977 2093 2056 damna7

75 2059 187 2120 hat.
254 2059 386 2119 inde
430 2060 576 2118 ratio
620 2066 779 2133 nata,
824 2064 1020 2117 votum
1063 2074 1300 2138 quoque
1345 2058 1558 2118 factum
1605 2079 1637 2119 e
1676 2062 1818 2120 vitio
1861 2069 2094 2138 porten-

77 2145 222 2203 tosis
254 2143 500 2227 ingeniis
550 2151 609 2200 et
650 2145 879 2218 gemina
928 2142 1318 2203 demonstrata
1352 2143 1446 2202 via
1488 2144 1786 2220 luxuriae,
1826 2154 1886 2202 ut
1930 2144 2096 2202 color

49 2228 221 2288 ειΕιιε
251 2229 580 2306 operiretur
611 2227 727 2286 alio
766 2228 999 2285 suavior
1029 2229 1117 2286 ita
1166 2228 1292 2286 lieri
1335 2226 1642 2304 leniorque
1684 2228 1888 2286 dictuS.
1961 2227 2095 2305 quin

49 2320 146 2372 ›et'
159 2320 399 2372 terrena
429 2312 682 2371 miscere
716 2328 1021 2391 coccoque
1053 2313 1293 2370 tinctum
1324 2309 1503 2386 Tyrio
1530 2313 1797 2388 tinguere
1835 2321 1893 2371 ut
1928 2311 2095 2369 fieret

76 2398 398 2477 hysginum.
473 2393 728 2455 Coccum
757 2394 1019 2456 Galatiae
1051 2394 1267 2454 rubens
1297 2412 1558 2472 granum,
1582 2405 1642 2453 ut
1675 2396 1932 2455 dicemus
1953 2395 2180 2476 {332141

74 2483 130 2540 in
179 2479 585 2556 terrestribuS,
641 2489 736 2539 aut
787 2481 941 2539 circa
992 2472 1327 2539 Emeritam
1354 2477 1680 2538 Lusitaniae
1738 2483 1795 2539 in
1834 2497 2097 2540 maxuma

74 2565 245 2625 laude
276 2575 383 2624 est.
444 2580 678 2640 verum,
709 2573 773 2622 ut
808 2563 975 2624 simul
1010 2573 1365 2642 peragantur
1390 2562 1611 2623 nobilia
1644 2564 1958 2642 pigmenta,
1998 2584 2093 2622 an-

76 2650 271 2710 ni'culo
305 2666 484 2727 grano
515 2649 821 2726 languidus
845 2667 1046 2724 sucuS,
1072 2649 1225 2708 idem
1258 2664 1289 2708 a
1324 2648 1619 2727 quadrimo
1657 2649 1952 2708 evanidus).
2018 2650 2094 2707 ita

51 2738 192 2793 -uec
238 2735 466 2794 receuti
496 2732 689 2808 vireS,
723 2746 931 2810 neque
987 2733 1338 2792 senescenti.
1415 2731 1660 2791 Abunde
1710 2741 1955 2792 tractata
2007 2741 2095 2790 est

73 2818 221 2878 ratio
255 2817 363 2913 qua
396 2836 462 2877 se
483 2818 741 2910 virorum
770 2819 924 2877 iuxta
955 2818 1409 2895 feminarumque
1440 2817 1624 2876 forma
1651 2817 1838 2877 credit
1862 2815 2091 2895 amplis·

75 2902 275 2963 simam
279 2902 448 2962 lieri.

202 2984 301 3067 42.
350 2986 519 3066 (66.)
559 2980 946 3046 Concbarum
993 2954 1227 3065 generis
1263 2997 1319 3046 et
1362 2987 1494 3065 pina
1539 2996 1646 3046 est
1714 2985 1969 3043 nascitur
1998 2985 2176 3051 in142

51 3058 296 3130 ¹limosis
328 3071 598 3132 subrecta
638 3088 872 3151 semper
900 3089 1012 3130 nec
1051 3088 1317 3157 umquam
1351 3071 1474 3130 sine
1508 3064 1752 3145 comite,
1802 3086 1972 3146 quem
2005 3071 2089 3146 pi·

69 3148 358 3216 ndtheren
381 3165 617 3231 vocant
645 3156 741 3215 alii
764 3156 1236 3234 pinophylacem,
1262 3155 1317 3215 id
1344 3165 1434 3215 est
1455 3152 1666 3233 squilla
1695 3171 1893 3233 parva,
1916 3152 2091 3213 aliubi

75 3252 290 3299 cancer
334 3238 502 3320 dapis
554 3234 904 3300 adsectator
988 3240 1184 3318 pandit
1232 3258 1294 3299 se
1353 3241 1486 3317 pina
1533 3238 1836 3299 luminibus
1888 3237 2091 3297 orbum

49 3328 290 3404 corpus
318 3326 469 3384 intus
507 3325 738 3383 minutis
780 3324 1039 3402 piscibus
1076 3324 1388 3402 praebens
1463 3324 1746 3384 adsultant
1788 3324 1872 3382 illi
1911 3324 2088 3401 proti·
2145 3350 2149 3354 ·

73 3414 182 3466 nus
212 3418 301 3486 et,
332 3409 429 3468 ubl
463 3408 698 3468 licentia
730 3409 968 3468 audacia
1003 3409 1187 3468 crevit
1203 3408 1470 3487 ,inplent
1509 3426 1651 3468 eam.
1713 3408 1828 3468 hoc
1863 3417 2091 3483 tempus

2214 3522 2272 3580 A
