2320 3650
141 72 146 85 ¹
184 102 309 167 276
882 108 944 156 e.
976 107 1169 157 pum
1200 105 1499 155 succum
1625 146 1632 153 .
2277 104 2278 155 1

188 271 299 333 iam
336 281 479 329 vero
508 264 659 327 alios
694 263 1292 338 lectum-exspectare
1318 275 1433 319 non
1466 275 1673 341 posse,
1704 259 1882 318 immo
1918 276 2066 318 vero
2095 275 2194 317 nee

190 353 457 425 tunicam,
488 348 792 426 nudosque
821 345 901 407 ibi
928 346 1192 424 protinus
1228 352 1289 403 et
1317 342 1562 405 anhelos
1592 343 1859 418 ingentia
1889 360 2040 407 vasa
2074 359 2193 407 con·

188 437 408 513 ripere,
445 433 606 493 velut
634 431 706 492 ad
738 430 1182 491 ostentationem
1213 429 1446 502 virium,
1478 444 1548 487 ac
1580 425 1759 504 plene
1783 426 2120 501 infundere,
2149 434 2198 485 ut

188 520 377 586 statim
417 524 646 581 vomant
680 531 1002 591 rursusque
1040 513 1331 587 hauriant,
1380 511 1557 588 idque
1594 511 1806 571 iterum
1833 500 2197 589 tertiumque,

189 611 475 682 tamqnam
515 599 590 662 ad
628 597 925 678 perdenda
969 598 1101 657 vina
1139 596 1354 673 geniti,
1402 603 1462 654 et
1505 605 1799 673 tamquam
1845 594 2071 654 effundi
2114 593 2237 653 illa⁵

108 695 212 750 140
232 703 351 747 non
379 685 604 764 possint
629 684 874 760 nisi-per
905 697 1118 760 corpus
1147 679 1468 745 humanum.
1515 679 1610 738 Ad
1630 678 1749 738 hoc
1779 681 2088 756 pertinent
2113 696 2199 756 pe·

191 771 462 849 regrinae
509 767 964 829 exercitationes
1015 773 1076 823 et
1115 764 1397 827 volutatio
1442 764 1499 821 in
1541 780 1725 827 caeno
1771 781 1845 822 ac
1893 773 2201 840 pectorosa

194 854 444 917 cervicis
477 851 772 930 repandae
802 850 1135 909 ostentatio.
1189 866 1295 925 per
1324 849 1513 907 omnia
1538 846 1690 905 haee
1722 846 2112 924 praedicatur
2137 847 2200 905 si·

192 941 267 999 tis
310 937 530 1016 quaeri.
593 937 705 995 iam
734 951 878 994 vero
923 950 1075 1011 quae
1108 933 1166 990 in
1195 930 1448 995 bibendo
1483 931 1830 1006 certamina,
1854 921 2042 1011 ‘quae
2083 947 2202 990 vasa
2273 946 2279 1013 1

193 1021 489 1082 adulteriis
534 1019 791 1092 caelata,
845 1027 1132 1095 tamquam
1174 1033 1282 1093 per
1321 1034 1389 1077 se
1431 1032 1634 1093 parum
1674 1013 1902 1077 doceat
1947 1015 2204 1079 libidines
2220 1030 2253 1069 1⁹

193 1102 555 1167 temulentia!
597 1104 673 1162 ita
705 1103 836 1161 vina
866 1119 944 1161 ex
969 1100 1210 1159 libidine
1237 1097 1591 1172 hauriuntur,
1622 1107 1804 1176 atque
1835 1102 2023 1161 etiam
2055 1117 2202 1178 prae-

192 1189 305 1253 mio
335 1188 603 1253 invitatur
636 1185 889 1246 ebrietas
922 1193 1004 1260 et,
1035 1186 1087 1243 si
1116 1183 1207 1244 dis
1239 1182 1459 1261 placet,
1495 1184 1719 1242 emitur.
1774 1182 1937 1244 alius
1959 1194 2019 1243 ut
2047 1201 2201 1262 quan·
2277 1230 2278 1245 ,

194 1281 311 1331 tum
344 1270 556 1331 biberit
580 1278 795 1329 tantum
819 1269 938 1328 edit
964 1268 1213 1345 pretium
1237 1267 1592 1327 vinolentiae
1614 1267 1754 1343 lege
1777 1270 2041 1346 accipit,
2075 1268 2202 1328 alius

110 1358 208 1419 1⁴ss
230 1344 500 1434 quantum
526 1354 659 1421 alea
689 1352 1005 1431 quaesierit
1030 1360 1253 1415 ,tantum
1290 1350 1454 1410 bibit.
1514 1350 1676 1411 Tunc
1699 1351 1859 1411 avidi
1898 1362 2203 1413 matronam

196 1439 352 1500 oculi
390 1439 668 1513 licentur,
730 1454 945 1513 graves
992 1434 1241 1513 produnt
1282 1436 1525 1510 marito,
1565 1444 1716 1499 tunc
1753 1436 1945 1497 animi
1987 1445 2203 1507 secreta
2222 1456 2256 1494 15

192 1522 583 1601 proferuntur.
625 1521 723 1581 alii
753 1527 1093 1580 testamenta
1127 1537 1232 1579 sua
1260 1529 1608 1599 nuncupant,
1637 1519 1736 1579 alii
1758 1521 2076 1581 mortifera
2101 1520 2204 1580 elo-

197 1615 399 1667 cuntur
431 1606 835 1681 rediturasque
873 1622 980 1682 per
1011 1603 1266 1679 iugulum
1297 1620 1484 1666 voces
1513 1620 1629 1662 non
1660 1605 2008 1681 continent,
2055 1623 2205 1685 quain

193 1691 385 1751 multis
414 1691 492 1750 ita
522 1689 901 1766 interemptis,
935 1682 1236 1764 uolgoque
1260 1689 1480 1747 veritas
1506 1689 1622 1747 iam.
1637 1687 1925 1750 attributa
1949 1690 2086 1748 vino
2111 1697 2204 1757 est.

195 1776 452 1850 interea,
486 1782 546 1833 ut
579 1781 813 1852 optume
847 1771 1038 1847 cedat,
1072 1771 1262 1831 solem
1291 1772 1574 1832 orientem
1604 1788 1722 1831 non
1752 1772 1990 1850 vident,
2017 1791 2091 1833 ac
2121 1772 2205 1833 mi-

112 1869 213 1923 142
235 1875 341 1917 nus
378 1858 472 1917 diu
512 1843 745 1916 vivont,
787 1856 923 1916 hinc
965 1856 1154 1935 pallor
1200 1865 1259 1915 et
1296 1874 1486 1932 genae
1528 1856 1861 1934 pendulae,
1919 1857 2259 1918 oculorumzo

198 1941 435 2016 ulcera,
481 1941 761 2000 tremulae
791 1958 990 2000 manus
1041 1940 1612 2019 effundentesplena
1644 1958 1793 2002 vasa
1822 1950 1920 2017 et,
1967 1960 2117 2022 quae
2147 1941 2208 2006 sii

195 2027 387 2106 poena
416 2042 734 2104 praesens,
782 2023 1020 2083 furiales
1066 2025 1253 2086 somni
1289 2034 1349 2083 et
1389 2025 1616 2102 inquies
1648 2033 1948 2090 nocturna
1981 2025 2208 2104 praemi·

194 2127 408 2188 umque
437 2127 713 2182 summum
757 2107 1054 2167 ebrietatis
1083 2107 1263 2166 libido
1296 2116 1636 2186 portentosa
1667 2126 1740 2167 ac
1772 2107 2092 2170 iucundum
2120 2127 2207 2169 ne·

192 2194 304 2254 fas.
366 2202 606 2271 postero
640 2193 735 2252 die
770 2210 847 2252 ex
875 2209 980 2254 ore
1010 2191 1220 2252 halitus
1253 2193 1476 2251 cadiae
1496 2210 1691 2251 rerum
1717 2194 1981 2254 omnium
2004 2194 2208 2253 oblivio

196 2294 472 2355 morsque
502 2277 837 2340 memoriae.
891 2294 1103 2354 rapere
1133 2293 1200 2334 se
1230 2277 1309 2336 ita
1338 2278 1517 2338 vitam
1543 2276 1917 2355 praedicant,
1952 2297 2087 2337 cum
2113 2278 2260 2356 pri-25

114 2370 217 2425 143
240 2380 400 2421 orem
433 2361 585 2422 diem
617 2358 831 2419 cotidie
865 2359 1142 2438 perdant,
1184 2360 1269 2418 illi
1301 2378 1445 2419 vero
1483 2369 1542 2418 et
1569 2362 1931 2426 venientem.
1991 2361 2210 2422 Tiberio

190 2442 442 2516 ¹Claudio
477 2445 741 2523 principe
788 2453 920 2503 ante
967 2443 1077 2502 hos
1117 2461 1300 2525 annos
1341 2457 1436 2503 XL
1476 2445 1795 2508 institutum
1831 2454 1897 2503 ut
1931 2447 2111 2506 ieiuni
2140 2444 2210 2504 bi-

199 2528 407 2588 berent
439 2538 727 2607 potusque
759 2528 874 2588 vini
919 2528 1300 2588 antecederet
1333 2527 1521 2603 cibos,
1554 2530 1816 2588 externis
1851 2539 1913 2588 et
1943 2530 2210 2592 11033111-

200 2612 307 2674 bus
351 2631 420 2672 ac
451 2613 810 2672 medicorum
839 2611 1069 2691 placitis
1103 2613 1362 2671 novitate
1395 2629 1630 2689 semper
1659 2607 1860 2691 aliqua
1891 2633 2037 2674 sese
2071 2632 2210 2674 com·

117 2703 220 2759 144
241 2696 642 2757 mandantium.
704 2696 952 2773 gloriam
994 2696 1104 2755 hac
1153 2696 1360 2758 virtute
1401 2695 1595 2755 Parthi
1640 2707 1968 2774 quaerunt,
2019 2699 2263 2766 famamao

201 2779 643 2860 apudGraecos
672 2779 1012 2840 Alcibiades
1049 2780 1289 2854 meruit,
1331 2780 1486 2857 apud
1530 2797 1638 2840 nos
1682 2798 2026 2857 cognomen
2056 2786 2211 2852 etiam

198 2863 505 2946 Novellius
537 2863 862 2943 Torquatus
895 2862 1378 2939 Mediolanensis,
1421 2863 1494 2922 ad
1523 2859 2015 2942 proconsulatum
2041 2884 2212 2945 nsque
2277 2923 2278 2938 ¹

204 2968 238 3007 e
263 2959 534 3026 praetura
556 2948 875 3008 honoribus
906 2949 1119 3024 gestis,
1139 2947 1321 3007 tribus
1346 2949 1593 3025 congiis,
1626 2949 1779 3010 unde
1807 2959 1869 3009 et
1895 2967 2211 3029 cognomen
2276 2947 2278 3024 1

200 3031 285 3090 1111
315 3033 440 3107 fuit,
474 3035 665 3110 epotis
697 3049 810 3091 uno
846 3033 1096 3110 impetu,
1130 3042 1434 3111 spectante
1464 3033 1728 3093 miraculi
1757 3038 1956 3111 gratia
1988 3035 2208 3106 Tiberio
2277 3039 2278 3082 ἲ

202 3115 484 3191 principe.
552 3117 608 3174 in
637 3125 874 3176 senecta
907 3118 1018 3175 iam
1061 3135 1273 3177 severo
1320 3126 1496 3196 atque
1528 3118 1704 3186 etiam
1739 3136 1930 3179 saevo
1979 3109 2124 3192 alias
2159 3124 2262 3176 et³s

122 3199 220 3251 145
246 3193 357 3267 ipsi
390 3197 629 3270 iuventa
676 3199 747 3260 ad
789 3218 1008 3258 merum
1052 3203 1293 3279 pronior
1332 3202 1540 3268 fuerat.
1615 3220 1816 3280 eaque>
1855 3202 2203 3266 commenda·

205 3273 364 3365 tione
393 3278 695 3340 credidere
720 3279 783 3340 L.
809 3283 1080 3343 Pisonem
1107 3284 1266 3343 urbis
1301 3304 1473 3352 curae
1511 3286 1582 3348 ab
1618 3304 1690 3346 eo
1705 3286 2040 3366 delectum,
2072 3285 2203 3367 quod

203 3350 379 3411 biduo
428 3358 765 3441 duabusque
807 3367 1073 3426 noctibus
1112 3371 1580 3447 perpotationem
1625 3372 2032 3434 continuasset
2074 3368 2200 3450 apud
2277 3385 2278 3416 1

2276 3419 2278 3484 l

2276 2161 2278 2220 ⁴

2277 2257 2278 2298 1
