2320 3650
168 93 279 182 90
887 110 946 156 e.
981 110 1170 157 Pmm
1204 108 1506 158 saeuum

195 281 300 323 cae
336 272 395 322 et
424 263 669 340 sopitus,
708 270 771 320 ut
802 263 1095 340 adparuit,
1134 262 1335 321 odoris
1373 264 1631 323 novitate
1659 263 2114 341 fluctuatusque
2146 265 2210 324 si·

190 347 342 405 milis
373 347 619 406 exanimi
660 346 842 405 carnit
875 346 1162 405 hominum
1214 348 1660 412 conversatione
1704 356 1764 404 ut
1792 347 2009 408 iniuria
2056 348 2209 425 fuga-

191 437 282 487 tus
313 448 422 507 per
454 430 672 507 aliquot
694 447 948 504 menses,
979 446 1114 488 mox
1136 446 1411 488 reversus
1437 431 1492 488 in
1525 430 1734 490 eodem
1764 431 2060 489 miraculo
2096 432 2206 492 fuit.

193 513 432 573 iniuriae
482 522 834 592 potestatum
902 515 958 572 in
1013 513 1317 591 hospitalis
1365 514 1437 573 ad
1502 514 1801 574 visendum
1853 516 2207 588 venientium

106 603 176 658 27
201 596 592 676 Hipponensis
635 599 692 655 in
721 615 927 673 necem
966 598 1094 656 eius
1132 596 1533 674 conpulerant.
1589 597 1740 668 Ante
1788 597 1945 657 haec
2006 600 2232 660 similias

195 682 268 742 de
312 699 495 759 puero
543 684 600 740 in
632 681 763 741 Iaso
794 681 937 740 urbe
989 689 1397 755 memorantur,
1443 683 1606 739 euius
1653 693 2206 759 amore-spectatus

190 764 370 842 longo
399 775 689 844 tempore,
721 766 854 824 dum
884 763 1187 824 abeuntem
1220 766 1277 822 in
1324 764 1459 824 litus
1489 765 1657 824 avide
1698 766 1988 843 sequitur,
2024 769 2085 825 in
2118 768 2203 825 ha·

189 868 384 910 renam
419 851 686 908 invectus
717 850 1051 926 exspiravit.
1086 866 1330 926 puerum
1361 847 1700 910 Alexander
1723 848 1987 925 Magnus
2020 849 2204 924 Baby-

189 933 325 993 lone
366 933 657 1011 Neptunio
717 931 1048 992 sacerdotio
1093 930 1384 1010 praefecit
1437 949 1690 992 amorem
1745 933 1906 992 illum
1965 935 2204 992 numinis

188 1018 423 1095 propitii
454 1017 634 1076 fuisse
671 1017 1101 1093 interpretatus·
1168 1014 1231 1073 In
1272 1014 1475 1075 eadem
1524 1016 1669 1076 urbe
1707 1015 1844 1075 Iaso
1874 1015 2201 1093 Hegeside·
2215 1037 2246 1078 u

190 1118 313 1159 mus
354 1099 557 1159 scribit
582 1108 642 1158 et
672 1098 842 1158 alium
872 1117 1116 1178 puerum
1154 1098 1425 1160 Hermian
1454 1102 1683 1162 nomine
1727 1100 2008 1170 similiter
2029 1101 2203 1160 maria

188 1185 670 1261 perequitantem,
703 1201 829 1242 cum
852 1186 1192 1277 repentinae
1216 1183 1518 1261 procellae
1549 1182 1819 1243 fluctibus
1841 1186 2201 1244 exanimatus

191 1277 382 1341 esset,
428 1266 706 1343 relatum,
756 1259 1206 1366 delphinumque
1252 1285 1483 1326 causam
1514 1266 1614 1326 leti
1649 1269 1927 1327 fatentem
1951 1286 2086 1327 non
2117 1287 2202 1327 re·

102 1361 174 1415 28
195 1369 425 1410 versum
454 1352 511 1409 in
533 1353 727 1411 maria
716 1361 908 1428 atque
941 1353 999 1410 in
1030 1353 1192 1410 sicco
1223 1352 1582 1428 exspirasse.
1637 1351 1764 1411 Hoc
1787 1351 1962 1412 idem
1969 1362 2030 1412 et
2053 1352 2201 1414 Nau·

190 1437 345 1513 pacti
381 1436 668 1495 accidisse
693 1435 1129 1514 Theophrastus
1163 1436 1350 1494 tradit.
1408 1452 1519 1494 nec
1547 1436 1750 1496 modus
1776 1436 2244 1513 exemplorum.1s

194 1521 398 1579 eadem
431 1518 801 1597 Amphilochi
838 1528 894 1578 et
936 1518 1229 1578 Tarentini
1274 1518 1348 1578 de
1380 1520 1577 1596 pueris
1616 1519 2032 1597 delphinisque
2078 1538 2202 1582 nar-

188 1613 331 1663 rant.
397 1621 543 1681 quae
575 1603 789 1662 faciunt
818 1612 878 1662 ut
904 1603 1174 1662 credatur
1204 1602 1481 1661 Arionem
1506 1620 1741 1680 quoque
1759 1603 2200 1672 citharoedicae

191 1689 362 1763 artiS,
403 1688 734 1747 interlicere
765 1688 949 1746 nautis
979 1688 1037 1744 in
1066 1687 1209 1744 mari
1239 1684 1571 1763 par-antibus
1619 1686 1690 1745 ad
1743 1687 2200 1764 intercipiendos

192 1774 314 1831 eius
348 1780 655 1849 quaestus,
708 1770 1056 1831 eblanditum
1091 1779 1152 1829 ut
1195 1772 1355 1849 prius
1406 1779 1645 1830 caneret
1688 1770 1910 1831 cithara
1951 1787 2199 1848 congre·

188 1857 341 1930 gatis
374 1863 546 1913 cantu
577 1854 887 1952 delphinis,
922 1872 1049 1912 cum
1079 1872 1145 1913 se
1180 1855 1421 1913 iecisset
1453 1855 1524 1921 in
1542 1873 1735 1930 mare,
1784 1864 2120 1939 exceptum
2134 1855 2247 1920 aba

189 1955 300 1996 uno
339 1937 704 1997 Taenarum‘
686 1956 743 1996 ιιι
774 1938 907 1996 litus
929 1947 1408 2015 pervectum..
1729 1982 1732 1987 .

103 2031 174 2086 29
314 2021 441 2100 (9)
488 2020 594 2080 Est
628 2021 963 2099 provinciae
999 2018 1424 2081 Narbonensis
1434 2030 1492 2081 et
1521 1992 1577 2080 in
1607 2021 2014 2082 Nemausiensi
2055 2040 2201 2100 agro

191 2114 453 2182 stagnum
484 2103 690 2164 Latera
722 2105 1108 2203 appellatum,
1156 2105 1253 2164 ubi
1287 2124 1415 2165 cum
1448 2106 1704 2180 homine
1716 2105 1973 2184 delphini
2009 2109 2201 2169 socie-

187 2199 305 2249 tate
348 2191 658 2268 piscantur.
732 2191 1024 2249 innumera
1085 2191 1174 2248 vis
1228 2190 1500 2264 mugilum
1568 2199 1720 2249 stato
1774 2198 2045 2268 tempore
2093 2209 2201 2253 an·

189 2276 372 2350 gustis
402 2273 668 2334 faucibus
708 2274 899 2349 stagni
940 2274 1000 2332 in
1038 2291 1197 2332 mare
1233 2274 1477 2350 erumpit
1523 2272 1830 2333 observata
1875 2282 2075 2334 aestus
2107 2293 2251 2336 ιιι-ιι

194 2358 610 2434 ciprocatione.
677 2374 787 2434 qua
821 2356 894 2415 de
925 2375 1099 2416 causa
1123 2356 1427 2434 praetendi
1451 2373 1565 2414 non
1600 2365 1818 2434 queunt
1838 2358 1989 2417 retia
2012 2375 2202 2436 aeque
2311 2400 2312 2437 ᾖ

191 2441 403 2499 molem
428 2441 713 2518 ponderis
754 2440 913 2499 nullo
944 2441 1117 2500 modo
1150 2440 1489 2513 toleratura,
1532 2441 1755 2501 etiamsi
1784 2457 1900 2500 non
1934 2441 2200 2502 sollertia

190 2523 489 2582 insidietur
526 2526 802 2602 tempori.
865 2524 1035 2583 simili
1063 2525 1288 2582 ratione
1335 2525 1390 2582 in
1435 2524 1610 2583 altum
1653 2526 1914 2602 protinus
1961 2524 2201 2586 tendunt
2311 2520 2312 2623 l

193 2607 347 2685 quod
384 2607 575 2667 vicino
606 2610 835 2685 gurgite
865 2608 1134 2682 efficitur,
1168 2607 1477 2685 locumque
1519 2609 1710 2667 solum
1739 2607 2092 2685 pandendis
2103 2625 2196 2671 re·
2311 2656 2312 2673 1

70 2701 176 2754 *30
194 2690 347 2751 tibus
390 2690 643 2750 habilem
697 2692 958 2767 effugere
1009 2691 1302 2751 festinant
1378 2691 1532 2768 quod
1586 2691 1684 2753 ubi
1734 2692 2253 2757 animadverterem
2311 2742 2312 2789 ᾖ

189 2777 506 2854 piscantes,
527 2808 612 2822 --
628 2776 919 2834 concurrit
943 2784 1132 2834 autem
1156 2773 1456 2837 multitudo
1487 2775 1774 2852 temporis,
1791 2793 1975 2851 gznara
1999 2784 2063 2834 et
2081 2791 2194 2835 ma·

190 2860 280 2936 gis
315 2860 485 2919 etiam
513 2859 829 2936 voluptatis
858 2858 1024 2918 huius
1059 2860 1248 2932 avida,
1267 2891 1355 2937 ἡ·
1382 2867 1652 2935 totusque
1682 2859 1936 2935 populus
1953 2877 1996 2918 .e
2025 2859 2192 2919 litore

190 2953 401 3020 quanto
419 2950 615 3020 potest
638 2942 894 3007 elamore
921 2943 1155 3002 conciet
1174 2943 1452 3003 simonem
1473 2940 1886 3019 spectaculiin.
1902 2950 2191 3012 eventum,
2259 3016 2262 3021 Ι

190 3025 465 3085 celeriter
495 3024 751 3103 delphini
778 3025 1097 3087 exaudiunt
1132 3024 1426 3089 ‘desideria
1463 3024 1959 3103 aquilonumflatu
1988 3040 2192 3087 vocem

192 3118 619 3184 prosequente,
671 3118 869 3170 austro
898 3124 1043 3168 vero
1072 3109 1292 3169 tardius
1326 3125 1402 3168 ex
1427 3108 1679 3168 adverso
1710 3109 2028 3173 refierente.
2094 3104 2243 3168 sedas

107 3197 175 3249 31
196 3196 311 3245 tum
346 3206 580 3267 quoqne
629 3193 927 3269 inproviso
969 3192 1029 3250 in
1071 3191 1343 3251 auxilium
1391 3191 1678 3251 advolant.
1715 3189 2195 3270 properare-ad·

194 3279 361 3343 paret
402 3274 564 3329 acies
610 3292 761 3349 quae
797 3275 1058 3352 protinus
1102 3274 1423 3350 disponitur
1456 3276 1515 3333 in
1564 3275 1702 3336 loeo
1743 3274 1868 3334 ubi2
1895 3278 2192 3337 coniectus

200 3358 292 3406 est
323 3366 569 3425 pugnae.
633 3366 931 3433 opponunt
972 3374 1109 3416 sese
1149 3355 1370 3416 abwalto
1406 3358 1786 3435 trepidosque
1826 3358 1884 3417 in
1916 3359 2072 3420 vada
2106 3373 2192 3417 ur-
