2320 3650
204 99 327 163 212
880 111 940 160 o.
973 111 1165 161 rum
1198 110 1499 158 saeuum

201 286 344 329 nere
384 267 759 345 asperrimum
792 276 884 329 est
913 267 1383 346 levissimumque
1421 275 1480 325 et
1508 265 1815 344 pallidum..
1856 268 2121 343 gratius
2146 271 2222 335 ni·

115 361 186 415 28
207 369 404 431 grum,
434 351 620 412 lenius
648 348 897 429 utroque
927 351 1247 425 candidum.
1301 349 1436 425 Non
1459 359 1549 411 est
1578 350 1744 413 huius
1767 348 2004 411 arboris
2034 352 2222 427 radix,

101 474 110 484 -
199 444 262 495 ut
294 435 469 514 aliqui
499 436 939 511 existimavere,
975 435 1131 513 quod
1162 444 1374 495 vocant
1404 433 1740 513 zimpiberi,
1786 433 1885 494 alii
1921 453 2080 495 vero
2117 439 2223 496 zin-

197 518 418 595 gibeti,
463 536 804 600 quamquam
852 536 1065 597 sapore
1113 520 1318 581 simile.
1387 519 1446 578 id
1473 519 1642 581 enim
1680 519 1744 583 in
1775 512 2003 589 Arabia
2049 530 2223 599 atque

198 602 594 682 Trogodytica
636 605 694 663 in
734 602 888 663 villis
932 603 1186 665 nascitur
1223 621 1404 681 parva
1446 601 1660 677 herba,
1707 603 1907 681 radice
1952 598 2220 667 candida.
2242 621 2260 658 ι

196 686 476 755 celeriter
528 705 599 747 ea
653 688 867 748 cariem
917 688 1124 764 sentit,
1176 687 1435 767 quamvis
1493 687 1551 746 in
1604 694 1763 759 tanta
1813 688 2219 751 amaritudine.

197 774 443 848 pretium
486 772 611 832 eius
641 772 700 830 in
732 770 909 832 libras
937 769 992 830 X
1031 784 1124 831 vl.
1198 773 1372 870 piper
1412 769 1655 848 longum·
1685 770 1965 835 facillime
1999 772 2221 835 adulte-

192 864 352 917 ratur
382 854 784 938 Alexandrino
827 856 1035 932 sinapi.
1109 857 1316 915 emitur
1356 856 1413 915 in
1456 854 1634 915 libras
1667 853 1724 914 X
1757 868 1887 931 XV,
1932 852 2259 967 albumffss

109 950 179 1003 29
200 953 335 1014 V11,
369 941 593 1016 nigrum
621 937 676 998 X
706 953 796 999 IV.
860 938 1037 998 Usum
1070 941 1197 1000 eius
1228 939 1379 999 adeo
1412 939 1707 1036 placuisse
1735 940 1943 1013 mirum
1979 949 2129 1017 est,
2112 972 2220 1025 ³7·

195 1024 251 1082 in
282 1023 409 1083 aliis
442 1023 660 1101 quippe
692 1023 945 1082 suavitas
982 1025 1176 1101 cepit,
1208 1024 1265 1082 in
1304 1022 1432 1081 aliis
1446 1023 1709 1100 species
1729 1023 2012 1097 imitavit
2089 1023 2270 1093 haicio
2300 1024 2308 1107 Ι

89 1166 109 1175 -
193 1124 308 1169 nec
333 1107 491 1191 pomi
524 1124 637 1185 nec
670 1105 854 1166 bacae
887 1068 1306 1169 commendatio
1340 1115 1432 1166 est
1459 1106 1654 1185 aliqua
1676 1141 1778 1181 -.—,
1810 1107 1943 1166 sola
1979 1107 2216 1184 placere

193 1176 602 1265 amaritudine,
637 1199 716 1253 et
724 1190 874 1259 hanc
907 1193 965 1250 in
993 1189 1168 1251 Indos
1196 1191 1340 1276 peti.
1410 1191 1540 1269 quis
1570 1189 1673 1251 ille
1703 1191 1920 1267 primus
1957 1191 2217 1270 experiri

193 1272 338 1333 cibis
387 1274 572 1336 voluit
623 1283 718 1334 aut
752 1276 845 1335 cui
893 1276 950 1334 in
993 1270 1324 1354 adpetenda
1365 1275 1638 1335 aviditate
1683 1275 1909 1334 esurire
1949 1293 2073 1337 nou
2117 1274 2216 1335 fuit

192 1355 375 1419 satis?
439 1355 759 1437 Utrumque
781 1359 1054 1425 silvestre
1080 1358 1353 1436 gentibus
1383 1360 1503 1421 suis
1527 1367 1619 1418 est
1646 1367 1707 1417 et
1727 1367 1920 1419 tamen
1950 1358 2217 1437 ponder
2306 1360 2307 1371 ¹

192 1443 399 1503 emitur
432 1452 491 1502 ιιι
520 1461 717 1503 aurum
746 1444 843 1503 vel
869 1452 1199 1520 argentum.
1258 1443 1481 1521 piperis
1514 1441 1785 1503 arborem
1818 1444 1931 1503 iam
1968 1452 2030 1502 et
2052 1443 2139 1505 Ita

189 1525 374 1587 habet
389 1529 677 1587 maiorem
699 1536 887 1603 myrto
916 1545 1026 1586 nec
1050 1527 1401 1596 absimilem.
1451 1526 1768 1591 amaritudo
1903 1510 2261 1625 nom

190 1627 338 1687 quae
381 1613 573 1689 piperi
603 1614 841 1679 musteo
873 1611 1149 1683 credatur
1182 1629 1337 1672 esse.
1398 1611 1567 1675 deest
1600 1619 1754 1670 tosta
1782 1545 1913 1671 F
1913 1611 2208 1673 maturitas

187 1693 443 1774 ideoque
467 1705 525 1754 et
555 1713 824 1771 rugarum
846 1694 1180 1774 colorisque
1206 1695 1540 1758 similitudo.
1588 1694 1948 1761 adulteratur
1980 1695 2207 1774 iunipiri

188 1775 351 1837 bacis
388 1779 530 1838 mire
567 1780 683 1837 vim
712 1777 1104 1855 trahentibus,
1152 1780 1217 1837 in
1234 1779 1496 1858 pondere
1524 1778 1761 1857 quidem
1784 1766 2213 1878 multam

103 1870 175 1923 30
322 1863 490 1940 (15.)
536 1861 644 1922 Est
691 1865 998 1924 etiamnum
1037 1864 1095 1923 in
1133 1861 1295 1925 India
1341 1864 1564 1943 piperis
1605 1864 1787 1940 grani
1810 1862 2057 1940 simile

188 1954 431 2005 vocatur
465 1946 924 2045 caryophyllon‚
966 1946 1244 2023 grandius
1287 1947 1689 2025 fragiliusque.
1744 1945 2013 2022 tradunt
2028 1935 2243 2048 *11-

187 2027 319 2096 dica
348 2029 472 2089 loto
504 2030 561 2091 id
590 2032 773 2108 gigni.
835 2030 1152 2092 advehitur.
1169 2032 1370 2116 odoris
1415 2033 1653 2109 gratia.
1678 2028 1845 2108 Fert
1848 2039 1943 2108 {et
1934 2050 2041 2110 ιιι..

185 2114 409 2191 piperis
432 2114 859 2175 similitudinem
883 2118 1205 2195 praecipua
1212 2111 1626 2191 amaritudine,
1657 2091 1817 2176 foliis
1839 2117 2049 2213 parag

185 2198 386 2278 sisque
430 2200 596 2277 cypri
626 2199 836 2276 modo,
869 2200 1042 2260 ramis
1088 2202 1258 2266 trium
1298 2200 1670 2275 cubitorum,-
1680 2200 1930 2282 cortice
1963 2217 2045 2280 pa

184 2281 386 2343 radice
414 2282 530 2344 lata
560 2283 906 2362 lignosaque
926 2284 1102 2348 buxei
1132 2285 1373 2356 coloris.
1418 2285 1576 2346 hac
1558 2303 1616 2346 m
1645 2301 1793 2362 aqua
1818 2301 1957 2352 cum
1989 2243 2250 2358 semine»

185 2376 436 2428 excocta
466 2368 523 2426 in
554 2384 734 2428 aereo
767 2386 909 2428 vase
932 2370 1410 2431 medicamentum
1443 2369 1506 2429 fit
1535 2368 1693 2447 quod
1714 2376 1969 2432 vocatur
1990 2367 2200 2446 lyciou.

103 2457 170 2510 31
193 2447 279 2509 Ea
311 2452 478 2547 spina
503 2459 561 2509 et
591 2452 648 2510 in
679 2450 842 2511 Pelio
871 2461 1066 2512 monte
1097 2454 1352 2513 nascitur
1386 2453 1788 2530 adulteratque
1819 2453 2201 2530 mediomari·

184 2541 321 2608 tum,
354 2534 493 2594 item
521 2535 830 2612 asphodeli
855 2535 1028 2596 radix
1056 2546 1152 2597 aut
1183 2536 1266 2597 sel
1295 2536 1583 2600 bubulum
1591 2544 1703 2604 aut
1715 2536 2093 2615 apsinthium,
2094 2535 2204 2622 ,vel

183 2617 323 2677 rhus
375 2617 473 2678 vel
518 2635 771 2680 amurca.
853 2621 1210 2697 aptissimum
1271 2620 1594 2681 medicinae
1639 2619 1795 2699 quod
1839 2629 1935 2682 est
1973 2637 2201 2720 ιρψφ·

185 2700 514 2762 sum.1ndi
556 2703 613 2762 in
637 2702 866 2764 utribus
896 2704 1250 2776 camelorum
1273 2711 1372 2770 aut
1403 2705 1835 2776 rhinocerotum
1868 2705 1928 2768 id
1961 2706 2203 2767 mittunt.
2216 2720 2305 2768 ιο

184 2786 405 2864 spinam
447 2787 633 2864 ipsam
702 2788 761 2847 in
814 2785 1060 2924 Graecia
1113 2789 1343 2868 quidam
1396 2788 1820 2922 pyxacanthum
1875 2786 2205 2910 Οιιίιοιμιιιιι

182 2878 415 2932 vossant
1938 2907 2057 2952 ῃ.

97 2959 165 3013 32
302 2953 527 3032 8.(16.
533 2952 653 3032 )Ει
681 2954 865 3018 macir
889 2972 966 3016 ex
979 2954 1156 3020 India
1167 2956 1499 3033 advehitur,
1523 2913 1731 3024 cortex
1750 2951 1981 3024 rubens
1988 2974 2024 3024 ι·

181 3054 456 3113 magnae,
502 3039 731 3102 nomine
771 3037 997 3102 arboris
1029 3058 1190 3110 suae.
1248 3041 1460 3122 qualis
1470 3043 1543 3101 sit
1575 3059 1644 3102 ea
1676 3042 2093 3120 inconpertum
2108 3041 2198 3102 ha·

183 3118 321 3178 beo.
379 3123 625 3193 corticis
658 3122 835 3184 melle
868 3123 1101 3186 decocti
1128 3143 1269 3186 usus
1303 3126 1361 3185 in
1392 3125 1678 3190 medicina
1710 3124 1785 3187 ad
1814 3124 2259 3200 dysintericos&

98 3221 122 3232 ν
182 3203 537 3279 praecipuus
576 3204 840 3268 habetur.
925 3251 930 3270 ¹.
1023 3255 1028 3258 -
1786 3241 1877 3282 ,ι
1888 3237 1963 3284 10
1976 3241 2167 3307 ³⁸-

313 3282 481 3363 (17.)
527 3288 864 3352 Saecbaron
896 3300 954 3351 et
982 3251 1203 3352 Arabia
1233 3243 1376 3366 fert,
1417 3251 1524 3354 sed
1555 3279 1859 3356 laudatius
1869 3287 2199 3364 Inda-..ant

184 3369 378 3424 autem
403 3366 564 3428 melfi
546 3388 603 3429 ιιι
631 3371 1050 3436 harundinibus
1067 3374 1415 3456 collectum,
1463 3376 1764 3450 cummium
1799 3374 1979 3448 ιιιράιι
2006 3373 2194 3450 caudi·

84 3515 148 3555 h..

2302 1947 2308 2028 ι
