2320 3650
151 112 272 173 2'54
494 108 501 117 ’
856 121 916 168 e.
948 120 1142 169 Pnnu
1176 108 1474 168 saeuum

150 299 295 360 pere
325 279 542 338 orbitas
578 279 635 338 in
678 278 1022 338 auctoritate
1053 294 1268 336 summa
1301 283 1362 335 et
1390 276 1654 353 potentia
1684 293 1866 353 esse,
1913 276 2178 355 captatio

148 368 205 424 in
233 373 477 443 quaestu
499 362 889 438 fertilissimo,
918 379 988 420 ac
1019 361 1147 420 sola
1177 358 1386 438 gaudia
1414 361 1472 418 in
1500 359 1869 438 possidendo
1888 406 1907 438 ,
1933 378 2177 439 pessum

150 451 275 508 iere
311 450 463 506 vitae
505 446 725 525 pretia,
759 458 1079 523 omnesque
1107 462 1140 504 a
1170 460 1437 503 maxumo
1470 443 1626 503 bono
1657 443 1953 506 liberales
1987 445 2178 505 dictae

148 541 305 591 artes
336 533 392 591 in
438 531 787 591 contrarium
818 531 1124 605 cecidere,
1172 547 1241 589 ac
1287 529 1568 587 servitute
1613 529 1745 589 sola
1778 527 2004 608 profici
2042 546 2173 591 coe·

88 627 120 680 6
144 627 319 694 ptum.
371 614 522 674 hanc
547 614 693 674 alins
718 613 834 677 alio
858 614 1030 673 modo
1062 621 1121 672 et
1148 614 1207 671 in
1237 611 1643 675 aliisadora're
1662 640 1692 688 ,·
1712 614 1936 674 eodem
1959 620 2172 688 tamen,
2191 638 2216 677 5

148 699 517 778 habendique
568 699 640 758 ad
691 708 862 776 spes,
915 697 1162 757 omnium
1214 695 1488 755 tendente
1528 704 1688 754 voto.
1756 698 1994 776 passim
2036 715 2172 757 vero

148 785 319 843 etiam
353 783 577 860 egregii
600 782 787 842 aliena
815 782 953 842 vitia
985 798 1152 858 quam
1177 780 1329 840 bona
1361 798 1465 840 sua
1494 780 1699 840 colere
1733 781 1942 842 malle.
2012 798 2173 858 ergo,

91 878 124 933 7
149 867 468 939 Hercules,
516 867 787 944 voluptas
829 867 1031 925 vivere
1065 866 1294 943 coepit,
1338 866 1454 923 vita
1488 865 1617 943 ipsa
1648 865 1847 925 desiit.
1914 865 2045 927 Sed
2077 882 2174 924 nos

147 952 479 1011 oblitterata
527 966 761 1028 quoque
806 948 1219 1024 scrutabimur,
1274 965 1384 1007 nec
1440 948 1765 1009 deterrebit
1812 950 2173 1027 quarundam

145 1053 339 1095 rerum
367 1033 688 1110 humilitas,
721 1035 871 1094 sicut
900 1052 1010 1092 nec
1040 1025 1098 1092 in
1126 1032 1466 1092 animalibus
1498 1032 1670 1107 fecit,
1706 1051 2071 1111 quamquam
2098 1035 2230 1092 vi·1o

147 1122 348 1179 demas
375 1118 695 1194 Vergilium
731 1118 1352 1196 praecellentissimum
1380 1125 1573 1176 vatem
1607 1134 1680 1176 ea
1710 1117 1786 1178 de
1824 1135 2016 1177 causa
2050 1119 2173 1178 hor·

145 1213 333 1262 torum
364 1202 533 1261 dotes
563 1202 787 1279 fugisse
822 1211 884 1261 et
912 1204 969 1260 in
1002 1202 1074 1261 iis
1104 1218 1256 1278 quae
1286 1200 1504 1261 rettulit
1543 1199 1725 1260 flores
1761 1201 1950 1261 modo
1988 1219 2176 1262 rerum

148 1286 563 1364 decerpsisse,
603 1285 834 1346 beatum
866 1286 1219 1364 felicemque
1254 1286 1479 1362 gratiae
1519 1298 1616 1344 xv
1660 1287 1907 1345 omnino
1942 1286 2172 1364 generi·

145 1371 256 1430 bus
285 1387 520 1430 uvarum
551 1371 890 1445 nominatiS,
935 1368 1116 1429 tribus
1147 1370 1353 1444 oleae,
1397 1368 1638 1428 totidem
1667 1371 1979 1447 pirorum,
2026 1371 2172 1431 malo

144 1472 287 1514 vero
316 1463 528 1514 tantum
559 1453 836 1529 Assyrio,
864 1455 1087 1523 ceteris
1120 1453 1384 1513 omnibus
1411 1452 1724 1530 neglectis.
2187 1465 2226 1506 ιε
2275 1470 2276 1475 ’

87 1549 124 1602 8
272 1538 399 1617 (2.)
435 1537 602 1598 Unde
635 1547 827 1598 autem
850 1539 1042 1616 potius
1075 1539 1416 1615 incipiamus
1452 1554 1624 1614 quam
1652 1555 1685 1595 a
1713 1536 1996 1598 vitibus?
2042 1557 2166 1618 qua·

145 1641 268 1682 rum
296 1623 657 1700 principatus
676 1624 733 1681 in
754 1631 969 1682 tantum
998 1622 1312 1700 peculiaris
1335 1619 1538 1681 Italiae
1573 1630 1665 1692 est
1693 1629 1757 1680 ut
1783 1623 2043 1683 vel-hoc
2064 1640 2169 1683 uno

145 1707 333 1766 omnia
385 1707 642 1783 gentium
677 1708 893 1768 vicisse
946 1707 1116 1767 etiam
1154 1705 1451 1765 oderifera
1508 1705 1699 1782 possit
1750 1705 1953 1766 videri
2005 1708 2169 1780 bona,

144 1808 488 1870 quamquam
506 1789 853 1869 ubicumque
872 1789 1318 1870 pubescentium
1337 1789 1504 1849 odori
1532 1789 1694 1849 nulla
1705 1791 1983 1851 suavitas
2008 1809 2169 1871 prae·

91 1877 365 1939 9fertur,
401 1872 546 1952 Gap.
586 1877 661 1933 1.-
696 1875 864 1934 Vites
891 1877 1017 1935 iure
1054 1875 1209 1954 apud
1239 1875 1469 1952 priscos
1498 1873 1903 1950 magnitudine
1937 1891 2223 1956 quoquezo

143 1962 294 2018 inter
326 1958 570 2019 arbores
602 1959 1066 2024 numerabantur.
1119 1958 1278 2018 Iovis
1313 1957 1678 2018 simulacrum
1709 1960 1771 2017 in
1799 1959 1961 2019 urbe
1985 1960 2171 2040 Popu-

143 2044 303 2104 lonio
334 2060 412 2102 ex
442 2060 554 2102 una
588 2044 979 2121 conspicimus
1011 2051 1100 2103 tot
1131 2043 1292 2118 aevis
1321 2045 1753 2121 incorruptum,
1775 2044 1942 2103 item
1976 2044 2172 2105 Massi·

146 2129 260 2188 liae
293 2136 573 2205 pateram.
639 2126 960 2206 Metaponti
1006 2126 1280 2205 templum
1315 2126 1547 2186 Iunonis
1597 2126 1909 2202 vitigineis
1952 2129 2171 2189 colum-

70 2223 73 2226 ·
144 2214 234 2271 nis
268 2214 446 2272 stetit.
509 2213 680 2272 etiam
712 2230 862 2271 nunc
894 2212 1070 2271 scalis
1098 2220 1318 2271 tectum
1346 2205 1643 2287 Ephesiae
1673 2208 1912 2271 Dianae
1949 2212 2171 2273 scandi·
2274 2223 2276 2254 ⁴

144 2305 236 2355 tur
264 2314 376 2355 una
418 2315 451 2354 e
476 2297 595 2355 vite
629 2295 966 2374 Cypria,·ut
988 2295 1214 2369 ferunt,
1250 2295 1520 2371 quoniam
1561 2291 1642 2352 ibi
1664 2293 1751 2355 ⁴ad
1785 2298 2227 2376 praecipuamss

148 2380 581 2457 amplitudinem
620 2390 855 2440 exeunt.
930 2396 1042 2438 nec
1082 2388 1176 2438 est
1227 2378 1385 2455 ligno
1439 2377 1544 2438 ulli
1592 2380 1901 2439 aeternior
1950 2390 2170 2441 natura.

145 2478 346 2523 verum
377 2464 486 2523 ista
516 2482 595 2523 ex
625 2463 990 2524 silvestribus
1024 2463 1178 2524 facta
1212 2461 1575 2522 crediderim.

61 2562 128 2614 10
276 2547 401 2626 (3.)
446 2546 569 2608 Hae
612 2549 768 2608 vites
799 2558 1038 2608 tonsura
1080 2564 1264 2607 annua
1295 2554 1675 2622 coercentur,
1728 2556 1791 2605 et
1835 2549 1935 2607 vis
1981 2559 2172 2609 earum

146 2633 330 2695 omnis
365 2641 645 2693 evocatur
677 2634 733 2691 in
762 2632 1030 2711 palmites
1061 2640 1157 2691 aut
1189 2631 1526 2707 deprimitur
1554 2630 1610 2689 in
1639 2633 2050 2709 propagines,
2081 2650 2170 2692 sn-

146 2718 317 2796 cique
352 2725 566 2776 tantum
594 2718 780 2793 gratia
811 2717 974 2776 exire
1006 2717 1207 2775 sinitur
1239 2713 1500 2792 pluribus
1530 2714 1717 2774 modis
1749 2715 1826 2775 ad
1862 2717 2023 2777 caeli
2052 2723 2222 2775 ino-³⁰

145 2820 242 2861 res
278 2800 509 2879 solique
536 2802 791 2878 ingenia.
851 2800 915 2859 ln
942 2798 1239 2879 Campano
1267 2815 1417 2875 agro
1447 2798 1681 2876 populis
1705 2798 1971 2876 nubunt,
2006 2802 2167 2868 mariae

42 2881 43 2924 ³
146 2895 352 2964 tasque
378 2886 702 2965 conplexae
728 2895 900 2964 atque
924 2902 1033 2963 per
1060 2900 1252 2944 ramos
1278 2900 1472 2942 earum
1494 2882 1851 2961 procacibus
1875 2884 2168 2946 bracchiis

147 2970 476 3047 geniculato
530 2987 703 3029 cursu
758 2970 1105 3030 scandentes
1158 2967 1454 3028 cacumina
1506 2976 1786 3045 aequant,
1840 2968 1903 3027 in
1956 2977 2166 3030 tantum

148 3053 424 3112 sublimes
447 3063 509 3113 ut
528 3053 876 3113 vindemitor
902 3061 1235 3114 auctoratus
1253 3055 1464 3128 xrog-um
1491 3068 1561 3111 ac
1582 3051 1866 3111 tumulum
1892 3055 2160 3132 excipiat.

60 3147 125 3199 11
145 3134 302 3191 nulla
336 3136 447 3194 fine
478 3147 781 3214 crescunt,
818 3138 1121 3215 dividique
1149 3145 1245 3195 aut
1288 3137 1484 3214 potius
1523 3134 1663 3194 velli
1706 3146 2033 3214 nequeunt.
2059 3137 2096 3176 *
2121 3136 2148 3173 ⁶
2171 3143 2212 3184 ³⁵

42 3245 43 3250 κ
148 3214 318 3271 villas
346 3226 405 3273 et
435 3218 639 3279 domos
688 3221 890 3281 ambiri
928 3215 1281 3298 singularum
1312 3217 1641 3297 palmitibus
1683 3237 1756 3279 ac
1804 3220 2172 3299 sequacibus*

150 3296 310 3352 loris.
373 3300 644 3377 quodque
673 3305 948 3364 memoria
978 3305 1208 3381 dignum
1252 3305 1401 3363 inter
1429 3302 1998 3381 prima-Valerianus
2025 3323 2155 3383 quo-

153 3391 264 3450 que
298 3373 601 3441 Cornelius
633 3389 1013 3464 existimavit,
1063 3406 1172 3447 una
1213 3389 1345 3447 vitis
1376 3385 1597 3446 Romae
1637 3388 1696 3445 in
1739 3387 1945 3449 Liviae
1979 3389 2154 3468 porti·

153 3539 185 3553 Ι·-μ
