2320 3650
579 123 740 169 NAT.
774 82 956 170 ms‘r.
990 122 1139 170 vm.
1170 117 1411 173 40-·42.
1447 97 1777 189 (61—65.)'
2062 113 2140 172 71

198 301 205 306 ·
277 276 378 337 42.
409 278 575 356 (64.)
607 276 808 339 Eidem
825 273 1159 336 Alexandro
1180 278 1386 354 etequi
1408 264 1614 353 ma'gaa
1629 279 1832 338 raritas
1849 280 2110 355 contigit.
2131 288 2232 342 154

140 360 522 439 ⁴Bucephalan
543 380 673 420 eum
687 369 966 421 vocarunt
981 362 1103 419 sive
1114 360 1195 419 'ab
1212 360 1492 438 adspectu
1509 370 1677 420 torvo
1698 364 1820 421 sive
1845 362 1915 422 ab
1940 364 2146 440 insigni
2229 404 2241 420 .

140 445 358 504 taurini
390 446 596 523 eapitis
620 462 777 504 armo
809 446 1076 523 inpressi.
1122 444 1402 504 tredecim
1432 444 1663 504 talentis
1689 446 1884 505 ferunt
1911 465 1985 506 ex
2019 447 2145 506 Phi-

140 529 327 587 lonici
349 527 630 589 Pharsalii
647 547 835 606 grege
867 537 1114 606 emptum
1146 529 1320 587 etiam
1347 538 1464 588 tum
1488 546 1672 608 puero
1700 538 1871 607 capto
1892 533 2017 589 eius
2049 531 2146 590 de·

95 630 125 669 s
144 629 310 671 core.
351 614 632 671 neminem
653 612 747 671 hic
768 613 939 690 alium
964 630 1132 689 quam
1164 611 1554 673 Alexandrum
1579 615 1746 689 regio
1781 616 2020 673 instratu
2053 631 2145 674 or-

147 706 318 756 natus
332 698 560 774 recepit
584 698 641 754 in
658 696 877 771 sedem,
904 696 1046 756 alias
1071 697 1287 779 passim
1310 698 1622 775 recipiens.
1654 697 1808 757 idem
1824 699 1880 755 in
1907 697 2148 774 proeliis

147 789 505 839 memoratae
539 781 828 839 cuiusdam
860 779 1196 857 perhibetur
1228 796 1468 858 operae,
1500 780 1824 841 Thebarum
1851 797 2148 859 oppugna-

146 866 311 924 tione
322 864 657 923 volneratus
677 865 732 922 in
746 864 914 923 alium
931 865 1175 923 transire
1193 863 1582 924 Alexandrum
1599 881 1713 924 non
1728 882 1958 944 passus,
1976 865 2151 930 multa

149 957 458 1025 praeterea
490 948 748 1020 eiusdem
777 948 964 1023 modi,
997 956 1240 1025 propter
1272 967 1420 1026 quae
1450 967 1558 1022 rex
1591 949 1868 1009 defuncto
1899 949 1953 1008 ei
1993 948 2151 1008 duxit

79 1051 132 1090 ιο
151 1034 469 1109 exsequias
512 1031 832 1109 urbemque
876 1032 1092 1092 tumulo
1124 1033 1498 1094 circumdedit
1528 1035 1757 1092 nomine
1788 1034 1933 1093 eius.
1993 1032 2119 1091 Nec
2133 1041 2232 1095 155

152 1111 427 1174 Caesaris
461 1116 761 1175 dictatoris
807 1131 1148 1194 quemquam
1190 1115 1358 1175 alium
1390 1119 1691 1196 recepisse
1738 1117 1927 1176 dorso
1968 1133 2152 1194 equos

150 1199 424 1274 traditur,
464 1200 734 1278 idemque
778 1200 979 1259 similis
1039 1199 1284 1259 hominis
1338 1201 1522 1277 pedes
1576 1204 1806 1280 priores
1853 1201 2148 1288 habuisse,

151 1283 262 1341 hac
294 1276 494 1359 effigie
530 1283 755 1343 locatus
804 1293 935 1342 ante
968 1283 1217 1342 Veneris
1251 1283 1574 1343 Genetricis
1615 1285 1840 1344 aedem.
1920 1285 2063 1343 fecit
2090 1293 2152 1342 et

152 1367 318 1425 divos
361 1366 656 1443 Augustus
700 1385 851 1444 equo
881 1367 1180 1444 tumulum,
1237 1368 1308 1427 de
1355 1385 1469 1445 quo
1517 1367 1838 1427 Germanici
1881 1366 2151 1427 Caesaris

81 1469 133 1508 ιε
153 1467 384 1509 carmen
423 1461 530 1510 est.
594 1452 901 1528 Agrigenti
947 1451 1306 1529 conplurium
1353 1468 1629 1529 equorum
1669 1450 1868 1510 tumuli
1901 1468 2149 1529 py1am1-

153 1536 254 1594 das
286 1534 515 1594 habent.
568 1552 775 1613 equom
806 1535 1122 1595 adamatum
1152 1553 1186 1594 a
1216 1535 1590 1594 Semiramide
1620 1552 1805 1612 usque
1838 1533 1926 1595 ad
1939 1536 2149 1594 coitum

147 1616 308 1676 Iuba
322 1628 523 1677 auctor
553 1628 661 1704 est.
724 1619 980 1693 Scythici
1032 1619 1259 1697 quidem
1304 1621 1587 1696 equitatus
1623 1636 1900 1697 equorum
1928 1618 2117 1696 gloria
2134 1628 2234 1682 156

154 1710 445 1779 strepunt:
495 1705 697 1762 occiso
728 1704 938 1779 regulo
982 1721 1057 1761 ex
1103 1704 1545 1786 provocatione
1560 1703 1865 1762 dimicante
1897 1702 2146 1776 hostem,

153 1803 295 1845 cum
312 1787 499 1846 victor
528 1787 597 1847 ad
632 1781 987 1866 spoliandum
1019 1788 1298 1873 venisset
1323 1786 1394 1847 ab
1420 1804 1573 1866 equo
1602 1788 1725 1859 eius
1757 1785 1964 1847 ictibus
2000 1804 2148 1847 mor·

75 1884 131 1924 2⁰
148 1887 337 1946 suque
379 1872 737 1946 confectum,
791 1872 960 1932 alium
1002 1832 1298 1931 detracto
1321 1871 1620 1931 oculorum
1678 1873 2039 1950 operimento
2092 1879 2152 1930 et

152 1956 389 2030 cognito
433 1973 559 2014 cum
601 1965 782 2014 matre
830 1957 985 2015 coitu
1026 1957 1268 2044 petiisse
1313 1965 1625 2034 praerupta
1658 1965 1830 2034 atque
1861 1958 2149 2016 exanima·

150 2046 284 2095 tum.
331 2055 517 2116 aequa
550 2057 625 2098 ex
661 2058 834 2099 causa
862 2041 920 2097 in
954 2035 1199 2099 Reatino
1223 2057 1365 2116 agro
1400 2041 1714 2100 laceratum
1745 2042 2037 2118 prorigam
2061 2041 2149 2098 in-

150 2122 427 2180 venimus,
483 2142 724 2202 namque
757 2133 816 2182 et
860 2124 1267 2199 cognationum
1310 2124 1641 2183 intellectus
1704 2124 1793 2183 his
1828 2132 1939 2199 est,
1976 2133 2151 2202 atque

149 2206 205 2263 in
238 2223 427 2282 grege
459 2209 672 2284 prioris
704 2209 833 2266 anni
865 2223 1127 2265 sororem
1175 2206 1444 2266 libentius
1490 2207 1659 2266 etiam
1702 2224 1871 2284 quam
1914 2214 2150 2266 matrem
2211 2234 2220 2241 -

75 2301 300 2367 ²⁵·equa
332 2292 654 2361 comitatur.
715 2290 998 2350 Docilitas
1028 2299 1184 2350 tanta
1227 2300 1317 2349 est
1358 2300 1419 2349 ut
1450 2291 1753 2350 universus
1792 2290 2234 2365 Sybaritanilffl

149 2375 442 2433 exercitus
479 2377 766 2452 equitatus
798 2375 869 2434 ad
902 2373 1279 2452 symphoniae
1316 2384 1538 2433 cantum
1569 2375 1876 2433 saltatione
1907 2375 2148 2453 quadam

145 2460 367 2516 moveri
401 2459 606 2517 solitus
637 2460 976 2517 inveniatur.
1010 2459 1181 2517 iidem
1216 2459 1589 2536 praesagiunt
1614 2476 1861 2537 pugnam
1894 2468 1952 2517 et
1984 2460 2148 2519 amis-

146 2556 249 2600 sos
279 2542 480 2618 lugent
516 2543 798 2617 dominos,
833 2542 1098 2602 lacrimas
1131 2543 1413 2602 interdum
1443 2543 1738 2603 desiderio
1772 2543 2030 2602 fundunt.
2066 2544 2148 2600 in·
2179 2563 2185 2569 ·

146 2625 400 2684 tel-fecto
421 2625 738 2685 Nicomede
764 2643 908 2702 rege
939 2643 1124 2704 equos
1147 2628 1278 2685 -eius
1302 2628 1490 2687 inedia
1528 2627 1699 2685 vitam
1725 2626 1923 2685 finivit.
1968 2626 2114 2700 Phy·
2131 2631 2235 2687 158

75 2708 383 2768 salai-chus
424 2711 608 2770 refert
646 2709 1016 2770 Centaretum
1060 2729 1093 2768 e
1132 2709 1355 2770 Galatis
1400 2713 1456 2769 in
1500 2710 1730 2789 proelio
1780 2711 1980 2769 occiso
2030 2709 2146 2767 An·

146 2792 344 2850 tiocho
378 2797 617 2872 potitum
662 2811 814 2872 equo
849 2796 975 2853 eius
1009 2795 1426 2854 conscendisse
1462 2804 1748 2868 ovantem,
1783 2804 1839 2853 at
1871 2793 2030 2852 illum
2067 2793 2146 2850 in·

147 2877 479 2952 dignatione
546 2879 853 2939 accensum
890 2878 1117 2937 domitis
1157 2878 1359 2955 freniS,
1408 2897 1481 2939 ne
1512 2880 1637 2954 regi
1666 2886 1890 2955 posset,
1919 2877 2146 2955 praeci·

147 2960 323 3038 pitem
354 2963 412 3020 in
436 2961 698 3041 abrupta
742 2965 864 3022 isse
911 2964 1409 3040 exanimatumque
1451 2980 1581 3021 una.
1642 2961 1911 3021 Philistus
1948 2980 1980 3020 a
2009 2960 2145 3019 Dio·

145 3045 311 3118 nysio
348 3046 618 3105 relictum
650 3049 705 3105 in
739 3063 922 3106 caeno
954 3047 1311 3121 haerentem,
1356 3056 1416 3106 ut
1447 3062 1585 3106 sese
1622 3045 1942 3122 evellisset,
1971 3058 2145 3118 ¹secu-

72 3136 257 3187 satum
289 3131 535 3206 vestigia
571 3130 780 3189 domini
816 3133 1078 3190 examine
1111 3132 1300 3208 apium
1340 3130 1511 3190 iubae
1547 3129 1906 3203 inhaerente,
1954 3145 2147 3207 eoque

144 3213 200 3270 in
234 3222 464 3272 ostento
496 3215 852 3287 tyrannidem
886 3233 918 3275 a
953 3215 1236 3289 Dionysio
1269 3223 1634 3293 occupatam.
2269 3288 2270 3291 Ἴ

234 3296 441 3375 ’(65.)
487 3297 724 3374 Ingenia
765 3315 965 3358 eorum
996 3298 1420 3369 inenarrabilia.
1466 3296 1785 3357 iaculantes
1831 3295 2229 3374 obsequia159

146 3382 526 3461 experiuntur
569 3381 821 3440 difficilis
866 3392 1105 3444 conatus
1149 3400 1404 3464 corpore
1446 3383 1577 3462 ipso
1619 3383 1864 3462 nisuque
1906 3382 2142 3441 invitan-
