2320 3650
109 88 225 149 134
854 97 915 146 ο.
957 98 1152 146 rum
1191 98 1491 146 summm

103 255 243 314 fluit.
278 254 467 314 tenuis
495 254 680 332 primo
709 269 822 312 nec
852 252 963 310 nisi
992 252 1231 329 piscinis
1265 253 1594 312 conrivatus
1619 252 1985 333 emissusque
2008 271 2125 318 naz

105 336 395 414 vigabilis,
428 338 595 396 sicuti
628 335 789 394 Tinia
820 343 879 394 et
910 335 1106 396 Glanis
1135 335 1442 395 influentes
1473 337 1528 394 in
1564 353 1712 411 eum,
1746 354 2111 398 novenorum

102 422 181 480 ita
225 429 511 498 conceptu
554 420 804 493 dierum,
858 420 908 477 si
954 436 1070 478 non
1115 419 1387 480 adiuvent
1421 419 1656 478 imbres.
1723 420 1844 481 Sed
1876 420 2112 481 Tiberis

105 513 351 582 propter
375 522 582 583 aspera
610 511 668 562 et
699 501 1049 579 confragosa
1070 520 1144 562 ne
1177 504 1263 562 sic
1292 502 1522 581 quidem
1551 511 1963 583 praeterquam
1992 514 2108 565 tra-

104 587 276 647 bibus
305 589 500 647 verius
532 604 699 664 quam
731 586 946 646 ratibus
979 586 1152 663 longe
1184 586 1451 645 meabilis
1481 587 1692 661 fertur,
1738 605 1848 664 per
1879 598 2108 647 centum
2133 615 2161 653 5

105 672 515 749 quinquaginta
556 671 711 730 milia
754 688 1025 747 passuum
1068 687 1185 729 non
1227 670 1435 748 procul
1469 669 1704 729 Tiferno
1748 669 2108 749 Perusiaque

105 763 164 814 et
195 752 467 814 Ocriculo
487 800 504 830 ,
549 753 834 813 Etruriam
866 754 938 814 ab
968 753 1199 814 Umbris
1233 772 1303 813 ac
1334 753 1593 828 Sabinis,
1639 770 1776 813 mox
1811 755 1956 814 citra
1989 764 2109 813 tre-

104 839 291 898 decim
338 838 492 899 milia
534 855 806 916 passuum
853 837 1012 897 urbis
1051 837 1358 897 Veientem
1399 856 1599 915 agrurn
1639 856 1673 897 a
1715 834 2106 912 Crustumino,

20 921 237 990 54dein
272 921 608 981 Fidenatem
649 920 1022 999 Latinumque
1053 940 1085 980 a
1125 920 1409 980 Vaticano
1456 921 1757 995 dirimens,
1804 922 1910 981 sed
1956 922 2109 982 infra

102 1005 433 1064 Arretinum
458 1004 679 1065 Glanim
720 1003 945 1064 duobus
993 1013 1052 1063 et
1073 1004 1450 1082 quadraginta
1474 1004 1661 1064 fluviis
1685 1011 1906 1078 auctus,
1934 1023 2186 1082 prae-10

104 1090 290 1166 cipuis
323 1096 511 1148 autem
542 1087 698 1147 Nare
731 1097 791 1147 et
823 1087 1084 1162 Aniene,
1135 1089 1233 1165 qui
1264 1097 1324 1146 et
1352 1089 1481 1166 ipse
1513 1087 1857 1175 navigabilis
1888 1087 2110 1147 Latium

102 1171 342 1231 includit
384 1190 415 1230 a
458 1181 666 1247 tergo,
715 1189 829 1230 nec
870 1172 1052 1229 minus
1092 1180 1284 1230 tamen
1327 1173 1492 1249 aquis
1532 1187 1601 1231 ac
1646 1180 1730 1230 tot
1761 1171 2020 1230 fontibus
2053 1173 2112 1230 in

102 1254 307 1315 urbem
329 1255 648 1333 perductis,
682 1262 741 1313 et
763 1255 898 1314 ideo
926 1254 1242 1332 quamlibet
1261 1272 1591 1331 magnarum
1613 1255 1839 1314 navium
1863 1272 1939 1314 out
1959 1253 2109 1314 Italo

101 1340 245 1398 mari
278 1356 496 1418 capax,
546 1357 739 1398 rerum
781 1340 839 1396 in
879 1346 1001 1397 toto
1033 1337 1180 1397 orbe
1214 1340 1569 1398 nascentium
1601 1346 1894 1397 mercator
1924 1337 2110 1416 placi-

105 1423 394 1498 dissimus,
431 1422 692 1501 pluribus
723 1439 909 1501 prope
944 1422 1106 1481 solus
1136 1440 1305 1499 quam
1336 1424 1520 1481 ceteri
1554 1423 1608 1480 in
1640 1420 1904 1480 omnibus
1932 1421 2111 1481 terris
2129 1435 2186 1479 ιιι

19 1513 87 1565 55
104 1524 299 1567 amnes
337 1507 620 1566 adcolitur
656 1506 1087 1583 adspiciturque
1124 1505 1300 1565 villis.
1352 1505 1611 1584 nullique
1658 1505 1960 1564 fluviorum
2004 1507 2109 1564 mi·

101 1608 206 1649 nus
240 1591 380 1650 licet
413 1590 650 1649 inclusis
682 1591 962 1666 utrimque
994 1588 1293 1649 lateribus.
1340 1607 1453 1649 nec
1483 1599 1674 1649 tamen
1703 1590 1831 1666 ipse
1863 1597 2107 1666 pugnat,

105 1691 444 1752 quamquam
484 1673 696 1733 creber
737 1691 808 1732 ac
854 1672 1074 1732 subitus
1114 1673 1487 1732 incrementis
1519 1681 1578 1733 et
1609 1690 1887 1750 nusquam
1918 1673 2112 1748 magis

102 1758 268 1836 aquis
317 1775 484 1835 quam
528 1758 584 1817 in
632 1758 759 1836 ipsa
789 1756 935 1816 urbe
969 1756 1384 1834 stagnantibus
1448 1758 1582 1836 quin
1624 1757 1792 1816 immo
1823 1764 1992 1815 vates
2024 1757 2108 1814 in·

101 1841 402 1917 tellegitur
444 1843 638 1919 potius
680 1859 749 1900 ac
794 1843 1043 1901 monitor
1085 1849 1255 1900 auctu
1299 1859 1535 1919 semper
1563 1841 1875 1917 religiosus
1907 1841 2186 1901 veriusao

19 1934 87 1988 56
105 1943 272 2004 quam
320 1942 552 1984 saevos.
615 1923 829 1983 Latium
873 1927 1166 2003 antiquom
1209 1943 1242 1984 a
1274 1923 1475 1985 Tiberi
1507 1921 1774 1984 Circeios
1817 1932 2112 1983 servatum

105 2017 193 2067 est
216 2007 274 2066 M
302 2026 457 2085 pass.
491 2007 534 2066 L
564 2008 940 2084 longitudine.
977 2018 1089 2068 tam
1119 2018 1327 2068 tenues
1358 2009 1673 2087 primordio
1704 2008 1910 2086 imperi
1941 2007 2111 2066 fuere

100 2091 352 2150 radices.
412 2089 651 2151 Colonis
684 2106 865 2170 saepe
889 2093 1117 2152 mutatis
1149 2101 1393 2151 tenuere
1429 2092 1526 2152 alii
1557 2092 1686 2151 aliis
1720 2090 2110 2168 temporibus,

102 2172 497 2252 Aborigines,
553 2174 816 2252 Pelasgi,
865 2175 1162 2251 Arcades,
1217 2176 1418 2251 Siculi,
1464 2175 1752 2250 Aurunci,
1799 2174 2018 2249 Rutuli,
2053 2182 2115 2234 et

104 2260 252 2319 ultra
284 2258 551 2320 Circeios
578 2258 815 2335 Volsci,
854 2257 1014 2334 Osci,
1046 2259 1355 2334 Ausones,
1390 2260 1541 2318 unde
1576 2276 1785 2317 nomen
1813 2257 1938 2318 Lati
1971 2274 2187 2336 pro-25

107 2344 285 2402 cessit
320 2343 392 2403 ad
421 2342 591 2402 Lirim
623 2361 863 2403 amnem.
929 2343 993 2403 In
1027 2344 1313 2421 principio
1349 2352 1439 2403 est
1471 2340 1631 2403 Ostia
1663 2342 1895 2401 colonia
1925 2360 1959 2400 a
1991 2341 2109 2401 Ro·

103 2443 273 2485 mano
304 2444 448 2502 rege
480 2427 750 2501 deducta,
790 2427 1059 2504 oppidum
1090 2426 1454 2501 Laurentum,
1489 2426 1653 2485 lucus
1686 2425 1843 2485 Iovis
1873 2425 2109 2501 Indige-

103 2512 214 2585 tis',
263 2511 442 2569 amnis
477 2509 804 2584 Numicius,
845 2510 1044 2571 Ardea
1086 2529 1120 2570 a
1152 2509 1355 2571 Danae
1387 2510 1589 2570 Persei
1634 2518 1816 2569 matre
1852 2508 2107 2583 condita.

21 2593 87 2649 57
108 2595 241 2654 dein
272 2593 560 2672 quondam
584 2594 1013 2671 Aphrodisium,
1048 2593 1275 2654 Antium
1300 2595 1550 2669 colonia,
1578 2593 2027 2653 Asturaflumen
2052 2600 2114 2652 et

106 2678 326 2753 insula,
363 2678 565 2738 fluvius
595 2676 987 2756 Nymphaeus,
1023 2675 1253 2738 Clostra
1278 2677 1558 2752 Romana,
1593 2675 1785 2736 Circei
1816 2675 2110 2754 quondam
2131 2688 2188 2731 so

106 2762 290 2822 insula
328 2763 585 2822 inmenso
617 2763 848 2840 quidem
882 2762 1022 2821 mari
1055 2762 1426 2837 circumdata,
1458 2770 1519 2820 ut
1553 2761 1806 2820 creditur
1825 2759 2110 2834 Homer0,

107 2855 166 2905 et
188 2863 338 2905 nunc
373 2847 627 2924 planitie.
680 2845 881 2905 Mirum
907 2855 996 2905 est
1030 2846 1185 2927 quod
1218 2845 1329 2906 hac
1361 2845 1435 2905 de
1463 2863 1530 2903 re
1561 2843 1795 2904 tradere
1818 2842 2113 2903 hominum

106 2931 345 2989 notitiae
377 2948 701 3007 possumus.
760 2929 1216 3007 Theophrastus,
1251 2931 1346 3007 qui
1368 2930 1584 3006 primus
1609 2936 1982 2987 externorum
2005 2926 2109 2986 ali·

109 3031 219 3090 qua
252 3013 325 3073 de
357 3012 628 3074 Romanis
664 3013 991 3090 diligentius
1023 3015 1255 3091 scripsit
1289 3014 1446 3092 (nam
1480 3011 1927 3089 Theopompus,
1974 3018 2111 3070 ante

110 3113 279 3173 quem
311 3114 480 3156 nemo
512 3099 860 3156 mentionem
895 3097 1121 3172 habuit,
1172 3096 1373 3156 urbem
1407 3096 1696 3156 dumtaxat
1733 3112 1765 3153 a
1798 3092 1981 3154 Gallis
2013 3107 2188 3154 (ta-85

108 3187 263 3255 ptam
296 3179 456 3254 dixit,
492 3177 815 3239 Clitarchus
847 3180 919 3240 ab
956 3197 1028 3239 eo
1059 3198 1374 3258 proxumus
1403 3178 1757 3255 legationem
1787 3185 2003 3237 tantum
2034 3176 2111 3237 ad

25 3264 93 3318 58
107 3259 496 3320 Alexandrum
519 3263 767 3338 missam,
799 3263 894 3323 hic
924 3265 1036 3322 iam
1064 3263 1194 3341 plus
1228 3281 1396 3342 quam
1420 3262 1707 3340 etfama),
1743 3259 2110 3323 Circeiorum

109 3343 333 3404 insulae
376 3351 435 3405 et
465 3362 787 3407 mensuram
828 3348 1021 3425 posuit
1056 3347 1240 3418 stadia
1287 3347 1583 3424 octogiuta
1612 3347 1669 3406 in
1704 3362 1778 3405 eo
1811 3343 2110 3406 volumine
