2320 3650
288 91 407 151 142
935 103 998 151 C.
1033 106 1225 151 Pmm
1258 59 1555 152 anemio}

286 269 344 319 et
388 259 486 317 ubi
528 258 684 319 nulla
726 260 839 319 alia
878 276 996 318 vox
1030 260 1371 334 misceatur,
1406 258 1708 320 adsidente
1750 262 1847 340 qui
1888 259 2073 320 crebro
2107 258 2205 318 dieat
2240 243 2241 288 ³

243 385 248 392 =
287 361 357 402 ea
389 360 539 421 quae
564 343 795 402 condita
825 343 969 402 velit
1004 360 1074 402 ac
1110 342 1256 401 cibis
1284 343 1637 403 blandiente.
2240 411 2241 418 ἵ

201 438 296 490 121
439 427 542 486 43.
593 427 761 504 (60.)
820 426 1114 486 Reddatur
1156 436 1214 485 et
1260 429 1454 485 corvis
1496 446 1599 487 sua
1639 429 1860 504 gratia,
1905 428 2241 504 indignatione*

284 528 517 590 quoque
547 510 748 589 populi
781 510 1021 571 Romani
1051 509 1282 584 testata,
1316 529 1430 570 non
1460 512 1647 571 solum
1687 512 2044 571 conscientia.
2099 509 2208 569 Tibe·
2240 517 2241 580 l

281 597 370 654 rio
416 597 680 673 principe
726 613 802 654 ex
835 594 958 654 fetu
1002 613 1175 672 supra
1231 592 1532 655 Castorum
1600 595 1807 655 aedem
1863 598 2047 672 genito
2082 591 2241 672 pullum

283 681 340 738 in
377 681 706 757 oppositam
736 680 1007 740 sutrinam
1039 679 1354 754 devolavit,
1401 682 1572 739 etiam
1603 681 1896 756 religione
1935 677 2211 739 commenda·
2240 645 2241 736 l

283 773 374 823 tus
408 764 681 823 officinae
727 763 977 822 domino.
1035 764 1083 821 is
1123 773 1347 822 mature
1387 764 1642 823 sermoni
1683 764 2060 837 adsuefacta,
2095 749 2241 844 omni}

283 848 393 907 bus
419 849 706 907 matutinis
753 848 997 908 evolans
1039 848 1094 905 in
1138 855 1328 906 rostra
1389 850 1444 907 in
1487 849 1676 907 forum
1733 866 1940 909 versus
1982 848 2241 924 Tiberium&

283 932 418 992 dein
450 931 847 991 Germanicum
880 941 939 990 et
965 931 1215 990 Drusum
1248 928 1537 991 Caesares
1570 934 1923 1008 nominatim,
1947 949 2069 992 mox
2092 940 2212 988 trans·
2240 935 2241 954 l

284 1025 516 1075 euntem
553 1016 832 1093 populum
873 1015 1192 1075 Romanum
1246 1016 1568 1091 salutabat,
1624 1025 1838 1094 postea
1887 1018 1956 1078 ad
1998 963 2242 1122 tahemani

198 1111 300 1163 122
315 1117 604 1174 remeans,
653 1100 898 1177 plurium
923 1117 1201 1160 annorum
1228 1100 1470 1160 adsiduo
1505 1100 1934 1160 officio-mirus.
1988 1101 2116 1160 huno
2136 1096 2213 1155 sive

283 1183 670 1244 aemulatione
748 1185 1056 1243 vicinitatis
1114 1201 1393 1261 manceps
1458 1202 1778 1262 proxumae
1856 1188 2091 1244 sutrinae
2136 1181 2214 1238 sive

282 1268 577 1328 iracundia
600 1267 805 1343 subita,
838 1278 898 1327 ut
923 1269 1108 1327 voluit
1141 1268 1346 1341 videri,
1379 1270 1771 1328 excrementis
1801 1271 1926 1329 eius
1961 1269 2125 1347 posita
2140 1261 2214 1323 cal·

285 1354 408 1413 ceis
432 1352 678 1427 macula,
727 1353 1072 1416 exanimavit
1104 1361 1257 1411 tanta
1297 1352 1495 1430 plebei
1521 1355 1994 1413 consternatione
2023 1349 2214 1428 utprimo

283 1438 486 1516 pulsus
521 1456 596 1496 ex
629 1455 698 1496 ea
729 1438 996 1514 regione,
1025 1454 1165 1496 mox
1197 1445 1255 1495 et
1292 1437 1672 1514 interemptus
1699 1439 1806 1512 sit,
1860 1438 2118 1515 funusque
2141 1429 2242 1498 alifia

256 1523 593 1582 ·innumeris
648 1520 1004 1581 celebratum
1059 1523 1392 1599 exsequiiS‚
1448 1529 1815 1580 constratum·
1853 1523 2054 1582 lectum
2099 1530 2216 1592 super

283 1605 633 1683 Aethiopum
675 1605 916 1664 duorum
962 1622 1196 1665 umeros
1237 1605 1634 1682 praecedente
1679 1604 1923 1666 tibicine
1965 1615 2019 1665 et
2055 1598 2214 1665 coronis

283 1690 533 1749 omnium
556 1706 836 1766 generum
858 1689 930 1748 ad
957 1706 1165 1766 rogum
1194 1708 1381 1767 usque
1405 1690 1503 1767 qui
1529 1697 1903 1749 constructus
1936 1691 2115 1750 dextra
2135 1684 2215 1741 viae

283 1772 515 1853 Appiae
563 1773 632 1834 ad
677 1772 991 1833 secundum
1037 1773 1285 1852 lapidem
1334 1774 1389 1832 in
1436 1790 1643 1851 campo
1684 1773 1957 1835 Rediculi
1998 1766 2214 1851 appellato

200 1868 301 1921 123
324 1859 475 1917 fuit.·
510 1857 660 1916 adeo
692 1859 833 1916 satis
879 1859 1026 1917 iusta
1067 1857 1495 1937 causaxpopulo
1535 1856 1800 1917 Romano
1835 1861 1961 1919 visa
2004 1846 2242 1918 emme-¹

285 1942 539 2019 quiarum
576 1942 864 2017 ingenium
889 1944 1011 2000 avis
1037 1950 1134 2002 aut
1160 1942 1413 2020 supplici
1438 1941 1511 2001 de
1537 1943 1668 2000 cive
1694 1940 1959 2011 Romano
1981 1943 2033 2000 in
2055 1957 2111 1998 ea
2126 1933 2215 1994 urhe

282 2028 341 2085 in
371 2043 483 2103 qua
511 2025 814 2085 multorum
844 2027 1169 2104 principum
1209 2043 1379 2085 nemo
1416 2025 1742 2085 deduxerat
1768 2027 1961 2102 inune,
2006 2016 2215 2101 Scipionis

283 2128 428 2170 vero
461 2109 767 2170 Aemiliani
804 2119 939 2188 post
983 2108 1408 2186 Carthaginem*
1431 2108 1913 2187 Numantiamque
1959 2110 2146 2170 deletas
2173 2098 2215 2159 ib

285 2213 358 2256 eo
400 2212 570 2255 nemo
617 2194 1014 2265 vindicaverat
1068 2203 1332 2253 mortem.
1386 2192 1513 2252 hoc·
1543 2203 1772 2270 gestum
1812 2193 1890 2253 Μ.
1938 2190 2151 2254 Servilio
2176 2180 2213 2239 C·

202 2288 303 2342 124
318 2279 518 2339 Cestio
545 2296 769 2339 cossa.
787 2278 841 2337 d.
858 2268 1173 2339 v.kalend.
1201 2277 1441 2356 Aprilis.
1478 2276 1644 2336 Nunc
1669 2295 1906 2357 qaoque
1932 2286 2049 2338 erat
2069 2267 2242 2363 ἰιιπδρῆ

284 2364 466 2422 Roma
499 2363 647 2423 haec
680 2363 967 2441 prodente
999 2381 1090 2422 me
1116 2363 1328 2440 equitis
1354 2361 1597 2420 Romani
1619 2364 1826 2421 cornix
1856 2382 1890 2422 e
1921 2361 2214 2432 Baeticwfl·

281 2465 433 2506 mum
459 2447 661 2506 colore
679 2448 818 2505 mira
843 2445 1148 2506 admodum
1165 2448 1356 2523 nigro,
1383 2446 1594 2505 deinde
1621 2445 1790 2524 plura
1815 2454 2081 2507 contexta
2098 2433 2216 2500 verb*

287 2532 618 2610 exprimens
644 2540 704 2590 et
726 2531 839 2591 alia
861 2539 1035 2609 atque
1068 2531 1180 2591 alia
1212 2530 1422 2589 crebro
1450 2529 1780 2590 addiscens.
1842 2550 1959 2591 nec
1984 2546 2085 2588 non
2104 2532 2215 2584 etre-

285 2634 427 2676 cens
460 2615 610 2677 fama
643 2613 868 2675 Crateri
892 2614 1293 2675 Monocerotis
1317 2614 1664 2691 cognomine
1689 2615 1745 2673 in
1770 2613 2018 2675 Erizena
2046 2608 2216 2693 regim

285 2701 464 2761 Asiae
498 2717 804 2761 corvorum
837 2716 1018 2778 opera
1060 2700 1324 2759 venantis
1366 2716 1439 2759 eo
1482 2698 1639 2776 quod
1670 2698 2003 2760 devehebat
2028 2700 2081 2769 iu
2098 2678 2242 2769 silui

287 2803 393 2846 eos
427 2786 747 2845 insidentes
779 2783 1090 2844 corniculis
1120 2786 1471 2861 umerisque.
1507 2782 1593 2841 illi
1618 2783 1991 2860 vestigabant
2016 2774 2215 2857 agebant·

286 2889 398 2949 que
428 2887 500 2929 eo
536 2869 817 2947 perducta
850 2868 1271 2928 consuetudine
1309 2876 1372 2927 ut
1401 2875 1710 2927 exeuntem
1753 2869 1840 2926 sic
1888 2864 2218 2949 conitere-tq·

202 2965 300 3018 125
317 2965 375 3014 et
399 2956 527 3015 feri.
585 2952 945 3013 Tradendum
967 2961 1249 3030 putavere
1277 2953 1592 3011 memoriae
1620 2952 1853 3029 quidam
1874 2953 2053 3010 visun
2070 2956 2155 3026 pet
2172 2954 2213 3032 ξ’·

288 3041 386 3097 tim
416 3037 641 3117 lapides
674 3046 1090 3115 congerentem
1120 3039 1178 3097 in
1211 3037 1437 3097 situlam
1465 3036 1832 3111 monimenti,
1866 3036 1921 3095 in
1954 3050 2061 3113 qua
2090 3025 2241 3108 phm

289 3138 434 3196 aqua
466 3121 739 3196 durabat,
785 3121 891 3181 sed
940 3140 1089 3199 quae
1115 3122 1330 3198 ,attingi
1373 3138 1486 3180 non
1525 3129 1748 3198 posset.
1810 3121 1888 3181 ita
1928 3102 2242 3181 dommi

288 3214 594 3278 paventem
620 3206 989 3283 expressisse
1015 3206 1115 3265 tali
1139 3207 1417 3282 congerie
1448 3213 1718 3283 quantum
1741 3214 1952 3283 poturo
1975 3194 2214 3267 sum
2240 3234 2241 3265 ;

209 3291 311 3344 126
452 3286 551 3344 44.
591 3288 757 3366 (61.)
800 3289 927 3349 Nec
976 3289 1315 3350 Diomedias
1371 3288 1707 3369 praeteribo
1741 3290 1891 3349 avis.-
1960 3285 2089 3351 lut·
2120 3284 2213 3339 Μ’

292 3374 480 3424 ractas
505 3379 676 3429 vocat
699 3382 758 3431 et
781 3375 866 3431 eis
896 3392 1031 3434 esse
1065 3375 1248 3434 dentis
1284 3374 1608 3451 oculosque
1631 3375 1808 3451 igneo
1835 3372 2051 3445 colore,
2078 3367 2212 3427 ⁰³⁸⁰
2240 3450 2241 3465 χ
