2320 3650
564 114 724 159 NAT.
761 112 942 159 HIST.
978 111 1129 192 vm.
1165 107 1402 161 16—17.
1439 100 1746 180 (19—21.)
2084 104 2161 163 53

159 263 442 325 cessisset
475 267 645 323 etiam
681 265 898 326 feritas,
954 267 1093 324 Sunt
1116 283 1260 324 vero
1293 275 1350 324 et
1380 266 1645 326 fortunae
1690 285 1887 327 eorum
1925 286 2158 348 quoque
2181 281 2249 335 56

159 350 504 408 clementiae
538 349 838 427 exempla:
882 348 1108 408 Mentor
1139 351 1538 424 Syracusanus
1570 353 1624 408 in
1655 353 1821 425 Syria
1857 355 2031 412 leone
2063 353 2164 412 ob-

157 434 256 492 vio
305 434 648 511 suppliciter
705 429 1003 493 volutante
1050 437 1322 493 attonitus
1368 451 1618 511 pavore,
1674 452 1799 493 cum
1854 429 2165 513 refugienti

158 517 412 595 undique
457 517 584 576 fera
628 527 955 595 opponeret
1007 533 1142 577 sese
1196 527 1255 577 et
1302 519 1551 593 vestigia
1592 517 1874 578 lamberet
1915 521 2165 580 adulanti

102 620 130 657 5
157 601 392 676 similiS,
434 603 831 661 animadvertit
872 604 927 660 in
959 602 1111 680 pede
1153 605 1278 660 eius
1328 612 1605 661 tumorem
1647 602 1989 680 volnusque.
2063 623 2162 663 ex-

153 694 343 744 tracto
379 686 612 744 surculo
646 686 913 745 liberavit
961 688 1236 745 cruciatu.
1300 689 1523 764 pictura
1557 704 1750 745 casum
1797 686 1945 745 hunc
1989 696 2160 762 testa·

155 779 248 828 tur
279 769 603 844 Syracusis,
667 771 848 829 Simili
892 770 1062 829 modo
1097 769 1262 848 Elpis
1298 772 1520 829 Samius
1552 772 1782 828 natione
1822 773 1876 829 in
1909 771 2164 829 Africam
2180 785 2246 840 57

154 854 383 913 delatus
420 871 567 912 nave
609 855 764 913 iuxta
798 854 931 913 litus
977 863 1298 931 conspecto
1349 855 1521 913 leone
1567 854 1958 913 hiatuminaci
1993 854 2161 913 arho-

153 939 280 996 rem
310 939 366 995 in
397 936 535 1013 fuga
571 940 714 1015 petit
742 938 952 997 Libero
986 948 1150 1016 patre
1184 940 1477 1012 invocato,
1528 940 1795 1016 quoniam
1848 949 1959 997 tum
1993 956 2161 1016 prae-

60 1025 132 1082 ἰο
156 1023 362 1099 cipuus
398 1030 663 1102 votorum
696 1023 864 1082 locus
896 1032 1016 1097 est,
1068 1041 1195 1081 cum
1242 1025 1372 1100 spei
1400 1022 1586 1080 nullus
1631 1032 1737 1081 est.
1802 1041 1994 1099 neque
2028 1039 2160 1100 pro·

155 1106 435 1181 fugienti,
471 1124 596 1164 cum
631 1109 952 1184 potuisset,
1013 1106 1139 1165 fera
1185 1108 1497 1180 institerat,
1557 1117 1613 1165 et
1656 1106 2043 1185 procumbens
2092 1107 2162 1165 ad

155 1191 426 1249 arborem
479 1189 633 1249 hiatu
687 1186 801 1269 qu'o
854 1199 1140 1249 terruerat
1201 1192 1626 1249 miserationem
1682 1189 2014 1269 quaerebat.
2096 1208 2162 1249 os

155 1289 352 1331 morsu
398 1274 656 1335 avidiore
695 1270 1025 1335 inhaeserat
1053 1274 1321 1333 dentibus
1360 1276 1768 1353 cruciabatque
1803 1274 2013 1349 inedia,
2048 1283 2162 1333 tum

155 1375 348 1436 poena
380 1358 434 1414 in
473 1358 615 1435 ipsis
655 1360 780 1417 eius
811 1359 968 1433 telis,
1004 1367 1442 1457 suspectantem
1474 1376 1560 1416 ac
1573 1360 1731 1417 velut
1773 1360 1939 1417 mutis
1972 1360 2160 1435 preci-

80 1458 134 1498 15
156 1443 265 1500 bus
317 1450 594 1500 orantem.
687 1443 815 1501 dum
847 1404 1081 1502 fortuitu
1117 1440 1182 1475 **
1230 1443 1410 1501 fidens
1442 1459 1556 1500 non
1600 1452 1689 1500 est
1722 1453 1920 1501 contra
1957 1443 2158 1514 feram,

155 1526 453 1601 multoque
485 1526 692 1584 diutius
725 1528 1002 1585 miraculo
1039 1544 1207 1603 quam
1236 1536 1388 1583 metu
1435 1536 1719 1585 cessatum
1750 1536 1856 1585 est.
1920 1526 2158 1601 degres-
2179 1530 2248 1583 58

160 1627 258 1668 sus
301 1609 527 1667 tandem
572 1611 770 1669 evellit
825 1611 1125 1688 praebenti
1182 1620 1240 1668 et
1279 1628 1447 1688 quam
1492 1629 1755 1670 maxume
1801 1619 2164 1688 opus-esset

157 1692 634 1752 adcommodanti.
712 1695 1055 1792 traduntque
1098 1694 1361 1772 quamdiu
1409 1697 1569 1754 navis
1614 1714 1681 1753 ea
1729 1697 1783 1753 in
1830 1696 1999 1753 litore
2047 1703 2161 1751 ste-

156 1778 298 1837 terit
327 1778 600 1837 retulisse
631 1779 872 1879 gratiam
904 1789 1145 1839 venatus
1190 1780 1545 1856 adgeiNJendo
1609 1797 1718 1857 qua
1752 1780 1823 1839 de
1868 1795 2040 1838 causa
2073 1776 2159 1836 Li-

79 1882 135 1922 20
157 1862 304 1923 bero
328 1864 496 1940 patri
532 1865 807 1959 templum
838 1867 894 1924 in
924 1867 1097 1924 Samo
1128 1863 1293 1942 Elpis
1320 1866 1588 1940 sacravit,
1620 1865 1771 1942 quod
1800 1864 1870 1922 ab
1904 1881 1976 1922 eo
2005 1863 2160 1921 facto

158 1945 367 2005 Graeci
400 1940 753 2023 κεχηνότος
776 1943 1127 2010 Διονύσου
1172 1948 1568 2025 appellavere.
1654 1948 1924 2007 Miremur
1954 1956 2161 2025 postea

155 2030 408 2106 vestigia
439 2029 723 2091 hominum
757 2032 1016 2109 intellegi
1053 2050 1082 2089 a
1113 2032 1279 2104 feris,
1314 2050 1439 2090 cum
1473 2035 1642 2090 etiam
1687 2033 1897 2090 auxilia
1931 2031 2003 2089 ab
2048 2047 2160 2103 uno

156 2115 481 2174 animalium
514 2115 793 2193 sperent?
856 2135 954 2175 cur
986 2117 1134 2175 enim
1166 2133 1279 2173 non
1312 2117 1383 2174 ad
1409 2117 1565 2175 alia
1550 2135 1693 2189 iere,
1734 2126 1826 2175 aut
1862 2115 2010 2173 uude
2044 2132 2161 2171 me-

156 2199 321 2258 dicas
353 2217 549 2257 manus
578 2201 823 2259 hominis
855 2197 1083 2260 sciunt?
1116 2201 1222 2257 nisi
1255 2199 1414 2258 forte
1438 2201 1525 2257 vis
1556 2200 1832 2258 malorum
1872 2201 2040 2256 etiam
2078 2198 2161 2256 fe-

79 2308 134 2347 25
156 2284 475 2342 rasomnia
511 2286 766 2361 experiri
799 2286 975 2361 cogit.

291 2368 385 2424 17.
435 2367 640 2445 Aeque
680 2368 1105 2427 memorandum
1162 2376 1218 2425 et
1281 2367 1353 2425 de
1395 2365 1673 2444 panthera
1720 2367 1891 2426 tradit
1944 2366 2248 2430 Deme-59

155 2451 303 2509 trius
352 2450 660 2528 physicuS,
704 2454 987 2511 iacentem
1032 2455 1087 2510 in
1124 2451 1313 2510 media
1349 2453 1439 2509 via
1474 2451 1713 2508 hominis
1746 2452 2037 2510 desiderio
2071 2469 2163 2508 re-

156 2542 336 2612 pente
378 2534 903 2613 adparuisse¹patri
938 2537 1229 2595 cuiusdam
1271 2533 1474 2593 Philini
1506 2535 1889 2593 adsectatoris
1936 2536 2162 2612 sapien-

155 2619 295 2677 tiae.
362 2618 520 2677 illum
554 2637 772 2696 pavore
808 2622 1083 2698 coepisse
1115 2619 1370 2694 regredi,
1403 2627 1591 2676 tamen
1631 2620 1810 2677 feram
1844 2621 2162 2678 circumvo-

77 2701 329 2779 solutari
357 2720 472 2761 non
503 2704 674 2762 dubie
716 2704 1102 2762 blandientem
1142 2721 1395 2780 seseque
1444 2702 1867 2780 conflictantem
1897 2718 2164 2761 maerore

158 2785 260 2864 qui
292 2787 461 2845 etiam
486 2789 542 2845 in
574 2788 853 2864 panthera
892 2789 1151 2863 intellegi
1189 2796 1407 2864 posset.
1474 2787 1591 2845 feta
1636 2796 1759 2845 erat
1793 2786 1998 2845 catulis
2030 2802 2163 2862 pro-

159 2868 259 2927 cul
298 2870 353 2927 in
396 2870 626 2930 foveam
656 2872 932 2950 delapsis,
994 2874 1235 2950 primum
1278 2888 1421 2946 ergo
1465 2872 1852 2929 miserationis
1899 2870 2000 2927 fuit
2044 2886 2157 2927 non
2182 2880 2252 2933 60

157 2966 589 3030 expavescere,
622 2973 958 3033 proxumum
991 2965 1047 3014 et
1080 2973 1274 3014 curam
1307 2956 1628 3029 intendere,
1665 2963 2016 3030 secutusque
2053 2970 2164 3030 qua

154 3038 427 3097 trahebat
461 3048 687 3098 vestem
733 3042 1002 3116 unguium
1034 3040 1150 3098 levi
1197 3040 1431 3114 iniectu,
1474 3048 1533 3098 ut
1568 3056 1797 3097 causam
1831 3038 2053 3096 doloris
2085 3039 2165 3095 in-

80 3130 133 3173 ³⁵
156 3121 392 3181 tellexit
429 3123 710 3200 simulque
761 3124 960 3184 salutis
994 3141 1131 3183 suae
1163 3123 1527 3197 mercedem,
1577 3124 1788 3181 exemit
1820 3123 2062 3197 catuloS,
2098 3140 2168 3180 ea

157 3222 290 3264 cum
323 3206 411 3264 his
457 3218 852 3286 prosequente
885 3226 1068 3287 usque
1107 3216 1270 3266 extra
1302 3206 1641 3265 solitudines
1687 3207 1968 3266 deductus
2017 3207 2167 3264 laeta

154 3297 336 3367 atque
369 3292 690 3366 gestiente,
723 3301 783 3350 ut
824 3292 996 3351 facile
1029 3292 1342 3369 adpareret
1381 3292 1621 3366 gratiam
1663 3292 1890 3350 referre
1934 3299 1992 3348 et
2028 3289 2168 3375 nihil

110 3375 216 3434 -in
249 3374 439 3432 vicem
476 3375 759 3453 inputare,
797 3377 950 3452 quod
980 3379 1147 3434 etiam
1179 3377 1235 3433 in
1269 3374 1494 3433 homine
1527 3393 1715 3433 rarum
1750 3385 1855 3434 est.
