2320 3650
675 97 838 144 NA'r.
869 99 1051 145 ms'r.
1098 100 1197 147 xl.
1235 99 1400 150 1—4.
1439 88 1674 165 (1—3.)
1724 117 1741 126 ‚
1782 120 1790 135 x
2041 88 2158 150 159

223 251 306 312 3.
349 248 493 328 (2.)
523 249 753 310 Insecta
781 253 941 312 multi
972 264 1255 331 negarunt
1277 255 1524 332 spirare,
1560 254 1734 332 idque
1771 255 1993 313 ratione
2026 274 2156 354 per·
2184 270 2220 321 5

55 336 482 409 suadentes,
520 336 787 412 quoniam
819 337 1048 397 viscera
1084 339 1358 398 interiora
1391 357 1576 398 nexus
1609 335 1903 415 spirabilis
1936 356 2048 397 non
2080 342 2161 400 in-

55 428 347 514 essent.
406 419 607 496 itaque
640 421 841 479 vivere
873 430 932 480 ut
961 421 1162 499 fruges
1193 421 1577 500 arboresque,
1605 421 1710 480 sed
1733 420 2095 500 plurumum
2080 443 2159 482 m-

51 495 359 566 te'resse
401 503 591 579 spiret
623 504 838 581 aliquid
875 523 946 564 an
986 508 1158 565 vivat.
1232 507 1435 565 eadem
1477 506 1548 567 de
1581 523 1755 565 causa
1787 522 1899 564 nec
1930 511 2160 583 sangui-

61 608 231 649 nem
284 589 371 646 iis
412 603 573 661 esse,
606 589 700 664 qui
732 590 806 647 sit
838 590 1007 649 nullis
1042 590 1374 650 carentibus
1399 590 1577 650 corde
1613 599 1786 669 atque
1817 591 2039 650 iecore.
2076 595 2161 651 sic

52 693 198 733 nec
240 673 508 749 spirare
543 689 611 730 ea
645 671 852 756 quibus
888 674 1081 751 pulmo
1115 674 1283 734 desit.
1345 675 1497 734 unde
1525 673 1854 734 numerosa
1866 677 2159 773 quaestio·

53 778 225 819 num
276 756 494 816 series
526 757 804 815 exoritur.
869 758 1041 817 iidem
1074 760 1223 817 enim
1252 767 1311 817 et
1340 777 1546 818 vocem
1574 777 1709 819 esse
1742 758 1830 817 his
1862 768 2078 855 negant
2106 762 2161 818 in
2187 772 2220 825 6

51 852 264 903 tauto
308 856 618 898 murmure
652 841 864 917 apium,
893 842 1220 902 cicadarum
1243 860 1390 912 sono
1415 853 1475 903 et
1504 843 1633 903 aliis
1665 860 1814 919 quae
1845 844 1966 901 suis
1985 845 2157 901 aesti-

55 927 462 990 mabuntur
474 922 643 982 locis.
707 941 833 984 nam
881 926 1013 985 mihi
1063 928 1357 987 contuenti
1402 946 1469 988 se
1512 927 1804 1006 persuasit
1837 944 2027 985 rerum
2060 946 2156 986 na-

32 1023 222 1072 ·tura
266 1006 438 1078 nihil
469 997 813 1068 incredibile
847 1011 1180 1072 existimare
1213 1011 1288 1070 de
1325 1030 1414 1071 ea.
1470 1030 1582 1071 nec
1609 1012 1806 1085 video,
1842 1029 1944 1069 cur
1962 1013 2158 1109 tnagis

47 1096 356 1176 possint
394 1109 514 1151 non
545 1092 779 1154 trahere
812 1094 1051 1154 animam
1084 1095 1219 1154 talia
1252 1104 1310 1168 et
1342 1098 1542 1155 vivere
1575 1112 1744 1173 quam
1775 1095 2001 1172 spirare
2033 1099 2159 1155 sine

57 1175 504 1250 visceribus,
550 1175 705 1252 quod
738 1178 909 1236 etiam
940 1178 996 1236 in
1026 1179 1261 1237 marinis
1293 1180 1592 1239 docuimus
1624 1181 1882 1257 quamvis
1916 1183 2243 1266 arcenteg'gm
2202 1181 2244 1213 ¹⁶³

60 1266 415 1344 spiratum
447 1258 731 1318 densitate
779 1270 836 1319 et
878 1261 1179 1321 altitudine
1219 1265 1457 1323 umoris.
1529 1262 1750 1322 Volare
1787 1264 2016 1341 quidem
2061 1264 2213 1327 ali-7

63 1366 210 1427 qua
256 1353 333 1404 et
369 1342 623 1404 animatu
656 1361 861 1404 carere
892 1347 949 1403 in
979 1348 1111 1443 ipso
1144 1348 1347 1425 spiritu
1381 1347 1654 1421 viventia,
1675 1346 1897 1406 habere
1924 1366 2157 1406 sensum

30 1436 357 1526 ,νίιιῑιιεὀ
376 1428 816 1503 generationis,
848 1431 1080 1506 operis,
1111 1440 1293 1507 atque
1321 1432 1491 1500 etiam
1521 1431 1594 1491 de
1626 1430 1815 1489 futuro
1851 1448 2065 1505 curam,
2100 1441 2157 1489 et

64 1512 395 1596 quamvis
438 1527 552 1568 non
583 1512 698 1570 sint
727 1512 982 1573 membra
1014 1532 1165 1591 quae
1200 1515 1362 1574 velut
1394 1515 1587 1574 carina
1620 1531 1826 1573 sensus
1859 1515 2152 1590 invehant,
2242 1539 2259 1546 -

64 1617 242 1661 esse
287 1605 498 1655 tamen
526 1595 598 1653 iis
627 1596 897 1672 auditum,
932 1597 1229 1673 olfactum,
1263 1606 1571 1675 gustatum,
1605 1598 1813 1657 eximia
1846 1607 2154 1675 praeterea

63 1693 371 1745 naturae
410 1678 583 1754 dona,
614 1679 958 1755 sollertiam,
988 1683 1253 1758 animum,
1287 1692 1490 1758 artem,
1527 1684 1654 1760 quis
1677 1682 1851 1742 facile
1887 1683 2153 1743 credide-

63 1765 218 1830 rit?
261 1763 637 1839 Sanguinem
666 1780 783 1823 non
812 1782 947 1823 esse
979 1766 1051 1824 iis
1081 1766 1306 1843 fateor,
1337 1767 1486 1827 sicut
1515 1785 1589 1827 ne
1624 1765 1998 1837 terrestribus
2032 1766 2153 1846 qui·
2179 1776 2217 1830 8

30 1855 245 1919 »dem
289 1848 528 1907 cunctis
557 1848 705 1906 inter
733 1867 800 1908 se
835 1850 1101 1925 similem,
1135 1871 1353 1912 verum.
1399 1861 1461 1912 ut
1490 1853 1729 1931 saepiae
1760 1853 1815 1910 in
1847 1853 1989 1910 mari
2025 1871 2152 1912 san⁴

67 1935 314 2015 guinis
350 1932 497 1990 viris
529 1935 904 1992 atramentum
939 1936 1193 2012 optinet,
1232 1955 1612 2014 purpurarum
1653 1938 1857 2013 generi
1905 1936 2154 1996 infector

67 2023 200 2081 ille
256 2033 491 2089 sucuS,
541 2017 628 2074 sic
662 2025 721 2074 et
751 2019 988 2077 insectis
1028 2021 1289 2098 quisquis
1336 2031 1426 2080 est
1468 2021 1656 2080 vitalis
1701 2038 1863 2079 umor
1903 2020 1997 2079 hic
2045 2023 2154 2079 erit

67 2100 393 2179 sanguis.
431 2098 703 2177 denique,
736 2103 1083 2161 existimatio
1120 2122 1193 2162 ne
1227 2123 1331 2164 sua
1366 2107 1584 2181 cuique.
1609 2106 1700 2179 sit,
1734 2103 1902 2163 nobis
1935 2120 2151 2181 propo·

68 2190 292 2249 situm
326 2192 459 2325 θεὲ
455 2192 687 2244 naturas
719 2203 908 2245 rerum
937 2186 1272 2247 manifestas
1308 2189 1588 2263 indicare,
1626 2205 1738 2246 non
1766 2203 1971 2245 causas
1995 2187 2151 2247 inda-

30 2289 257 2351 ·›gare
315 2268 400 2328 du
443 2285 548 2326 ias.

232 2355 309 2412 4.
345 2350 484 2449 (3.)
520 2350 786 2427 Insecta,
831 2362 894 2412 ut
924 2354 1187 2431 intellegi
1224 2357 1444 2433 possit,
1485 2371 1599 2414 non
1633 2354 1900 2415 videntur
1931 2354 2149 2414 habere
2172 2366 2209 2419 9

69 2453 372 2510 nervoS,
407 2450 520 2493 nec
551 2451 687 2494 ossa
720 2454 831 2496 nec
860 2438 1056 2515 spinas
1088 2456 1201 2503 nec
1228 2439 1624 2516 cartilaginem
1650 2456 1761 2497 nec
1785 2440 2019 2518 pinguia
2041 2458 2151 2499 nec

75 2521 364 2594 carnis,
401 2536 474 2579 ne
504 2529 756 2587 crustam
789 2522 1019 2597 quidem
1051 2521 1340 2599 fragilem,
1375 2532 1435 2582 ut
1460 2523 1742 2601 quaedam
1777 2524 2014 2598 marina,
2039 2542 2150 2584 nec

72 2624 271 2690 quae
314 2604 452 2667 iure
497 2602 723 2662 dicatur
761 2606 944 2681 cutis,
992 2606 1103 2666 sed
1140 2607 1368 2667 mediae
1418 2607 1710 2667 cuiusdam
1761 2608 1911 2666 inter
1963 2609 2150 2668 omnia

30 2715 47 2752 ι
73 2697 271 2755 haec
305 2694 555 2747 naturae
589 2703 804 2764 corpus
835 2691 1017 2749 arenti
1049 2691 1269 2766 simile,
1306 2709 1488 2751 nervo
1520 2691 1783 2767 mollius,
1818 2692 1875 2750 in
1907 2690 2147 2768 reliquis

74 2771 418 2858 partibus
434 2771 608 2830 tutius
638 2789 781 2830 vere
815 2789 983 2849 quam
1015 2774 1230 2834 durius.
1293 2773 1369 2835 Et
1413 2777 1528 2836 hoc
1557 2775 1744 2836 solum
1776 2776 1847 2834 iis
1883 2783 2002 2848 est,
2039 2793 2148 2834 nec

73 2865 447 2942 praeterea
478 2854 685 2914 aliud.
715 2854 853 2916 nihil
887 2857 1036 2923 intus
1076 2859 1184 2917 nisi
1228 2852 1529 2920 admodum
1576 2860 1778 2938 paucis
1822 2859 2146 2917 intestinum

69 2942 485 3023 inplicatam.
527 2939 723 3016 itaque
749 2939 991 3000 divolsis
1020 2943 1334 3019 praecipua
1362 2943 1641 3004 vivacitas
1675 2952 1735 3003 et
1765 2943 2006 3022 partium
2032 2943 2233 3005 sin-10

70 3028 416 3123 gulanam
431 3021 757 3099 palpitatio,
789 3024 920 3100 quia
954 3041 1350 3122 quaecumque
1387 3036 1476 3087 est
1504 3028 1653 3086 ratio
1682 3026 1874 3086 vitalis
1903 3024 2001 3084 illa
2033 3043 2146 3085 non

33 3110 303 3176 scortis
342 3106 500 3165 inest
530 3104 824 3181 membris,
861 3107 968 3168 sed
993 3116 1117 3168 toto
1148 3108 1205 3166 in
1238 3127 1514 3187 corpore,
1546 3112 1792 3170 minume
1823 3120 2014 3170 tamen
2051 3128 2143 3169 ca·

71 3199 272 3278 pite,
313 3188 627 3266 solumque
671 3207 788 3250 non
829 3201 1093 3251 movetur
1130 3192 1255 3252 nisi
1286 3211 1414 3253 cum
1448 3204 1693 3273 pectore
1734 3195 2013 3254 avolsum.
2081 3194 2145 3254 In

70 3279 282 3353 nullo
334 3290 564 3350 genere
614 3274 813 3351 plures
853 3285 981 3335 sunt
1022 3275 1240 3354 pedes,
1285 3287 1344 3337 et
1388 3280 1594 3357 quibus
1639 3299 1713 3340 ex
1755 3280 1843 3338 his
1875 3278 2142 3356 plurumi,

76 3362 344 3427 diutius
390 3357 589 3416 vivont
632 3357 893 3433 divolsa,
935 3368 996 3418 ut
1040 3361 1096 3419 in
1139 3361 1546 3441 scolopendris
1588 3363 1869 3424 videmus.
1933 3361 2145 3422 babent
