2320 3650
142 88 224 150 48
837 99 897 150 ο.
935 101 1133 148 rum
1158 93 1460 147 succum

141 256 328 315 ventri
349 255 548 332 molle,
576 264 862 315 saetarum
882 255 1098 315 nullum
1118 254 1511 330 tegimentum,
1539 269 1611 311 ne
1635 254 1691 312 in
1715 253 1895 314 cauda
1919 254 2161 331 quidem

144 338 494 418 praesidium
517 339 808 416 abigendo
840 340 1034 399 taedio
1067 353 1410 412 muscarum,
1438 369 1521 384 -··
1543 355 1790 416 namque
1821 338 1877 398 id
1902 347 1966 396 et*
1996 343 2161 400 tanta

143 424 379 483 vastitas
404 423 816 498 sentit‚——-sed
850 423 1171 483 cancellata
1193 424 1344 481 cutis
1364 430 1423 480 et
1457 424 1702 481 invitans
1729 422 1784 481 id
1813 438 2002 499 genus
2037 424 2157 481 ani-

140 506 371 566 malium
407 508 611 568 odore.
670 524 816 582 ergo
860 525 985 566 cum
1018 508 1236 565 extenti
1287 524 1579 583 recepere
1616 508 1899 580 examina,
1953 508 2156 565 artatis

142 593 197 650 in
226 609 401 669 rugas
434 601 680 670 repente
713 591 992 650 cancellis
1016 589 1454 667 conprehensas
1487 599 1749 650 enecant.
1799 589 1913 648 hoc
1945 590 2017 649 iis
2043 606 2152 667 pro
2177 613 2200 651 s

56 686 123 740 31
147 676 360 749 cauda,
398 676 563 751 iuba,
594 675 737 734 villo
773 685 880 734 est.
947 674 1231 733 Dentibus
1278 676 1486 751 ingens
1527 676 1775 754 pretium
1826 683 1883 733 et
1911 674 2158 733 deornm

143 759 465 820 simulacris
498 760 813 819 lautissima
847 776 922 817 ex
955 761 1023 817 iis
1054 760 1314 817 materia.
1360 760 1576 818 invenit
1608 760 1831 818 luxuria
1863 771 2153 826 commen-

144 844 431 904 dationem
467 853 526 902 et
556 842 724 901 aliam
757 843 999 920 expetiti
1044 843 1100 900 in
1144 842 1298 902 callo
1329 860 1525 902 manus
1563 844 1824 920 saporis,
1872 840 2011 901 haut
2041 841 2154 902 alia

143 924 216 987 de
247 945 442 1002 causa,
477 926 680 1002 credo,
707 945 874 1005 quam
910 929 1041 1004 quia
1072 928 1260 1004 ipsum
1291 926 1434 985 ebur
1460 927 1571 986 sibi
1596 926 1869 986 mandere
1900 926 2151 985 videtur.

138 1010 470 1089 magnitudo
502 1010 752 1071 dentium
787 1010 1013 1069 videtur
1043 1011 1274 1089 quidem
1311 1013 1366 1069 in
1394 1011 1624 1089 templis
1659 1012 2000 1088 praecipua,
2044 1010 2152 1068 sed
2173 1031 2218 1070 ιο

142 1106 333 1156 tamen
379 1096 435 1153 in
466 1096 743 1153 extremis
773 1094 1033 1171 Africae,
1080 1112 1193 1173 qua
1227 1094 1466 1153 confinis
1511 1089 1865 1172 Aethiopiae
1899 1103 2012 1166 est,
2047 1111 2152 1170 po·

116 1181 310 1239 'stium
341 1179 528 1238 vicem
556 1180 613 1236 in
635 1178 942 1238 domiciliis
973 1179 1285 1256 praebere,
1321 1195 1653 1257 saepesque
1690 1180 1746 1237 in
1777 1179 1848 1236 iis
1881 1186 1940 1237 et
1970 1193 2153 1255 peco-

141 1282 266 1323 rum
317 1261 561 1323 stabulis
606 1280 713 1341 pro
753 1263 904 1342 palis
947 1263 1386 1342 elephantorum
1421 1262 1686 1322 dentibus
1720 1262 1846 1320 fieri
1877 1260 2157 1336 Polybius

140 1347 373 1409 tradidit
405 1356 645 1407 auctore
676 1346 892 1407 Gulusa
920 1347 1151 1424 regulo.
1517 1340 1523 1350 ’

55 1443 125 1495 32
274 1434 369 1491 11.
405 1432 572 1509 (11.)
606 1430 966 1509 Elephantos
987 1433 1102 1489 fert
1125 1431 1324 1489 Africa
1350 1430 1495 1490 ultra
1524 1430 1783 1504 Syrticus
1806 1428 2153 1488 solitudines
2173 1449 2218 1491 ιε

74 1538 119 1570 2⁶
144 1527 201 1576 et
239 1518 295 1574 in
325 1514 701 1591 Mauretania,
734 1516 927 1574 ferunt
967 1515 1293 1592 Aethiopes
1326 1522 1384 1572 et
1414 1513 1810 1589 Trogodytae,
1847 1521 1909 1570 ut
1940 1512 2154 1572 dictum

142 1607 254 1675 est,
286 1600 391 1659 sed
421 1616 718 1658 maxumos
751 1598 907 1658 India
941 1599 1328 1677 bellantisque
1361 1615 1488 1656 cum
1520 1600 1587 1655 iis
1613 1606 1896 1674 perpetua
1929 1596 2151 1655 discor·

138 1686 235 1744 'dia
301 1683 586 1743 dracones
629 1692 821 1742 tantae
886 1681 1286 1758 magnitudinis
1349 1690 1407 1740 et
1452 1684 1615 1759 ipsos
1656 1690 1716 1740 ut
1737 1680 2153 1758 circumplexu

143 1767 301 1828 facili
330 1766 578 1827 ambiant
609 1782 879 1844 nexuque
911 1766 1046 1824 nodi
1079 1765 1545 1843 praestringant·
1580 1765 1930 1824 conmoritur
1959 1781 2032 1824 ea
2070 1764 2152 1823 di·

142 1853 395 1925 minatio,
427 1852 732 1928 victusque
766 1856 1054 1912 conruens
1089 1850 1438 1928 conplexum
1474 1850 1635 1910 elidit
1668 1849 1948 1928 pondere.
2081 1864 2086 1867 “
2170 1868 2216 1909 2⁰

58 1949 145 2004 331
273 1935 369 1994 12.
404 1934 571 2013 (12.)
619 1933 762 1993 Mira
792 1934 1109 1993 animalium
1144 1951 1251 2012 pro
1283 1952 1349 1993 se
1388 1936 1596 2012 cuique
1634 1932 1895 1992 sollertia
1927 1942 2019 1991 est
2045 1933 2154 1992 uti-

144 2020 361 2080 lissima
393 2018 751 2078 arcessendi.
787 2019 845 2076 in
876 2027 1029 2077 tanta
1074 2013 1367 2078 altitudine
1400 2018 1709 2077 difficultas
1740 2017 1999 2076 draconi.
2037 2017 2154 2076 ‹ita-

141 2122 258 2184 que
305 2104 496 2162 tritum
536 2104 650 2161 iter
685 2102 755 2161 ad
804 2102 1015 2180 pabula
1063 2103 1398 2180 speculatus
1444 2101 1515 2177 ab
1560 2101 1799 2159 excelsa
1833 2117 1896 2158 se
1939 2100 2157 2160 arbore

143 2189 319 2248 inicit.
376 2186 488 2246 scit
528 2186 630 2246 ille
694 2188 954 2264 inparem
995 2182 1104 2245 sibi
1138 2187 1410 2246 luctatum
1457 2194 1655 2245 contra
1687 2201 1904 2257 nexus,
1951 2186 2155 2262 itaque

142 2271 414 2332 arborum
457 2279 553 2330 aut
593 2271 817 2348 rupium
860 2270 1107 2330 attritum
1139 2272 1379 2347 quaerit.
1444 2278 1649 2329 cavent
1690 2268 1803 2327 ho'c
1838 2268 2222 2342 dracones,2s

145 2355 220 2414 ob
273 2354 447 2431 idque
489 2371 731 2430 gressus
763 2355 1005 2432 primum
1036 2353 1290 2431 adligant
1333 2353 1531 2413 cauda.
1598 2352 1902 2411 resolvont
1934 2351 2018 2411 illi
2049 2367 2158 2409 no-

145 2440 255 2499 dos
300 2455 484 2497 manu.
544 2446 602 2498 at
656 2438 713 2497 hi
752 2440 807 2497 in
858 2439 1018 2516 ipsas
1066 2440 1220 2497 naris
1269 2447 1440 2517 caput
1484 2436 1766 2511 condunt,
1816 2437 2158 2514 pariterque

145 2524 407 2601 spiritum
462 2521 844 2600 praecludunt
885 2531 945 2581 et
988 2521 1358 2581 mollissimas
1407 2522 1692 2580 lancinant
1738 2522 1941 2598 partis,
1978 2519 2158 2578 iidem

147 2605 303 2666 obvii
331 2605 684 2684 deprehensi
725 2607 782 2664 in
824 2605 1106 2666 adversos
1138 2607 1376 2683 erigunt¹
1410 2623 1476 2664 se
1521 2605 1845 2681 oculosque
1888 2618 2157 2680 maxume

144 2699 365 2771 petunt.
422 2691 505 2749 ita
529 2689 591 2749 fit
620 2699 682 2750 ut
715 2689 1056 2768 plerumque
1091 2692 1255 2748 caeci
1292 2707 1363 2749 ac
1407 2690 1558 2749 fame
1599 2697 1661 2748 et
1695 2688 1978 2747 maeroris
2011 2687 2154 2747 tabe
2174 2709 2223 2752 so

61 2774 404 2844 &confecti
454 2775 838 2853 reperiantur.
942 2772 1123 2845 Quam
1187 2775 1313 2851 quis
1364 2773 1532 2833 aliam
1587 2781 1782 2832 tantae
1821 2771 2160 2831 ‘discordiae

149 2876 381 2920 causam
404 2856 659 2937 attulerit
697 2858 803 2917 nisi
832 2866 1087 2917 naturam
1130 2857 1525 2936 spectaculum
1569 2856 1679 2916 sibi
1725 2856 1885 2934 paria
1932 2866 2159 2934 conpo-

146 2938 415 3003 nentem?
445 2939 553 3000 Est
587 2949 645 3001 et
676 2941 787 3001 alia
827 2941 1205 3001 dimicationis
1239 2942 1406 3002 huius
1434 2942 1604 3001 fama.
1682 2937 2012 3016 elephantis
2056 2940 2158 2999 fri·

146 3027 500 3105 gidissimum
550 3043 684 3085 esse
727 3026 1094 3102 sanguinem,
1140 3024 1216 3084 ob
1250 3026 1306 3085 id
1347 3034 1513 3084 aestu
1543 3029 1801 3084 torrente
1833 3024 2160 3102 praecipue

150 3108 498 3169 draconibus
533 3111 750 3188 expeti.
805 3109 1179 3187 quamobrem
1231 3111 1287 3168 in
1311 3110 1489 3169 amnis
1520 3124 1747 3168 mersos
1778 3106 2036 3166 insidiari
2069 3106 2226 3166 lii-⁸⁶

148 3191 453 3266 bentibus,
513 3203 848 3279 artatosque
884 3193 1120 3269 inligata
1163 3210 1327 3251 manu
1351 3195 1431 3250 .in
1473 3208 1668 3252 aurem
1714 3205 1966 3249 morsum
2009 3190 2157 3250 defl-

149 3290 315 3351 gere,
352 3278 617 3351 quoniam
648 3279 698 3336 is
728 3286 938 3336 tantum
970 3277 1136 3336 locus
1168 3274 1398 3334 defendi
1429 3288 1544 3334 non
1572 3275 1762 3353 possit
1790 3290 1976 3332 manu.
2021 3274 2174 3353 drag(

157 3374 336 3417 cones
369 3374 502 3417 esse
538 3367 728 3419 tantos
765 3369 827 3418 ut
866 3360 1424 3435 totum‘sanguinem
1477 3360 1736 3437 capiant,
1784 3357 1981 3435 itaque
2019 3356 2158 3417 ele-

63 3512 135 3542 Q
