2320 3650
152 51 269 112 130
889 61 950 109 c.
985 62 1177 109 emm
1212 61 1512 109 ssscnnm

148 220 301 277 tiam.
355 215 550 275 Libica
582 215 946 293 appellantur
975 215 1087 275 duo
1120 217 1245 274 eius
1267 232 1370 274 ora
1394 216 1639 289 modica,
1673 234 1749 276 ex
1784 215 1875 276 his
1910 216 2162 278 alterum

149 301 527 379 Hispaniense
573 299 814 358 alterum
860 297 1240 376 Metapinum,
1286 300 1518 357 tertium
1561 298 1833 377 idemque
1864 301 2159 377 amplissi-

149 402 297 443 mum
326 382 791 441 Massalioticum.
833 384 994 443 ‘Sunt
1023 390 1295 441 auctores
1324 390 1382 440 et
1410 381 1754 441 Heracleam
1786 384 2072 460 oppidum
2103 386 2160 443 in

63 476 133 527 34
149 469 298 528 ostio
325 466 588 526 Rhodani
620 465 822 524 fuisse.
879 465 1040 525 Ultra
1066 464 1264 524 fossae
1289 482 1364 524 ex
1388 463 1670 524 Rhodano
1700 463 1764 524 C.
1794 464 1943 525 Mari
1970 485 2160 545 opere

149 561 205 609 et
235 552 461 618 nomine
498 550 790 625 insignes,
828 558 1089 625 stagnum
1121 547 1521 621 Mastramela,
1550 549 1836 626 ‘oppidum
1869 549 2157 613 Maritima
2181 574 2205 613 ε

148 634 556 708 Abaticorum,
615 650 907 711 superque
954 635 1139 709 campi
1186 631 1435 709 lapidei,
1479 630 1749 690 Herculis
1793 633 2162 709 proeliorum

145 718 442 777 memoria.
468 717 635 814 regio
656 716 1036 775 Anatiliorum
1062 724 1126 774 et
1141 716 1291 773 intus
1303 712 1706 774 Dexuviatium
1725 712 2155 795 Cavarumque,

147 820 344 860 rursus
373 820 404 860 a
434 802 575 859 mari
609 799 929 859 Tricorium
959 808 1017 857 et
1039 800 1188 858 intus
1207 797 1594 858 Tricollorum
1615 797 2155 895 Vocontiorumque

151 895 207 944 et
251 884 846 961 Segovellaunorum,
899 899 1035 941 mox
1078 880 1482 957 Allobrogum.
1538 890 1593 940 at
1636 882 1693 940 in
1743 898 1848 942 ora
1895 882 2154 942 Massilia

61 978 129 1031 35
147 968 500 1044 Graecorum
532 963 989 1025 Phocaeensium
1020 965 1346 1039 foederata,
1381 965 1834 1042 promontorium
1872 965 2017 1040 Zao,
2059 963 2150 1025 Ci·
2175 988 2223 1028 ιο

145 1051 381 1110 tharista
416 1058 648 1127 portuS,
680 1051 847 1124 regio
883 1047 1455 1123 Camactullicorum,
1491 1048 1624 1107 dein
1660 1048 1913 1107 Suelteri
1953 1067 2155 1127 supra·

98 1135 104 1141 ”
147 1153 261 1211 que
291 1133 588 1191 Verucini.
642 1133 701 1190 in
732 1149 834 1191 ora
866 1142 1053 1192 autem
1084 1131 1474 1209 Athenopolis
1509 1129 1992 1207 Massiliensium,
2042 1131 2156 1191 Fo-

146 1235 268 1275 rum
312 1215 419 1274 Iuli
465 1214 886 1275 octavanorum
931 1215 1160 1274 colonia
1203 1232 1353 1293 quae
1398 1214 1674 1274 Pacensis
1721 1214 2057 1292 appellatur
2098 1224 2161 1275 et

77 1367 98 1380 ε,
151 1298 439 1374 Classica,
474 1299 653 1358 amnis
684 1301 740 1358 in
772 1317 841 1358 ea
877 1298 1241 1374 Argenteus,
1275 1299 1442 1374 regio
1475 1296 1832 1357 Oxubiorum
1864 1296 2157 1374 Ligauno·

61 1397 78 1424 -·
147 1401 405 1461 rumque,
440 1400 617 1460 super
650 1400 795 1461 quos
826 1382 1055 1457 Suebri,
1090 1380 1418 1456 QuariateS,
1451 1380 1851 1446 Adunicates..
1874 1390 1930 1440 at
1963 1382 2021 1439 in
2053 1398 2157 1441 ora
2182 1406 2227 1448 15

150 1467 421 1545 oppidum
463 1465 719 1526 Latinum
761 1466 1086 1544 Antipolis,
1132 1466 1302 1541 regio
1344 1464 1698 1540 Deciatium,
1747 1466 1928 1523 amnis
1961 1464 2159 1523 Varus

64 1561 131 1613 36
149 1570 223 1609 ex
254 1550 483 1627 Alpium
514 1560 705 1609 monte
731 1548 945 1609 Caenia
978 1548 1267 1628 profusus.
1323 1546 1388 1606 In
1418 1548 1845 1608 mediterraneo
1879 1548 2158 1618 coloniae

149 1633 386 1693 Arelate
420 1642 810 1707 sextanorum,
846 1633 1123 1691 Beterrae
1151 1640 1634 1709 septumanorum,
1669 1631 1916 1691 Arausio
1944 1647 2158 1690 secun-

148 1718 455 1791 danorum,
503 1718 558 1775 in
605 1735 747 1793 agro
785 1715 1070 1776 Cavarum
1117 1715 1420 1790 Valentia,
1472 1713 1695 1774 Vienna
1740 1714 2155 1791 Allobrogum.

148 1800 362 1879 oppida
393 1799 587 1860 Latina
614 1800 818 1880 Aquae
846 1802 1081 1860 Sextiae
1108 1799 1513 1874 Salluviorum,
1548 1798 1821 1859 Avennio.
1847 1797 2157 1874 Cavarum,
2178 1820 2227 1861 ιο

150 1884 301 1961 Apta
324 1882 463 1941 Iulia
484 1884 895 1960 Volgientium,
934 1883 1198 1943 Alebece
1223 1882 1497 1942 Reiorum
1519 1882 1962 1960 Apollinarium,
2004 1881 2161 1941 Alba

147 1967 481 2042 Helvorum,
508 1967 769 2043 Augusta
792 1967 1260 2040 Tricastinorum,
1287 1967 1561 2041 Anatilia,
1582 1965 1799 2041 Aerea,
1825 1965 2159 2040 Bormanni,

151 2049 492 2125 Comacina,
529 2048 824 2126 Cabellio,
861 2048 1171 2110 Carcasum
1201 2050 1513 2109 Volcarum
1551 2049 1977 2126 Tectosagum,
2013 2047 2160 2108 Ces-

152 2151 319 2208 sero,
365 2131 821 2213 Carpentoracte
853 2133 1258 2208 Meminorum,
1312 2131 1703 2209 Cenicenses,
1759 2131 2162 2192 Cambolectri

152 2219 247 2295 qui
291 2217 565 2277 Atlantici
614 2219 1120 2294 cognominantur,
1175 2216 1388 2276 Forum
1417 2216 1675 2292 Voconi,
1725 2215 1964 2276 Glanum
2008 2214 2158 2290 Livi,
2182 2238 2232 2276 25

66 2297 133 2350 37
152 2301 426 2360 Lutevani
461 2303 556 2380 qui
592 2311 648 2361 et
680 2302 1240 2374 ForoneronienseS,
1273 2299 1619 2360 Nemausum
1650 2299 2160 2373 Arecomicorum,

153 2383 454 2459 Piscenae,
487 2385 717 2459 Ruteni,
755 2387 1148 2460 Sanagenses,
1184 2382 1458 2443 Tolosani
1496 2383 1885 2460 Tectosagum
1917 2382 2161 2461 Aquita-

152 2469 280 2527 niae
319 2470 687 2544 contermini,
741 2469 1024 2542 Tasconi,
1072 2466 1600 2541 TarusconienseS,
1634 2466 2001 2541 Umbranici,
2038 2465 2162 2523 Vo-

154 2551 473 2611 contiorum
528 2554 772 2612 civitatis
828 2552 1169 2611 foederatae
1223 2551 1334 2610 duo
1394 2553 1581 2628 capita
1625 2549 1804 2609 Vasio
1860 2559 1919 2609 et
1967 2548 2165 2608 Lucus

154 2635 415 2710 Augusti.
472 2637 686 2714 oppida
729 2653 873 2696 vero
906 2634 1186 2712 ignobilia
1228 2633 1445 2695 XVIIII
1477 2636 1624 2693 sicut
1654 2632 1873 2693 XXIIII
1905 2631 2163 2691 Nemau-
2187 2658 2239 2699 30

155 2719 442 2779 siensibus
494 2719 779 2779 attributa.
856 2718 1086 2778 Adiecit
1141 2718 1423 2777 formulae
1479 2716 1662 2777 Galba
1712 2717 2030 2794 imperator
2087 2733 2168 2773 ex

153 2803 427 2899 Inalpinis
463 2803 779 2863 Avanticos
813 2812 983 2880 atque
1016 2802 1421 2874 BodionticOS,
1471 2817 1710 2878 quorum
1754 2799 2030 2877 oppidum
2062 2797 2165 2857 Di-

154 2888 264 2944 nia.
319 2886 753 2963 Longitudinem
782 2887 1117 2963 provinciae
1149 2884 1547 2944 Narbonensis
1580 2880 1889 2943 CCCLXX
1910 2881 1971 2941 M
1999 2900 2168 2961 pass.

156 2968 418 3049 Agrippa
453 2970 653 3045 tradit,
690 2969 1044 3029 latitudinem
1081 2965 1435 3027 CCXLVIII.

71 3058 143 3112 38
271 3055 327 3112 5.
364 3055 489 3131 (6.)
520 3053 683 3112 Italia
714 3052 922 3111 dehinc
954 3053 1236 3131 primique
1275 3053 1398 3109 eius
1428 3051 1704 3127 LigureS,
1741 3065 1878 3109 mox
1908 3046 2169 3125 Etruria,
2192 3070 2245 3112 3⁵

158 3134 422 3210 Umbria,
456 3134 701 3209 Latium,
750 3135 828 3194 ibi
865 3135 1135 3195 Tiberina
1168 3135 1316 3193 ostia
1349 3143 1406 3193 et
1437 3134 1619 3192 Roma
1648 3141 1934 3191 terrarum
1968 3095 2172 3213 caput:

159 3216 293 3275 XVI
321 3217 378 3276 M
410 3236 567 3296 pass.
602 3219 907 3278 intervallo
940 3237 972 3278 a
1001 3219 1163 3277 mari.
1209 3217 1486 3276 Volscum
1523 3225 1730 3295 postea
1759 3216 1893 3274 litus
1917 3224 1977 3274 et
2000 3214 2174 3288 Cam·

158 3301 398 3376 paniae,
444 3300 797 3359 Picentinum
835 3302 970 3361 inde
1001 3318 1069 3360 ac
1101 3301 1386 3361 Lucanum
1414 3299 1842 3378 Bruttiumque,
1891 3315 2007 3379 quo
2041 3298 2175 3358 lon-

76 3514 118 3540 *
133 3516 134 3521 ,
