2320 3650
221 94 344 157 294
907 68 967 153 ὁ.
999 106 1192 155 amm
1222 103 1522 154 sscm1

218 263 354 322 item
414 262 672 321 secundo
725 261 1049 339 putaminis.
1129 261 1371 320 nucleus
1445 259 1741 321 dissimilis
1802 260 2119 323 latitudine
2174 271 2228 323 et

133 347 449 410 90acriore
493 336 666 404 callo.
727 344 875 405 haec
917 344 1095 404 arbor
1135 362 1208 404 an
1247 343 1423 404 fuerit
1461 345 1518 402 in
1545 343 1707 404 ltalia
1743 342 1989 404 Catonis
2038 356 2226 407 aetate
2283 338 2284 375 ³

218 428 535 505 dubitatur,
599 430 865 506 quoniam
919 428 1174 488 Graecas
1236 429 1489 487 nominat
1558 445 1699 506 quas
1764 430 2004 506 qnidam
2059 440 2122 491 et
2175 433 2226 490 in

215 512 562 590 iuglandium
614 530 833 588 genere
889 520 1141 573 servant.
1204 511 1390 575 adicit
1440 521 1754 589 praeterea
1809 511 2121 574 abellanas
2173 525 2226 574 et

216 596 454 674 galbas,
484 596 923 671 Praenestinas,
960 612 1103 673 quas
1131 613 1396 655 maxume
1441 595 1637 655 laudat
1672 606 1733 656 et
1778 597 2056 657 conditas
2096 596 2284 665 ollissl

217 683 271 740 in
321 690 479 740 terra
528 681 750 739 servari
799 680 997 739 viridis
1048 679 1237 739 tradit.
1312 696 1465 738 nunc
1513 678 1763 739 Thasiae
1808 688 1872 740 et
1927 679 2225 741 Albenses
2283 688 2284 747 1

219 764 588 826 celebrantur
617 773 676 824 et
703 762 1137 823 Tarentinarum
1170 762 1283 823 dno
1313 780 1566 841 genera,
1596 763 1793 840 fragili
1830 766 2134 843 putamine
2160 783 2227 824 ac

219 850 398 925 duro,
458 865 609 926 qnae
661 857 792 907 sunt
839 847 1226 925 amplissimae
1271 865 1342 907 ac
1378 848 1624 907 minume
1668 848 1980 908 rotundae.
2061 867 2224 928 prae-
2283 854 2284 859 ’

131 942 197 996 91
224 943 386 992 terea
412 931 729 992 molluscae
764 939 1034 1010 putamen
1058 940 1418 1008 rumpentes.
1475 930 1621 991 Sunt
1650 932 1748 1008 qni
1779 931 1999 992 honori
2022 950 2226 994 nomen
2283 978 2284 981 η

217 1019 664 1094 interpretentur
705 1024 764 1075 et
797 1014 952 1074 Iovis
996 1014 1265 1092 glandem
1307 1030 1445 1075 esse
1499 1013 1709 1074 dicant.
1778 1032 1972 1093 nuper
2023 1022 2284 1077 consu-w

217 1102 396 1161 larem
427 1101 609 1159 virum
639 1099 826 1159 audivi
853 1098 1070 1158 biferas
1102 1094 1164 1161 ἃ
1191 1098 1477 1175 iuglandis
1506 1116 1686 1158 nuces
1721 1098 1948 1159 habere
1993 1120 2065 1160 se
2095 1118 2222 1179 pro·
2283 1110 2284 1157 ὲ

220 1185 494 1247 litentem.
559 1182 631 1242 de
660 1184 917 1261 pistaciis
963 1190 1021 1241 et
1061 1183 1192 1260 ipso
1224 1199 1427 1242 nucum
1461 1198 1686 1260 genere
1724 1183 1783 1240 in
1812 1201 1925 1243 suo
1960 1183 2104 1244 loco
2135 1202 2221 1244 re·

134 1267 192 1341 '⁵³1'
218 1268 465 1327 tulimus.
539 1276 598 1327 et
630 1267 776 1326 haec
821 1275 1008 1326 autem
1047 1265 1201 1326 idern
1226 1265 1495 1326 Vitellius
1539 1267 1594 1325 in
1621 1264 1846 1325 ltaliam
1882 1268 2104 1346 primus
2145 1270 2220 1327 in·
2282 1252 2284 1339 ἲ

216 1352 343 1412 tulit
391 1352 599 1411 eodem
642 1358 936 1429 tempore,
977 1350 1262 1428 simulque
1307 1351 1364 1409 in
1401 1348 1735 1429 Hispaniam
1773 1349 2032 1411 Flaccus
2061 1351 2220 1413 Pom·
2283 1350 2284 1413 3

219 1437 386 1514 peius
413 1452 596 1513 eques
628 1433 919 1494 Romanus
954 1435 1050 1511 qui
1083 1452 1212 1493 cum
1244 1450 1319 1493 eo
1347 1432 1646 1493 militabat.
1731 1432 1744 1443 “
2107 1464 2119 1471 -
2240 1436 2284 1523 “l

131 1531 199 1584 92
348 1519 450 1596 23.
499 1519 665 1598 (25.)
712 1517 909 1578 Nuces
938 1535 1215 1579 vocamus
1257 1525 1319 1577 et
1360 1527 1697 1593 castaneas,
1741 1535 2094 1597 quamquam
2129 1521 2223 1581 ad·
2283 1528 2284 1593 1

218 1603 699 1664 commodatior'es
739 1601 1029 1679 glandium
1064 1603 1290 1678 generi.
1360 1601 1652 1661 Armatam
1699 1601 1789 1662 his
1821 1602 2097 1663 echinato
2133 1620 2221 1663 ca·
2283 1614 2284 1623 ¹

217 1689 350 1763 lyce
383 1687 625 1762 vallum,
672 1685 824 1763 quod
861 1686 1187 1746 inchoatum
1214 1684 1556 1763 glandibus,
1589 1685 1912 1764 mirumque
1943 1687 2223 1746 vilissima
2283 1680 2284 1757 ᾗ

219 1790 354 1833 esse
389 1789 540 1850 quae
577 1778 732 1832 tanta
776 1769 1159 1831 occultaverit
1202 1777 1643 1831 cura-naturae.
1718 1771 1850 1831 trini
1886 1769 2221 1849 quibusdam
2283 1782 2284 1852 j

216 1865 414 1935 partus
446 1873 521 1915 ex
550 1873 665 1914 uno
697 1854 934 1929 calyce,
981 1863 1303 1933 cortexque
1330 1854 1552 1929 lentus,
1595 1869 1883 1932 proxuma
1911 1873 2064 1915 vero
2098 1869 2278 1915 cor-2⁰

217 1942 346 2019 pori
376 1938 706 1998 membrana
729 1946 789 1997 et
819 1938 872 1996 in
901 1938 992 1998 his
1023 1946 1080 1997 et
1108 1938 1166 1997 in
1191 1937 1434 1998 nucibus
1459 1955 1754 2017 saporem,
1786 1939 1845 1997 ni
1869 1937 2218 2013 detrahatur,
2283 1935 2284 1994 Ῐ

217 2024 469 2083 infestat.
546 2032 773 2083 torrere
818 2021 923 2082 has
975 2023 1034 2081 in
1096 2021 1245 2083 cibis
1294 2023 1532 2100 gratius.
1607 2022 1900 2082 moluntur
1952 2025 2131 2083 etiam
2168 2032 2225 2081 et

133 2119 202 2173 93
221 2113 515 2187 praestant
537 2108 592 2165 in
615 2107 828 2166 ieiunio
858 2106 1193 2166 feminarum
1215 2106 1494 2185 quandam
1518 2105 1821 2183 imaginem
1847 2107 2042 2185 panis.
2092 2107 2220 2167 Sar·

218 2192 387 2253 dibus
426 2183 534 2252 hae
569 2208 898 2269 provenere
929 2191 1193 2268 primum.
1251 2191 1387 2251 ideo
1427 2189 1578 2268 apud
1611 2190 1875 2251 Graecos
1907 2192 2219 2252 Sardianos

218 2276 459 2337 balanos
499 2275 825 2353 appellant,
868 2292 998 2334 nam
1025 2274 1172 2334 Dios
1213 2272 1479 2335 balanum
1513 2282 1720 2352 postea
1764 2275 2090 2353 inposuere
2127 2292 2274 2334 ex-zs

219 2360 658 2420 cellentioribns
693 2367 819 2418 satu
854 2358 1041 2419 factis.
1091 2373 1243 2418 nunc
1277 2356 1451 2436 plura
1485 2375 1678 2417 earum
1707 2376 1954 2436 genera.
2008 2358 2218 2419 Taren-

217 2446 369 2503 tinae
411 2443 647 2518 faciles,
695 2460 807 2501 nec
844 2457 1138 2521 operosae
1185 2441 1372 2518 cibo„
1396 2441 1606 2519 planae
1648 2442 1851 2519 figura.
1920 2443 2220 2503 rotundior

220 2546 369 2607 qnae
401 2527 666 2587 balanitis
692 2535 969 2603 vocatur,
1009 2525 1330 2606 purgabilis
1373 2542 1639 2585 maxume
1682 2534 1741 2585 et
1780 2533 1999 2604 sponte
2037 2527 2220 2606 prosi·
2283 2571 2284 2600 ἶ

134 2613 408 2689 941iens‚
454 2629 616 2689 pura.
672 2610 844 2688 plana
875 2618 965 2669 est
993 2618 1054 2670 et
1080 2610 1410 2686 Salariam,
1452 2607 1758 2669 Tarentina
1787 2611 1976 2669 minus
2017 2618 2221 2671 tracta·
2283 2605 2284 2626 ³

137 2695 387 2772 ῗζρὴίἰίε,
431 2694 714 2755 laudatior
746 2688 1076 2754 Corelliana
1119 2701 1180 2753 et
1212 2711 1394 2754 exea
1422 2692 1578 2753 facta
1609 2710 1724 2772 quo
1757 2694 2022 2754 dicemus
2056 2695 2113 2754 in
2146 2696 2278 2760 111.ae

220 2782 345 2840 sitis
370 2779 541 2840 modo
573 2778 914 2854 Etereiana,
946 2796 1116 2857 quam
1144 2776 1360 2837 rubens
1392 2786 1597 2837 cortex
1627 2777 1890 2855 praefert
1923 2777 2226 2855 triangulis

144 2859 149 2864 ’
219 2873 279 2925 et
302 2862 679 2942 popularibus
699 2862 900 2938 nigris,
920 2869 1082 2940 'quae
1106 2861 1373 2922 coctivae
1396 2870 1696 2921 vocantur.
1744 2862 1933 2940 patria
1954 2861 2223 2922 laudatis·

221 2950 376 3008 simis
393 2948 698 3008 Tarentum
723 2947 859 3005 etin
880 2942 1189 3024 Campania
1204 2944 1506 3023 Neapolis.
1555 2953 1791 3005 ceterae
1816 2963 1986 3004 suum
2012 2944 2221 3025 pabulo

219 3034 556 3109 gignuntur,
611 3029 954 3109 scrupulosa
1000 3029 1235 3090 corticis
1276 3030 1425 3090 intra
1471 3028 1715 3089 nucleos
1765 3035 2010 3108 quoqne
2058 3030 2219 3089 rumi-
2257 3045 2284 3094 Ἃ

220 3118 472 3175 natione.
923 3149 929 3158 ·
1169 3141 1172 3146 2
2226 3125 2284 3167 ss*

139 3205 202 3258 95
308 3256 316 3263 .
352 3198 452 3259 24.
498 3198 662 3277 (26.)
717 3197 868 3258 Haut
907 3196 1113 3275 procul
1155 3194 1369 3256 abesse
1414 3196 1718 3255 videantur
1765 3204 1826 3255 et
1873 3197 2216 3274 praedulces

152 3309 161 3316 κ
222 3280 496 3354 siliquae,
542 3282 651 3339 nisi
696 3282 848 3358 qnod
880 3282 938 3340 in
969 3281 1059 3341 his
1102 3281 1232 3358 ipse
1276 3280 1558 3339 manditur
1612 3289 1840 3339 cortex.
1921 3281 2212 3357 digitorum
2283 3287 2284 3304 ²

225 3360 404 3418 omnis
435 3360 730 3437 longitudo
762 3364 910 3440 illis,
955 3373 1014 3423 et
1040 3365 1265 3424 interim
1296 3363 1541 3438 falcata,
1585 3362 1859 3441 pollicari
1897 3365 2206 3426 iatitndine.
