2320 3650
569 76 731 123 mr.
776 76 958 125 ms‘r.
999 77 1181 158 xnn.
1229 38 1470 129 17—ss20.
1520 27 1838 152 (al—250⁰
2029 73 2149 135 273

125 248 312 311 quam
343 229 558 308 prioris
603 230 720 293 vini
768 231 943 292 faece
986 242 1238 295 acetove
1283 236 1572 297 condiunt.
1630 235 1757 299 Nec
1787 256 1908 303 non·
1932 250 1991 300 et
2029 260 2106 302 ex
2130 255 2230 310 121

123 317 271 395 ipso
295 323 485 375 musto
512 314 651 374 fiunt
672 316 1067 385 medicamina.
1103 319 1448 397 decoquitur
1471 330 1529 379 ut
1554 321 1853 382 dulcescat
1879 326 2147 403 portione

119 401 363 474 virium,
386 416 498 458 nec
526 399 737 460 durare
764 399 910 460 ultra
943 418 1185 462 annuum
1216 405 1463 481 spatium
1492 404 1612 464 tale
1630 406 1910 484 proditur.
1945 410 2146 489 aliqui-

123 484 243 547 bus
274 485 335 542 in
364 483 515 543 locis
552 483 841 543 decocunt
871 483 944 544 ad
973 503 1147 563 sapas
1181 495 1365 547 musta
1400 487 1721 567 infusisque
1745 490 1833 549 his
1871 493 2148 555 ferociam

73 570 430 644 afr-angunt.
491 566 652 629 etin
694 565 810 627 hoc
856 577 1044 631 tamen
1078 588 1301 646 genere
1330 581 1388 633 et
1430 573 1677 633 inomni
1723 575 1839 634 alio
1881 576 2145 637 submini-

122 661 322 713 strant
372 668 513 713 vasa
549 651 676 730 ipsa
728 652 1107 712 condimentis
1166 656 1348 733 picis,
1415 656 1575 717 cuius
1633 658 1934 720 faciendae
1995 663 2145 721 ratio

122 752 423 816 proxumo
455 735 683 795 dicetur
714 736 1023 797 volumine.
1048 788 1051 791 .
2102 770 2160 817 η,
2180 772 2228 805 5,

257 819 361 880 20.
411 819 580 898 (25.)
630 819 919 880 Arborum
967 838 1109 880 suco
1140 824 1479 883 manantium
1511 825 1699 901 picem
1741 826 2231 905 resinamque'ffl

122 904 288 965 aliae
320 912 482 965 ortae
517 904 572 962 in
605 905 830 964 oriente
877 903 1027 964 aliae
1074 907 1129 964 in
1159 902 1394 985 Europa
1437 907 1645 969 ferunt.
1722 927 1869 987 quae
1904 911 2146 970 interest

46 1003 102 1047 ιο
122 988 279 1048 Asia
327 988 609 1065 utrimque
644 988 917 1066 quasdam
948 988 1140 1049 habet.
1205 991 1259 1048 in
1291 993 1515 1051 oriente
1558 1002 1855 1070 optumam,
1880 994 2144 1053 tenuissi-

116 1088 400 1149 mamque
431 1071 738 1133 terebinthi
769 1072 1040 1149 fundunt,
1078 1073 1212 1133 dein
1243 1074 1508 1149 lentisci,
1543 1094 1711 1154 quam
1734 1087 1792 1137 et
1823 1078 2144 1139 mastichen

120 1164 378 1231 vocant,
410 1165 619 1233 postea
647 1157 946 1233 cupressi,
980 1158 1320 1217 acerrimam
1353 1177 1600 1237 sapore,
1637 1161 1910 1239 liquidam
1940 1179 2140 1222 omnes

124 1250 194 1301 et
242 1248 457 1299 tantum
502 1241 782 1315 resinam,
831 1242 1180 1300 crassiorem
1223 1260 1368 1302 vero
1420 1252 1478 1301 et
1525 1244 1596 1303 ad
1642 1246 1806 1323 pices
1849 1245 2145 1306 faciendas

123 1324 371 1397 cedrus.
441 1322 696 1383 Arabica
736 1324 929 1384 resina
970 1324 1102 1384 alba
1136 1334 1259 1399 est,
1315 1327 1434 1386 acri
1478 1327 1695 1403 odore,
1746 1328 1996 1388 difficilis
2043 1345 2142 1387 co-

50 1424 103 1465 ιε
125 1408 372 1487 quenti,
425 1403 637 1468 Iudaea
685 1409 963 1468 callosior
1011 1418 1070 1468 et
1114 1409 1497 1479 terebinthina
1540 1428 1774 1490 quoque
1825 1412 2141 1487 odoratior,

123 1493 377 1568 Syriaca
407 1490 583 1550 Attici
625 1490 815 1552 mellis
855 1493 1278 1553 similitudinem
1308 1493 1502 1555 habet.
1566 1493 1779 1573 Cypria
1813 1495 2102 1557 antecedit
2125 1504 2227 1558 123

122 1577 352 1651 omnis,
386 1584 477 1635 est
506 1584 696 1636 autem
722 1575 942 1643 ,melleo
976 1577 1213 1652 colore,
1250 1595 1513 1641 carnosa.
1577 1577 1943 1658 Colophonia
1975 1597 2140 1656 prae·

120 1670 222 1723 ter
256 1669 485 1719 ceteras
520 1658 711 1735 fulva,
760 1662 809 1718 si
840 1669 1093 1736 teratur,
1127 1660 1259 1721 alba
1292 1661 1386 1737 fit,
1431 1665 1667 1740 gravior
1699 1663 1901 1723 odore.
1966 1661 2039 1721 ob
2085 1662 2140 1722 id

120 1763 249 1805 non
280 1753 506 1816 utuntur
536 1761 605 1803 ea
648 1745 1028 1822 unguentarii.
1089 1747 1147 1804 in
1187 1745 1325 1805 Asia
1360 1764 1509 1825 quae
1542 1746 1602 1807 iit
1634 1766 1667 1807 e
1700 1747 1903 1827 picea,
1947 1747 2138 1807 admo-

46 1849 104 1894 ιο
124 1831 271 1893 dum
304 1829 577 1905 candida,
612 1847 825 1907 spagas
857 1838 1117 1890 vocatur.
1178 1830 1391 1891 Resina
1415 1834 1597 1892 omnis
1630 1832 1963 1893 dissolvitur
1985 1830 2143 1891 oleo.

125 1915 367 1995 quidam
401 1922 459 1973 et
506 1921 666 1972 creta
710 1913 1073 1991 figulinarum
1108 1915 1223 1974 hoc
1263 1916 1390 1974 fieri
1424 1915 1805 1992 arbitrantur,
1847 1916 2139 1994 pudetque

126 1998 401 2059 confiteri
457 2014 777 2058 maxumum
833 2000 941 2057 iam
993 1996 1274 2058 honorem
1327 2000 1451 2059 eius
1515 2018 1650 2060 esse
1702 2001 1760 2059 in
1816 1999 2138 2059 evellendis

122 2084 385 2152 virorum
408 2083 644 2159 corpori
677 2082 828 2159 pilis,
882 2080 1051 2141 Ratio
1077 2092 1268 2142 autem
1300 2082 1606 2142 condiendi
1632 2093 1816 2143 musta
1841 2085 1895 2141 in
1919 2084 2099 2160 primo
2125 2091 2226 2144 124

123 2167 395 2242 fervore,
423 2167 520 2244 qui
544 2183 752 2225 novem
777 2165 980 2225 diebus
1008 2182 1134 2224 cum
1166 2166 1486 2244 plurumum
1507 2168 1823 2245 peragitur,
1857 2166 2141 2243 adspersu

48 2252 318 2331 aspicis,
359 2260 420 2310 ut
464 2250 611 2310 odor
658 2251 791 2307 vino
838 2250 1133 2325 contingat
1177 2258 1235 2308 et
1280 2250 1507 2326 saporis
1551 2251 1829 2327 quaedam
1861 2251 2136 2309 acumina.

120 2335 532 2396 vehementius
579 2334 635 2393 id
679 2333 804 2393 fieri
835 2334 1184 2394 arbitrantur
1218 2333 1394 2393 crudo
1429 2333 1575 2392 flore
1608 2334 1838 2392 resinae
1874 2332 2140 2392 excitari-

125 2437 248 2498 que
281 2418 622 2492 lenitatem,
655 2436 688 2477 e
727 2418 960 2480 diverso
1011 2417 1250 2496 crapula
1293 2417 1570 2496 conpesci
1601 2417 1886 2498 feritatem
1917 2417 2141 2475 nimiam

123 2504 438 2582 frangique
484 2503 641 2561 virus
690 2511 819 2577 aut,
868 2502 1176 2579 ubipigra
1219 2501 1426 2562 lenitas
1473 2510 1737 2579 torpeat,
1785 2501 1940 2559 virus
1988 2499 2136 2559 addi.

122 2586 398 2665 Liguriae
430 2603 692 2647 maxume
728 2582 1315 2665 Circumpadanisque
1348 2587 1547 2644 mustis
1584 2585 1857 2662 crapulae
1889 2583 2101 2643 utilitas
2124 2590 2222 2644 125

46 2695 104 2740 ao
124 2671 477 2733 discernitur
494 2672 610 2731 hoc
631 2669 804 2729 modo
828 2692 841 2730 :
868 2670 1229 2749 pugnacibus
1248 2675 1447 2729 mustis
1471 2668 1744 2747 crapulae
1764 2668 1893 2746 plus
1912 2667 2138 2740 inditur,

125 2755 361 2816 lenibus
392 2756 646 2833 parcius.
706 2763 835 2813 sunt
870 2756 966 2833 qui
999 2773 1074 2814 ex
1102 2763 1351 2833 utroque
1385 2754 1605 2813 condiri
1637 2751 1852 2826 velint,
1883 2769 1993 2810 nec
2026 2767 2141 2808 non

125 2839 278 2914 alia,
334 2856 484 2917 quae
537 2846 626 2898 est
680 2836 880 2913 mulsi,
941 2841 1091 2916 pice.
1172 2837 1276 2896 Est
1317 2847 1516 2897 natura
1581 2837 1895 2914 vitiumque
1951 2842 2137 2893 musto

124 2923 474 3004 quibusdam
519 2923 575 2982 in
629 2922 776 2981 locis
820 2922 1026 2982 iterum
1067 2931 1277 3000 sponte
1322 2921 1589 2995 fervere,
1653 2938 1761 2997 qua
1817 2918 2138 2978 calamitate

126 3007 366 3086 deperit
405 3024 617 3085 sapor,
670 3023 1016 3086 vappaeque
1060 3007 1273 3083 accipit
1319 3023 1527 3066 nomen
1579 3003 1927 3082 probrosum
1970 3003 2139 3061 etiam

47 3091 452 3168 ashominum,
511 3110 639 3151 cnm
686 3090 1066 3168 degeneravit
1118 3092 1356 3150 animus.
1441 3089 1590 3150 aceti
1645 3088 1792 3147 enim
1851 3086 2138 3165 nequitiae

125 3176 281 3236 inest
312 3176 492 3234 virtus
522 3192 763 3253 magnos
791 3176 862 3236 ad
892 3195 1061 3252 usus,
1097 3184 1155 3234 et
1188 3176 1310 3235 sine
1341 3175 1468 3254 quis
1490 3173 1679 3234 mitior
1711 3173 1825 3231 vita
1857 3172 1990 3248 degi
2026 3187 2139 3229 non

123 3260 339 3337 possit.
397 3257 611 3319 Cetero
637 3261 898 3320 vinorum
921 3260 1314 3321 medicaminis
1346 3267 1497 3319 tanta
1537 3276 1674 3318 cura
1700 3265 1869 3316 estut
1902 3257 2097 3315 cinere
2122 3263 2223 3316 126

123 3344 281 3423 apud
320 3343 601 3421 quosdam
640 3362 749 3403 ceu
789 3363 979 3424 gypso
1026 3344 1164 3406 alibi
1212 3354 1267 3404 et
1304 3343 1509 3424 quibus
1545 3342 1787 3403 diximus
1821 3341 2004 3400 modis
2050 3339 2129 3396 in·
2153 3335 2223 3420 ’,ἕξ

228 3448 368 3488 Pus.
402 3449 528 3487 NAT.
558 3450 694 3487 msr.
729 3433 790 3489 II.
1741 3425 1815 3487 18
