2320 3650
616 78 775 124 NAT.
810 78 992 125 msT.
1025 79 1206 125 vnn.
1239 75 1408 129 6—8.
1441 66 1684 150 (6-—8‚)
2064 70 2144 134 89

135 235 364 315 piscem
394 234 601 298 diutius
632 235 909 311 spiritum
939 235 1276 294 continuere
1307 242 1368 293 ut
1402 245 1525 295 arte
1556 236 1713 295 missi
1743 238 1814 297 ad
1849 240 2140 317 respiran-

46 319 51 330 “
137 319 272 386 dum
297 319 562 393 emicant,
594 320 950 397 tantaque‘vi
983 318 1255 378 exsiliunt
1292 328 1349 378 ut
1380 319 1724 398 plerumque
1752 322 1884 381 vela
1915 324 2143 394 navium

134 402 514 467 transvolent.
542 457 547 462 Α
578 410 857 479 vagantur
887 402 1016 462 fere
1053 403 1350 478 coniugia,
1374 404 1601 480 pariunt
1627 403 1854 464 catulos
1894 407 2136 467 decumo
2158 417 2225 471 21

133 504 336 550 mense
356 487 584 550 aestivo
615 495 901 563 tempore,
950 488 1176 545 interim
1207 496 1266 545 et
1297 486 1484 545 binos.
1551 488 1799 547 nutriunt
1847 488 2140 566 uberibus,

89 593 117 633 5
138 572 289 638 sicut
317 567 784 653 balaeum-atque
809 572 975 629 etiam
999 580 1231 646 gestant
1260 570 1414 630 fetus
1437 571 1670 634 infantia
1695 572 1966 632 infirmos.
2010 576 2144 653 quin
2293 599 2308 629 x

133 664 196 715 et
224 654 451 718 adultos
482 655 575 716 diu
615 656 963 714 comitantur·
993 673 1197 731 magna
1224 672 1376 731 ,erga
1405 664 1631 732 ⁴partum
1678 658 1939 715 caritate.
2002 659 2228 722 adu-22

131 739 364 800 lescunt
396 738 691 813 celeriter,
718 739 923 798 decem
946 741 1120 797 annis
1152 748 1420 817 putantur
1451 740 1522 799 ad
1553 756 1825 799 summam
1862 743 2140 817 magnitu-

133 823 326 886 dinem
357 825 684 901 pervenire.
748 822 949 882 vivont
976 831 1037 881 et
1064 825 1323 896 triceniS,
1358 824 1513 900 quod
1544 825 1849 900 cognitum<
1874 826 2140 902 praecisa
2270 847 2292 886 v

136 907 317 970 cauda
349 908 407 968 in
438 908 912 985 experimentum.
976 905 1267 967 abduntur.
1287 907 1526 970 tricenis
1557 907 1761 967 diebus
1797 909 1952 967 circa
1986 910 2143 968 canis

62 1003 116 1044 10
135 1001 322 1054 ortum
348 987 824 1068 occultanturque
866 992 1162 1067 incognito
1195 991 1389 1067 modo,
1436 993 1591 1070 quod
1622 1009 1695 1051 eo
1730 993 1920 1069 magis¹
1943 994 2144 1052 mirum

135 1084 263 1150 est,
304 1076 355 1136 si
398 1078 620 1154 spirare
663 1076 718 1134 in
750 1093 897 1154 aqua
927 1094 1042 1137 non
1077 1086 1309 1153 queunt.
1362 1076 1554 1136 solent
1600 1078 1657 1135 in
1696 1086 1911 1136 terram
1956 1095 2140 1136 erum-

133 1178 280 1239 pere
319 1160 542 1222 incerta
574 1160 663 1220 ‘de
709 1177 916 1234 causa,
973 1177 1084 1219 nec
1127 1161 1316 1220 statim
1359 1160 1571 1219 tellure
1611 1169 1764 1220 tacta
1803 1161 2141 1235 moriuntur,

133 1244 432 1321 multoque
463 1246 628 1304 ocius
676 1244 868 1304 *fistula
901 1244 1118 1303 clausa.
1175 1244 1370 1320 lingua
1402 1253 1492 1302 est
1520 1244 1611 1304 his
1645 1253 1844 1304 contra
1876 1254 2132 1305 naturam
2154 1252 2228 1307 23

136 1328 465 1405 aquatilium
494 1327 755 1402 mobilis,
788 1328 984 1388 brevis
1018 1337 1191 1405 atque
1235 1328 1383 1403 lata,
1426 1327 1587 1388 haut
1608 1327 1884 1394 differens
1914 1328 2139 1388 suillae.

67 1427 117 1474 ιι
136 1430 247 1490 pro
268 1429 418 1472 voce
450 1413 695 1489 gemitus
726 1412 969 1471 humano
1008 1412 1227 1485 similiS,
1261 1412 1495 1471 dorsum
1523 1411 1859 1488 repandum,
1891 1421 2143 1470 rostrum

135 1498 354 1558 simum.
391 1515 501 1573 qua
532 1497 603 1556 de
637 1514 811 1556 causa
846 1514 1057 1555 nomen
1086 1497 1323 1555 simonis
1356 1506 1556 1556 omnes
1582 1496 1727 1594 miro
1761 1494 1932 1555 modo
1965 1507 2141 1614 agno-

136 1587 300 1639 scunt
329 1582 657 1657 maluntque
690 1582 766 1640 ita
797 1580 1105 1675 appellari.

264 1662 387 1741 (8.)
446 1664 771 1750 Delphinus
817 1666 931 1724 n‘on
961 1664 1177 1724 homini
1205 1674 1418 1724 tantum
1462 1665 1701 1737 amicum
1745 1664 1986 1737 animal,
2038 1679 2140 1722 ve·
2157 1671 2230 1725 24

135 1764 258 1806 rum
290 1756 347 1806 et
385 1750 639 1808 musicae
675 1750 814 1823 arti,
858 1749 1142 1808 mulcetur
1182 1747 1561 1827 symphoniae
1610 1756 1776 1807 cantu
1826 1756 1885 1805 et
1914 1747 2140 1824 praeci—

62 1839 117 1878 20
137 1849 251 1909 pue
282 1832 545 1906 hydrauli
573 1849 747 1893 sono
803 1834 1090 1894 hominem
1120 1850 1238 1894 non
1282 1835 1630 1912 expavescit
1651 1841 1713 1892 nt
1735 1833 2002 1905 alienum,
2038 1831 2141 1890 ob·
2239 1896 2242 1905 ,

132 1917 282 1975 viam
307 1917 551 1992 navigiis
578 1918 763 1992 venit,
783 1918 1001 1978 adludit
1026 1917 1351 1992 exsultans,
1377 1926 1562 1977 certat
1600 1918 1769 1977 etiam
1794 1924 1852 1975 et
1882 1916 2140 1994 quamvis

134 1999 305 2077 plena
330 2001 610 2078 praeterit
631 2001 785 2060 vela.
850 2001 1000 2061 Divo
1031 2001 1295 2078 Augusto
1321 2003 1586 2080 principe
1617 2000 1918 2060 Lucrinum
1952 2000 2137 2060 lacum
2157 2007 2230 2062 25

133 2085 394 2145 invectus
429 2086 702 2162 pauperis
734 2086 1030 2145 cuiusdam
1054 2104 1294 2164 puerum
1316 2103 1392 2145 ex
1422 2084 1635 2143 Baiano
1660 2085 1938 2144 Puteolos
1968 2086 2024 2143 in
2057 2084 2139 2143 lu-

135 2169 264 2229 dum
297 2168 611 2231 literarium
651 2170 919 2243 itantem,
968 2187 1096 2228 cum
1124 2169 1441 2228 meridiano
1472 2170 1762 2227 inmorans
1787 2168 2142 2246 appellatum

60 2266 264 2310 zsffeum
311 2253 546 2312 simonis
596 2255 824 2312 nomine
871 2254 1105 2330 saepius
1138 2253 1478 2328 fragmentis
1519 2253 1686 2329 panis
1718 2269 1889 2328 quem
1922 2250 1998 2309 ob
2032 2252 2143 2309 iter

131 2333 363 2395 ferebat
394 2335 736 2410 adlexisset,
774 2338 1146 2396 miroamore
1179 2336 1402 2395 dilexit.
1435 2368 1521 2379 --
1551 2336 1781 2412 pigeret
1811 2334 2062 2408 referre,
2086 2335 2141 2392 ni

132 2437 230 2478 res
268 2418 634 2479 ,Maecenatis
680 2430 739 2480 et
770 2420 1006 2480 Fabiani
1044 2428 1104 2479 et
1157 2418 1321 2478 Flavi
1370 2419 1489 2478 Alii
1524 2418 1948 2496 multorumque
1969 2427 2143 2478 vesset

130 2503 339 2563 litteris
361 2504 735 2578 mandata,--
748 2521 1112 2583 quocumque
1133 2503 1248 2563 diei
1270 2512 1532 2580 tempore
1547 2502 1886 2562 inclamatus
1902 2519 1936 2562 a
1956 2511 2140 2579 puero

132 2588 390 2664 quamvis
423 2587 691 2648 occultus
728 2598 903 2666 atque
938 2587 1163 2647 abditus
1200 2588 1427 2661 eximo
1473 2584 1786 2647 advolabat
1821 2592 2141 2664 pastusque

59 2682 169 2731 we
196 2688 363 2730 manu
414 2670 737 2748 praebebat
768 2672 1124 2731 adscensuro
1152 2672 1425 2746 dorsum,
1462 2672 1674 2748 pinnae
1704 2671 1945 2729 aculeos
1979 2668 2142 2728 velut

127 2756 337 2830 vagina
369 2756 648 2829 condens,
678 2764 1098 2833 receptumque
1146 2754 1423 2815 Puteolos
1469 2773 1578 2832 per
1615 2770 1879 2830 magnum
1920 2768 2143 2830 aequor
2211 2772 2216 2775 ·

126 2838 185 2898 in
216 2837 409 2897 ludum
432 2839 661 2898 ferebat
703 2839 871 2899 simili
902 2839 1074 2921 modo
1112 2839 1404 2898 revehens
1438 2837 1702 2917 pluribus
1733 2839 1914 2912 annis,
1953 2837 2143 2896 donec

128 2921 336 2982 morbo
368 2924 654 2983 exstincto
682 2936 867 3001 puero
896 2923 1140 2982 subinde
1174 2923 1244 2982 ad
1270 2931 1614 2982 consuetum
1632 2921 1826 2981 locum·
1850 2921 2141 2979 ventitans

123 3007 307 3068 tristis
338 3015 396 3065 et
421 3009 703 3067 maerenti
734 3008 933 3067 similis
963 3009 1094 3085 ipse
1132 3023 1389 3084 quoqne,
1436 3006 1590 3084 quod
1621 3023 1792 3065 nemo
1828 3002 2136 3078 dubitaret,

52 3103 105 3145 3⁵
123 3089 420 3151 desiderio
470 3092 806 3170 exspiravit.
868 3090 1035 3150 Alius
1080 3091 1227 3151 intra
1269 3091 1377 3150 hos
1408 3102 1604 3150 annos
1621 3091 1677 3148 in
1716 3089 1922 3148 Africo
1958 3087 2225 3150 litore26

121 3173 411 3251 Hipponis
463 3174 718 3249 Diarryti
787 3175 956 3234 simili
1009 3175 1184 3235 modo
1228 3193 1304 3233 ex
1348 3173 1635 3233 hominum
1678 3190 1844 3232 manu
1884 3188 2137 3230 vescens

120 3256 537 3336 praebensque
583 3277 648 3317 se
678 3258 1036 3319 tractandum
1088 3268 1146 3317 et
1193 3248 1471 3317 adludens
1515 3257 1782 3316 nantibus
1825 3256 2138 3334 inpositos

124 3358 238 3420 que
274 3350 513 3419 portans
554 3350 850 3418 unguento
882 3350 1199 3420 perunctus
1229 3360 1262 3401 a
1293 3341 1568 3402 Flaviano
1591 3339 1947 3421 proconsule
1983 3338 2136 3399 Afri-
