2320 3650
170 47 294 108 266
860 59 918 105 c.
951 61 1142 107 pum
1183 61 1484 109 snctmm

171 225 303 275 ante
339 215 720 274 maturitatem
758 214 1076 295 decerptae
1111 216 1402 275 siccantur
1437 220 1560 277 acri
1595 220 1760 296 sole,
1794 233 1818 282 t
1911 226 2015 287 ‘die
2048 249 2162 290 ver·

170 309 331 361 satae
375 316 482 377 per
512 298 792 372 triduum,
843 308 1048 377 quarto
1096 300 1526 376 exprimuntur,
1572 303 1707 367 dein
1749 308 1806 366 in
1850 310 2011 370 cadis
2052 315 2164 374 sole

80 390 152 446 78
171 387 581 443 inveterantur.
646 379 752 441 Coi
783 384 1053 442 marinam
1088 400 1294 462 aquam
1327 384 1646 460 largiorem
1684 392 1937 452 miscent
1966 414 1999 454 a
2029 401 2167 457 servi

164 468 318 527 furto
355 467 581 543 origine
617 475 742 525 orta
780 469 865 526 sic
897 484 1223 527 mensuram
1258 468 1582 547 explentis,
1629 473 1806 550 idque
1844 480 2168 540 translatum

163 553 221 611 in
256 550 448 611 album
484 560 726 609 mustum
760 550 1105 610 leucocoum
1136 552 1488 630 appellatur.
1554 557 1610 613 in
1653 557 1784 616 aliis
1816 570 2013 622 autem
2042 581 2202 640 gen-5

164 635 318 695 tibus
349 634 517 693 simili
544 635 716 695 modo
746 634 962 694 factum
994 635 1529 697 tethalassomenon
1560 651 1809 717 vocant,
1840 645 2170 708 thalassiten

163 729 354 779 autem
398 719 552 778 vasis
586 718 754 778 musti
786 719 1030 778 deiectis
1064 721 1121 777 in
1165 737 1355 795 mare,
1404 738 1522 799 quo
1565 741 1788 800 genere
1825 745 2090 805 praecox
2120 732 2170 790 fit

76 809 151 870 79
165 813 445 864 vetustas.
508 820 621 862 nec
654 821 769 862 non
810 804 964 881 apud
1008 819 1115 861 nos
1152 820 1388 882 quoque
1421 802 1602 865 Coum
1631 809 1825 903 Qui
1870 831 1951 871 ex
1980 812 2166 875 Italico
2255 848 2256 861 ,

159 888 410 949 faciendi
450 888 730 946 rationem
781 885 926 946 Cato
980 886 1422 961 demonstravit,
1478 908 1659 968 super
1681 903 1912 955 ”cetera
1954 899 2011 956 in
2055 899 2167 959 sole

160 973 536 1052 quadriennio
561 970 950 1032 maturandum
973 971 1363 1048 praecipiens.
1396 970 1681 1034 Rhodium
1693 972 1826 1037 Coo
1853 981 2045 1041 simile
2072 992 2167 1055 est,
2185 991 2218 1030 1⁰
2255 984 2256 1009 l

158 1057 505 1117 Phorineum
540 1055 750 1114 salsius
777 1053 924 1115 Coo.
976 1057 1163 1117 omnia
1196 1058 1566 1116 transmarina
1585 1060 1722 1119 vina
1758 1072 1993 1140 septem
2025 1068 2168 1125 annis

158 1141 230 1201 ad
264 1148 610 1200 vetustatem
640 1139 887 1199 mediam
917 1141 1229 1217 pervenire
1261 1140 1676 1202 existimantur.

68 1235 143 1289 80
284 1224 342 1284 9.
389 1224 558 1301 (11.)
610 1222 817 1282 Vinum
848 1241 1017 1283 omne
1040 1224 1211 1283 dulce
1242 1226 1425 1284 minus
1452 1224 1776 1302 odoratum,
1807 1247 1928 1307 quo
1952 1235 2164 1291 tenuius
2255 1238 2256 1281 ἶ

159 1327 231 1369 eo
265 1309 584 1368 odoratius,
615 1308 883 1368 ‘colores
909 1309 1056 1367 vinis
1089 1317 1387 1385 quattuor:
1430 1307 1629 1385 albus5
1668 1311 1902 1389 fulvoS‚
1951 1317 2165 1392 sangui-
2255 1320 2256 1371 ὲ

157 1414 335 1470 neus,
381 1393 566 1471 niger.
629 1391 904 1453 Psithium
950 1402 1009 1450 et
1047 1391 1529 1471 melampsithium
1574 1397 1735 1472 passi
1777 1414 2008 1473 genera
2051 1409 2167 1458 sunt
2184 1413 2219 1452 15
2255 1380 2256 1393 ¹

159 1496 263 1540 suo
302 1495 550 1557 sapore,
598 1495 715 1536 non
754 1478 904 1551 vini,
954 1474 1287 1550 Scybelites
1329 1493 1473 1536 vero
1512 1479 1682 1538 mulsi
1726 1480 1783 1538 in
1820 1480 2049 1543 Galatia
2082 1501 2168 1543 na·

157 1582 364 1638 seem,
413 1571 470 1621 et
515 1562 805 1621 Aluntium
849 1561 905 1619 in
947 1561 1167 1620 Sicilia.
1239 1578 1367 1619 nam
1412 1562 1697 1638 sii-acum,
1744 1565 1908 1643 quod
1952 1567 2052 1626 alii
2080 1568 2167 1627 he-

158 1666 392 1727 psema,
436 1648 618 1705 nostri
650 1663 848 1724 sapam
884 1644 1218 1724 appellant,
1264 1646 1458 1721 ingeni
1491 1664 1603 1705 non
1639 1656 1885 1708 naturae
1914 1668 2065 1729 opus
2093 1660 2172 1710 est
2255 1684 2256 1719 3

155 1742 345 1791 musto
378 1748 563 1809 usque
596 1728 667 1789 ad
695 1730 923 1789 tertiam
955 1746 1262 1787 mensurae
1299 1729 1570 1789 decocto.
1637 1733 1795 1809 quod
1827 1733 1929 1792 nbi
1970 1733 2171 1794 factum
2255 1724 2256 1763 Ὗ

155 1815 228 1876 ad
275 1815 560 1877 dimidiam
612 1823 733 1891 est,
789 1813 1074 1874 defrutum
1122 1830 1400 1873 vocamus
1416 1860 1434 1893 ‚
1495 1815 1683 1875 omnia
1727 1817 1786 1875 in
1832 1817 2226 1878 adulteriumzo

66 1911 129 1965 81
162 1900 353 1960 mellis
385 1901 737 1976 excogitata.
796 1899 901 1958 sed
929 1899 1123 1975 priora
1156 1915 1268 1956 uva
1299 1906 1572 1976 terraque
1604 1910 1894 1960 constant.
1944 1901 2173 1962 Passum

156 2004 188 2045 a
223 1983 460 2045 Cretico
498 1977 763 2042 Cilicium
808 1981 1090 2061 probatur
1122 1989 1180 2040 et
1212 1980 1472 2040 Africum
1506 1992 1564 2041 et
1604 1983 1660 2041 in
1689 1982 1860 2044 Italia
1902 1986 2174 2045 finitimis·

157 2087 270 2147 que
303 2068 636 2147 provinciis.
702 2067 830 2126 fieri
865 2076 1084 2125 certum
1117 2075 1208 2124 est
1238 2084 1313 2124 ex
1337 2083 1447 2124 uva
1481 2084 1645 2145 quam
1672 2065 1888 2127 Graeci
1913 2070 2176 2147 psithiam
2255 2125 2256 2138 ,

68 2148 75 2159 ’
152 2162 401 2229 vocant,
444 2169 551 2212 nos
600 2152 896 2230 apianam‚
938 2151 1076 2210 item
1128 2149 1461 2227 scripulam.
1523 2150 1734 2210 diutius
1782 2153 1840 2210 in
1890 2153 2015 2213 vite
2057 2151 2176 2213 sole
2255 2143 2256 2152 ’

155 2238 372 2298 adustis
406 2245 502 2297 aut
534 2236 783 2296 ferventi
817 2235 975 2295 oleo.
1047 2233 1381 2312 quidam-ex
1411 2251 1776 2312 quacumque
1808 2235 1970 2296 dulci
1990 2284 2010 2316 ‚
2058 2238 2230 2296 duna

155 2330 509 2400 praecocta,
543 2319 697 2396 alba,
732 2320 949 2379 faciunt
981 2318 1276 2377 siccantes
1308 2319 1473 2393 sole,
1504 2318 1695 2377 donec
1720 2318 1903 2397 paulo
1936 2321 2179 2401 amplius

67 2417 137 2471 82
161 2406 449 2465 dimidium
481 2405 708 2483 pondus
740 2404 1024 2482 supersit,
1057 2412 1375 2481 tunsasque
1407 2402 1618 2462 leniter
1643 2404 2001 2481 exprimunt.
2058 2406 2181 2465 dein

157 2500 428 2570 quantum
471 2485 829 2568 expressere
870 2488 1122 2564 adiciunt
1153 2484 1415 2546 vinaceis
1443 2503 1627 2571 aquae
1653 2496 1948 2566 puteanae
1968 2533 1987 2563 ‚
2036 2500 2098 2548 ut
2131 2495 2182 2547 et

138 2571 560 2650 :secundarium
593 2590 826 2652 passum
862 2572 1097 2632 faciant.
1159 2571 1563 2648 diligentiores
1607 2566 1817 2630 eodem
1858 2572 2045 2632 modo
2079 2574 2181 2631 sic·

156 2660 298 2720 catis
342 2660 543 2719 acinos
578 2659 831 2717 eximunt
874 2674 944 2732 ac
988 2658 1112 2715 sine
1158 2655 1462 2714 sarmentis
1500 2654 1868 2715 madefactos
1903 2658 2047 2715 vino
2090 2657 2256 2732 erm]

160 2744 434 2819 cellenti‚
492 2743 683 2801 donec
726 2744 1140 2815 intumescant,
1195 2747 1492 2817 premunt,
1552 2748 1613 2798 et
1652 2738 1772 2798 hoc
1816 2757 2016 2816 genus
2061 2748 2183 2799 ante
2255 2763 2256 2790 2

159 2837 359 2888 cetera
412 2827 677 2902 laudant,
744 2844 813 2885 ac
867 2824 1037 2884 simili
1088 2824 1263 2883 modo
1326 2841 1475 2902 aqua
1528 2822 1719 2884 addita
1774 2825 2185 2884 secundariu-
2255 2827 2256 2840 ¹

67 2921 139 2974 83
157 2911 391 2971 faciunt.
485 2910 736 2969 Medium
788 2911 939 2968 inter
1002 2901 1193 2969 dulcia
1245 2909 1553 2985 vinumque
1608 2911 1701 2966 est
1761 2907 1924 2985 quod
1978 2907 2138 2978 Gra.

156 2995 459 3068 aigleucos
492 3002 739 3069 vocant,
784 2993 901 3052 hoc
949 3002 1040 3052 est
1072 3007 1307 3070 semper
1336 3000 1600 3050 mustum.
1672 2990 1729 3049 id
1775 2993 1979 3051 evenit
2027 3010 2065 3051 c
2255 3049 2256 3060 ,

157 3078 424 3148 quoniam
439 3078 676 3137 fervere
693 3076 1129 3155 prohibetur—
1142 3078 1230 3136 sic
1249 3075 1546 3154 appellant
1569 3075 1741 3134 musti
1761 3076 1820 3135 in
1837 3077 1978 3135 vina
2001 3084 2180 3135 uuu-
2193 3078 2231 3119 ³⁵

157 3155 312 3212 itum.
346 3190 429 3202 —-
461 3177 605 3236 ergo
636 3170 903 3237 mergunt
924 3178 968 3234 ‘e
995 3160 1124 3220 lacu
1158 3162 1421 3237 protinus
1460 3160 1516 3218 in
1554 3176 1705 3236 aqua
1731 3159 1957 3235 cados,
1999 3159 2182 3219 donec

159 3233 356 3295 bruma
368 3245 630 3324 transeat
655 3253 714 3303 et
746 3244 1103 3304 consuetudo
1137 3245 1235 3304 liat
1260 3243 1512 3321 algendi.
1563 3241 1671 3301 Est
1691 3244 2018 3303 etiamnum
2039 3237 2180 3303 :uliud

158 3332 344 3391 genus
377 3321 499 3379 eius
532 3343 641 3401 per
671 3343 771 3402 se,
821 3327 976 3405 quod
1011 3335 1186 3420 yocat
1230 3328 1400 3387 dulce
1429 3323 1839 3387 Narbonensis
1884 3324 2177 3407 provin&
2254 3367 2257 3404 ‹
