2320 3650
201 91 320 154 100
687 99 694 102 '
940 102 1002 151 e.
1034 103 1229 151 Pmm
1258 102 1559 179 saeuum

197 260 448 339 undique
481 257 769 319 incumbit.
825 256 972 317 baec
1006 266 1064 317 ut
1095 257 1284 318 solida
1314 265 1487 336 atque
1521 257 1782 318 conferta
1818 257 2081 336 adsurgit
2116 259 2201 320 in·'

195 344 541 405 tumescenti
585 342 782 401 similis
829 350 1109 420 extraque
1144 341 1524 419 protenditur.
1574 342 1816 401 mundus
1850 343 1908 400 in
1939 352 2197 403 centrum

195 428 413 504 vergit,
447 437 504 487 at
532 431 686 485 terra
720 426 838 484 exit
872 442 905 484 a
946 435 1149 484 centro
1195 426 1511 483 inmensum
1565 425 1690 484 eius
1721 423 1962 501 globum
1992 427 2050 485 iu
2080 427 2195 486 for-

171 530 342 580 =mam
379 510 537 570 orbis
571 509 807 570 adsidua
840 509 995 568 circa
1031 526 1158 569 eam
1188 508 1377 568 mundi
1405 507 1766 568 volubilitate
1800 518 2076 585 cogente.

113 608 216 663 161
343 595 442 655 65.
479 593 644 671 (65.)
677 591 888 669 Ingens
931 591 1024 651 hic
1071 609 1262 670 pugna
1309 591 1622 651 litterarum
1657 601 1978 670 contraque
2013 593 2234 670 volgi‚⁵

187 675 576 740 circumfundi
614 686 806 736 terrae
851 675 1101 754 undique
1142 675 1437 749 homines,
1489 676 1908 754 conversisque
1953 676 2104 736 inter
2133 696 2195 735 se

197 762 446 843 pedibus
475 770 650 836 stare,
685 768 743 819 et
778 760 998 818 cunctis
1033 759 1277 818 similem
1310 776 1446 817 esse
1475 760 1789 834 verticem,
1823 759 1995 819 simili
2026 761 2194 819 modo

199 865 275 907 ex
310 862 666 924 quacumque
700 851 863 921 parte
895 843 1140 902 mediam
1173 841 1406 916 calcari,
1439 841 1541 901 illo
1574 851 1915 921 quaerente,
1949 861 2055 902 cur
2088 860 2194 901 non

199 930 468 991 decidant
499 936 698 986 contra
730 926 841 1000 siti,
873 935 1158 1003 tamquam
1187 942 1302 983 non
1334 925 1480 984 ratio
1512 934 1747 1003 praesto
1775 928 1848 985 sit
1872 936 1933 985 ut
1952 944 2065 986 nos
2089 943 2195 985 uon

200 1012 477 1074 decidere
513 1011 788 1069 mirentur
816 1008 918 1068 illi.
981 1007 1296 1067 Intervenit
1337 1009 1621 1068 sententia
1668 1011 1928 1086 quamvis
1962 1011 2196 1070 indocili
2217 1031 2256 1070 ιο

200 1094 523 1174 probabilis
570 1091 809 1167 turbae,
862 1091 1148 1169 inaequali
1198 1091 1414 1168 globo,
1468 1103 1523 1169 ut
1566 1093 1614 1158 si
1663 1095 1734 1151 sit
1776 1093 1961 1169 ligura
1993 1096 2197 1173 pineae
2306 1089 2307 1094 ’

116 1191 219 1246 162
242 1178 425 1251 nuciS,
451 1176 814 1236 nihilominus
835 1183 1045 1235 terram
1070 1175 1317 1253 undique
1344 1175 1538 1236 incoli.
1572 1176 1690 1235 Sed
1716 1178 1853 1255 quid
1876 1176 1994 1236 hoc
2019 1177 2199 1237 refert

201 1262 316 1324 alio
362 1259 637 1321 miraculo
677 1259 1011 1334 exoriente,
1063 1258 1327 1336 pendere
1368 1260 1550 1336 ipsam
1586 1277 1655 1318 ac
1699 1276 1815 1318 uon
1850 1260 2067 1320 cadere
2101 1278 2197 1319 no·
2304 1307 2305 1310 η

201 1345 443 1420 hiscum,
477 1362 586 1402 ceu
622 1339 852 1420 spii-itus
882 1343 991 1417 vis,
1023 1342 1231 1401 mundo
1265 1344 1611 1419 praesertim
1639 1344 1865 1418 inclusi,
1901 1342 2075 1403 dubia
2108 1346 2197 1418 sit,

203 1437 297 1489 aut
344 1428 530 1506 possit
569 1427 782 1486 cadere
826 1434 1024 1485 natura
1064 1434 1423 1503 repugnante
1471 1435 1528 1485 et
1569 1442 1684 1503 quo
1730 1427 1898 1486 cadat
1928 1436 2195 1504 negante.
2218 1449 2258 1488 ιε

200 1511 345 1572 Nam
376 1511 524 1571 sicut
554 1511 766 1588 ignium
797 1510 973 1569 sedes
1003 1527 1118 1569 non
1148 1517 1239 1567 est
1271 1511 1378 1568 nisi
1406 1510 1462 1567 in
1496 1509 1756 1585 ignibus,
1788 1528 2065 1588 aquarum
2095 1511 2198 1569 nisi

201 1598 262 1655 in'
289 1596 484 1673 aquis,
519 1596 752 1671 spiritus
781 1594 888 1652 nisi
919 1594 974 1651 in
1004 1595 1237 1671 spiritu,
1287 1593 1363 1652 ita
1395 1602 1587 1652 terrae
1620 1593 1954 1653 arcentibus
1983 1595 2199 1654 cunctis

202 1680 309 1737 nisi
342 1679 398 1737 in
441 1696 504 1736 se
548 1678 713 1737 locus
747 1694 861 1736 non
896 1685 1002 1735 est.
1070 1675 1314 1735 Globum
1356 1684 1548 1736 tamen
1592 1675 1746 1735 effici
1788 1678 1992 1736 mirum
2025 1678 2198 1736 estin

200 1769 356 1821 tanta
386 1761 622 1839 planitie
652 1761 825 1819 maris
859 1776 1326 1838 camporumque.
1394 1757 1497 1818 Cui
1530 1761 1852 1820 sententiae
1906 1760 2076 1820 adest
2102 1760 2195 1819 Di-

205 1844 556 1919 caearchus,
605 1845 695 1902 vir
736 1845 793 1902 in
844 1845 1040 1922 primis
1088 1843 1376 1918 eruditus,
1430 1862 1632 1919 regum
1678 1861 1815 1904 cura
1857 1863 2195 1921 permensus
2213 1866 2256 1905 20

201 1929 431 2003 montis,
469 1946 545 1986 ex
575 1926 783 2006 quibus
813 1928 1144 1987 altissimum
1176 1927 1427 2004 prodidit
1461 1926 1662 1986 Pelion
1693 1925 1897 1986 Mccl.
1936 1946 2200 2006 passuum
2304 1964 2305 1971 κ

201 2013 426 2071 ratione
468 2010 904 2089 perpendiculi,
949 2011 1159 2070 nullam
1194 2027 1328 2069 esse
1378 2027 1506 2068 eam
1540 2011 1865 2087 portionem
1895 2013 2200 2071 universae
2303 2044 2305 2121 A

203 2094 565 2154 rotunditatis
593 2093 899 2170 colligens
961 2093 1099 2153 Mihi
1130 2095 1352 2152 incerta
1392 2092 1541 2153 haec
1571 2094 1799 2153 videtur
1830 2093 2200 2169 coniectatio,

202 2178 353 2239 haud
391 2179 588 2255 ignoto
622 2178 899 2256 quosdam
934 2177 1167 2254 Alpium
1195 2177 1451 2235 vertices
1493 2177 1671 2253 longo
1713 2186 1898 2237 tractu
1929 2196 2043 2238 nec
2075 2177 2202 2238 bre·
2302 2222 2303 2257 3

120 2271 223 2327 163
245 2264 409 2322 viore
446 2262 853 2341 quinquaginta
898 2260 1112 2319 milium
1152 2277 1423 2337 passuum
1467 2260 1807 2338 adsurgere.
1871 2261 1993 2321 Sed
2024 2262 2262 2338 volgoas
2302 2272 2303 2309 l

203 2363 465 2406 maxuma
514 2345 662 2405 haec
705 2363 895 2423 pugna
939 2352 1059 2419 est,
1114 2345 1163 2403 si
1212 2351 1470 2403 coactam
1508 2344 1565 2401 in
1605 2345 1888 2403 verticem
1933 2363 2204 2424 aquarum
2301 2346 2303 2439 l

207 2445 437 2508 quoque
474 2428 714 2505 figuram
764 2427 1012 2488 credere
1062 2436 1323 2502 cogatur.
1387 2428 1543 2504 atqui
1581 2444 1696 2486 non
1743 2428 1896 2487 aliud
1929 2429 1987 2486 in
2018 2446 2204 2488 rerum

204 2521 403 2572 natura
433 2511 712 2590 adspectu
743 2510 1117 2572 manifestius.
1172 2528 1415 2589 namque
1462 2518 1521 2568 et
1554 2510 1959 2588 dependentes
1993 2512 2206 2590 ubique

203 2605 402 2672 guttae
449 2597 645 2672 parvis
684 2594 993 2672 globantur
1024 2594 1264 2653 orbibus
1306 2602 1367 2653 et
1395 2593 1622 2671 pulveri
1653 2594 1863 2654 inlatae
1896 2594 2206 2654 frondium-

205 2697 318 2756 que
356 2679 606 2755 lanugini
641 2679 926 2757 inpositae
972 2676 1237 2738 absoluta
1275 2677 1622 2737 rotunditate
1671 2686 2020 2753 cernuntur,
2066 2687 2125 2738 et
2157 2679 2268 2735 into
2300 2700 2301 2713 ¹

203 2763 433 2840 poculis
459 2763 703 2840 repletis
736 2762 926 2821 media
955 2779 1218 2821 maxume
1247 2769 1493 2835 tument,
1532 2777 1683 2840 quae
1712 2769 1957 2838 propter
1987 2760 2208 2821 subtili-

203 2854 380 2905 tatem
426 2847 640 2905 umoris
682 2845 1093 2923 mollitiamque
1138 2846 1195 2904 in
1224 2862 1289 2913 se
1338 2844 1693 2904 residentem
1721 2845 1948 2905 ratione
1980 2844 2211 2905 facilius

206 2946 372 3005 quam
401 2930 529 2988 visu
557 2927 1081 3006 deprehenduntur.
1139 2928 1317 3006 idque
1348 2929 1518 2987 etiam
1548 2927 1732 3004 magis
1759 2929 1982 3003 mirum,
2014 2929 2077 2987 in
2107 2946 2209 3006 po·
2298 2950 2299 3013 ζ

207 3011 352 3071 culis
384 3006 630 3091 repletis
662 3011 857 3072 addito
885 3026 1084 3072 umore
1110 3013 1361 3071 minumo
1396 3011 1796 3071 circumfluere
1820 3011 1980 3090 quod
2005 3029 2210 3089 super·
2298 3018 2299 3077 ᾗ

207 3093 310 3167 sit,
358 3103 556 3155 contra
603 3096 841 3154 evenire
887 3094 1245 3172 ponderibus
1279 3095 1485 3155 additis
1515 3090 1588 3155 ad
1617 3096 1859 3154 vicenos
1891 3098 2079 3173 saepe
2113 3095 2268 3157 de·³⁵

205 3176 420 3252 narios,
455 3177 684 3237 scilicet
704 3179 836 3256 quia
865 3179 1014 3237 intus
1047 3187 1289 3255 recepta
1319 3177 1603 3256 liquorem
1633 3179 1689 3236 in
1722 3179 2009 3237 verticem
2045 3179 2213 3239 attol-

122 3266 225 3321 164
248 3258 398 3332 lant,
445 3268 502 3318 at
533 3262 758 3321 cumulo
790 3262 1062 3320 eminenti
1087 3261 1273 3321 infusa
1297 3261 1636 3321 dilabantur.
1685 3256 1890 3321 eadem
1918 3270 2011 3320 est
2039 3279 2214 3321 causa

206 3349 449 3425 propter
493 3358 662 3423 quam
694 3361 727 3403 e
769 3343 1008 3404 navibus
1052 3353 1210 3405 terra
1255 3361 1370 3404 non
1415 3354 1683 3406 cernatur
1723 3361 1757 3404 e
1789 3345 2021 3404 navium
2051 3344 2217 3406 malis
