2320 3650
662 79 822 127 NA'r.
848 78 1038 127 «ms‘r.
1074 78 1209 128 1111.
1244 75 1328 129 12.
1374 66 1678 145 (24—26.)
2033 68 2158 156 ν173

161 235 303 297 Daci
348 233 627 294 Romanis
670 234 842 309 dicti,
898 232 1040 294 alias
1086 233 1418 308 Sarmatae,
1472 231 1711 293 Graecis
1763 232 2157 310 Sauromatae,

159 330 500 403 eorumque
517 317 857 378 Hamaxobii
891 327 985 377 aut
1014 316 1222 392 Aorsi,
1276 316 1418 376 alias
1449 316 1702 391 Scythae
1739 316 2070 394 degeneres
2102 327 2160 378 et

158 423 190 465 a
221 406 417 463 servis
452 403 564 462 orti
592 411 688 463 aut
716 400 1112 478 Trogodytae,
1141 418 1277 461 mox
1305 399 1474 461 Alani
1506 409 1566 459 et
1594 399 1932 461 Rhoxalani.
1987 420 2159 480 supe-

158 490 306 548 riora
356 496 552 546 autem
596 488 745 547 inter
786 484 1105 545 Danuvium
1152 494 1211 544 et
1240 483 1589 560 Hercynium
1622 483 1827 545 saltum
1864 503 2046 564 usque
2089 486 2161 546 ad

118 570 491 631 sPannonica
539 570 782 631 hiberna
835 566 1108 630 Carnunti
1162 567 1686 646 Germanorumque
1732 567 1812 628 ibi
1857 569 2179 630 confinium-

157 672 396 734 campos
445 662 505 714 et
547 653 717 732 plana
760 652 1005 729 Iazyges
1048 654 1379 728 Sarmatae,
1434 654 1644 711 montis
1690 670 1835 711 vero
1879 662 1939 714 et
1982 653 2160 713 saltus

153 740 308 818 pulsi
332 737 409 799 ab
434 738 526 797 his
547 737 696 798 Daci
725 737 797 797 ad
824 737 1143 797 Pathissum
1169 754 1410 797 amnem.
1463 736 1519 795 A
1540 735 1726 813 Maro,
1760 736 1893 797 sive
1914 738 1961 797 is
1985 736 2161 796 Duria
2175 744 2242 797 81

154 832 247 885 est
275 840 310 883 a
342 823 559 883 Suevis
590 837 892 899 regnoque
919 815 1218 881 Vanniano
1243 819 1517 886 dirimens
1539 837 1666 896 eos,
1699 837 1906 881 aversa
1927 821 2157 881 Baster-

151 908 285 968 naei
325 914 530 968 tenent
569 904 783 984 aliique
823 904 957 965 inde
995 893 1277 966 Germani.
1342 903 1607 983 Agrippa
1650 913 1843 968 totum
1876 921 2005 964 eum
2045 913 2159 964 tra-

87 1012 137 1054 ιο
154 1001 307 1064 ctum
341 989 416 1049 ah
448 988 645 1049 Histro
678 988 750 1049 ad
782 1006 1060 1049 oceanum
1092 988 1182 1048 bis
1212 988 1453 1049 deciens
1497 997 1800 1049 centenum
1829 986 1889 1048 M
1919 1006 2076 1067 pasS.
2105 990 2161 1047 in

154 1074 611 1152 longitudinem,
664 1082 928 1153 quattuor
960 1071 1019 1132 M
1047 1073 1572 1152 quadringentum
1553 1091 1613 1132 m
1656 1073 2043 1148 latitudinem,
2089 1072 2160 1133 ad

151 1160 371 1220 flumen
424 1157 671 1218 Vistlam
721 1176 754 1219 a
814 1156 1063 1218 desertis
1120 1157 1436 1218 Sarmatiae
1488 1156 1756 1236 prodidit.
1820 1157 2162 1233 Scytharum

151 1260 368 1303 nomen
389 1258 806 1322 usquequaque
831 1242 1032 1304 transit
1065 1241 1122 1300 in
1130 1231 1434 1301 Sarmatas
1463 1250 1636 1339 atque
1670 1241 2005 1302 Germanos.
2049 1257 2162 1300 nec

153 1326 284 1389 aliis
317 1327 517 1405 prisca
551 1324 651 1386 illa
697 1326 916 1408 duravit
950 1324 1268 1423 appellatio
1305 1343 1473 1404 quam
1505 1326 1601 1404 qui
1633 1327 1877 1386 extremi
1906 1326 2162 1404 gentium

86 1430 135 1472 ιι
152 1412 357 1473 harum
387 1409 572 1487 ignoti
603 1403 791 1488 prope
821 1410 1033 1469 ceteris
1063 1409 1399 1469 mortalibus
1435 1409 1670 1487 degunt.

273 1483 462 1573 (26.)
505 1493 724 1554 Verum
771 1492 843 1553 ab
886 1491 1081 1553 Histro
1128 1494 1344 1572 oppida
1385 1490 1787 1569 Cremniscos,
1828 1492 2158 1572 Aepohum,
2175 1504 2244 1559 82

153 1588 386 1640 montes
418 1562 877 1653 Macrocremni,
924 1575 1113 1638 clarus
1144 1578 1323 1637 amnis
1354 1569 1536 1655 Tyra,
1589 1577 1807 1656 oppido
1837 1594 2047 1638 nomen
2079 1580 2159 1638 in-

154 1680 388 1744 ponens
415 1661 515 1721 ubi
545 1670 715 1722 antea
746 1660 1001 1740 Ophiusa
1032 1661 1350 1723 dicebatur.
1415 1661 1481 1723 In
1509 1657 1721 1722 eodeni
1761 1662 1999 1722 insulam
2031 1680 2160 1742 spa-

153 1749 365 1808 tiosam
393 1745 653 1806 incolunt
685 1744 1062 1824 Tyragetae.
1089 1745 1260 1807 abest
1288 1764 1321 1807 a
1352 1746 1772 1807 Pseudostomo
1803 1745 1980 1806 Histri
2009 1748 2160 1808 ostio

85 1848 136 1889 20
156 1830 377 1893 CXXX
408 1831 638 1891 milibus
678 1849 966 1909 passuum.
1030 1829 1170 1895 Mox
1204 1831 1464 1892 Axiacae
1508 1832 1888 1909 cognomines
1926 1832 2158 1906 flumini,

152 1917 304 1979 ultra
328 1933 478 1996 quos
504 1914 776 1990 Crobyzi,
803 1916 1013 1976 flumen
1034 1915 1295 1992 Rhodes,
1322 1917 1479 1976 sinus
1503 1917 1797 1994 Sagarius,
1825 1925 2026 1996 portus
2054 1915 2158 1976 Or·

154 1998 356 2062 desos.
385 2008 447 2060 et
466 2017 501 2060 a
526 1998 677 2075 Tyra
701 1997 859 2060 CXX
880 1997 1109 2059 milibus
1135 2017 1405 2078 passuum
1426 2000 1637 2061 flumen
1657 2000 2052 2077 Borysthenes
2078 2001 2158 2060 la-

154 2101 381 2164 cusque
407 2093 467 2143 et
484 2102 632 2162 gens
655 2084 863 2145 eodem
888 2085 1117 2145 nomine
1145 2092 1203 2143 et
1228 2084 1501 2162 oppidum
1525 2103 1557 2144 a
1579 2085 1722 2145 inari
1743 2084 2034 2146 recedens
2054 2082 2161 2143 XV

152 2168 388 2229 milibus
431 2185 732 2251 passuum,
778 2167 1108 2247 Olbiopolis
1155 2177 1215 2228 et
1244 2167 1602 2247 Miletopolis
1647 2170 1892 2248 antiquis
1922 2169 2157 2228 nomini—

87 2253 284 2314 abus.
332 2271 534 2313 rursus
566 2253 737 2313 litore
773 2261 1000 2331 portus
1012 2252 1401 2314 Achaeorum.
1447 2253 1630 2313 insula
1661 2253 1907 2313 Achillis
1946 2252 2159 2313 tumulo
2174 2263 2245 2317 83

153 2340 285 2398 eius
311 2338 424 2396 viri
454 2336 635 2435 clara,
668 2345 728 2395 et
755 2336 827 2399 ab
861 2354 931 2396 ea
963 2324 1177 2396 CXXV
1204 2337 1434 2398 milibus
1464 2355 1733 2416 passuum
1757 2338 2057 2416 peninsula
2089 2335 2159 2396 ad
2244 2359 2251 2367 ·

152 2422 400 2485 formam
430 2421 588 2498 gladi
617 2422 676 2479 in
704 2428 1093 2480 transversum
1124 2422 1418 2500 porrecta,
1450 2424 1868 2495 exercitatione
1903 2422 2160 2482 eiusdem

155 2507 561 2583 cognominata
600 2502 854 2564 Dromos
897 2504 1235 2582 Achilleos,
1287 2507 1447 2566 cuius
1497 2505 1910 2584 longitudinem
1953 2503 2163 2566 LXXX

154 2591 371 2650 milium
406 2607 680 2668 passuum
708 2588 939 2650 tradidit
969 2588 1252 2668 Agrippa.
1302 2588 1505 2650 Totum
1536 2609 1665 2657 eum
1694 2601 1936 2651 tractum
1964 2598 2162 2651 tenent

91 2668 329 2739 soSardi
351 2673 607 2748 Scythae
640 2681 698 2732 et
732 2675 936 2733 Siraci.
999 2672 1139 2734 Inde
1173 2674 1458 2734 silvestris
1491 2676 1659 2752 regio
1692 2674 1974 2750 Hylaeum
2004 2692 2160 2734 mare

157 2775 273 2837 quo
332 2757 580 2818 adluitur
624 2758 1081 2834 cognominavit,
1126 2755 1545 2819 Enoechadloe
1591 2769 1869 2819 vocantur
1911 2757 2158 2839 incolae.

155 2842 322 2903 Ultra
353 2840 698 2924 Panticapes
729 2842 909 2901 amnis
944 2843 1040 2920 qui
1071 2840 1360 2903 Nomadas
1392 2852 1452 2903 et
1487 2843 1754 2919 Georgos
1788 2842 2159 2915 disterminat,

155 2943 297 2986 mox
346 2920 656 2986 Acesinus.
730 2925 959 3005 quidam
1003 2925 1353 3005 Panticapen
1407 2928 1701 2988 confluere
1750 2926 1893 2987 infra
1936 2924 2160 2986 Olbiam

158 3027 290 3071 cum
322 3004 688 3084 Borysthene
716 3009 963 3093 tradunt,
996 3009 1398 3088 diligentiores
1431 3009 1732 3090 Hypanim,
1767 3019 1924 3070 tanto
1956 3027 2158 3071 errore

91 3119 141 3161 35
159 3111 361 3154 eorum
388 3095 484 3171 qui
512 3084 762 3153 illumin
786 3092 967 3155 Asiae
996 3105 1162 3173 parte
1192 3094 1524 3173 prodidere.
1583 3093 1743 3155 Mare
1775 3095 1926 3155 subit
1954 3101 2243 3173 magn084

156 3195 450 3252 recessu,
459 3176 649 3237 donec
669 3177 724 3236 V
745 3177 955 3237 milium
978 3196 1249 3256 passuum
1274 3179 1579 3240 intervallo
1608 3179 1759 3240 absit
1789 3199 1821 3251 a
1843 3178 2154 3253 Maeotide,

157 3270 320 3322 vasta
354 3260 616 3330 ambiens
651 3263 834 3340 spatia
873 3262 1197 3341 multasque
1237 3264 1446 3338 gentis.
1511 3264 1667 3323 sinus
1704 3261 2026 3325 Carcinites
2055 3282 2153 3341 ap-

161 3338 429 3426 pellatur.
485 3344 725 3425 Flumen
747 3345 1003 3421 Pacyris.
1041 3346 1256 3424 oppida
1286 3345 1591 3425 Navarum,
1628 3334 1891 3414 Carcine.
1924 3366 1956 3408 a
1985 3357 2153 3431 tergo
