2320 3650
592 106 751 152 NAT.
788 54 967 151 msa.
1012 105 1132 151 vn.
1172 102 1411 156 19—25.
1448 90 1743 175 (ιε-25.)
1963 169 1972 179 1
2070 95 2146 157 17

1936 219 1942 244 l

155 262 368 322 bouem
397 269 682 320 vocatum.
742 260 971 325 solitum
1004 267 1191 319 autem
1222 258 1435 319 Punico
1467 259 1625 319 bello
1652 279 1681 319 a
1706 259 1986 336 Lilybaeo
2010 262 2152 321 Sici·

157 346 271 405 liae
320 339 711 421 promontorio
758 352 1005 404 exeunte
1057 342 1249 402 classe
1300 362 1332 401 e
1373 340 1729 419 Carthaginis
1772 356 1937 422 portu
1985 347 2152 406 etiam

158 446 449 487 numerum
494 429 719 493 navium
761 427 979 487 dicere.
1053 423 1395 485 Callicrates
1438 446 1512 486 ex
1552 427 1733 485 ebore
1777 429 2061 489 formicas·
2097 438 2156 489 et

159 512 269 571 alia
302 520 414 571 tam
445 529 621 589 parva
654 511 794 571 fecit
825 511 1084 570 animalia
1117 519 1179 569 ut
1209 519 1405 588 partes
1444 528 1642 569 eorum
1685 530 1715 569 a
1749 514 1960 571 ceteris
1996 513 2156 572 cerni

100 621 129 661 5
159 614 274 655 non
305 604 564 672 possent.
629 593 1013 670 Myrmecides
1045 591 1270 671 quidam
1298 596 1353 652 in
1390 594 1596 654 eodem
1636 612 1856 670 genere
1889 596 2158 656 inclaruit

160 679 437 758 quadriga
471 697 544 737 ex
579 679 779 738 eadem
809 679 1045 738 materia
1078 695 1243 754 quam
1272 696 1467 737 musca
1510 680 1796 755 integeret
1832 679 1936 738 alis
1983 679 2154 740 fabri·

162 771 288 823 cata
321 772 379 821 et
409 780 553 821 nave
592 781 759 839 quam
798 762 1026 841 apicula
1059 763 1244 839 pinnis
1276 753 1683 838 absconderet.

287 844 388 904 22.
438 844 568 923 (22.
576 847 605 924 )
666 846 905 906 Auditus
928 864 1094 904 unum
1122 845 1449 922 exemplum
1477 845 1650 922 habet
1673 845 1956 920 mirabile,
1985 863 2156 924 proe-
2135 854 2237 908 -86

160 931 295 990 lium
326 947 441 1007 quo
479 929 720 1004 Sybaris
763 926 954 989 deleta
995 938 1081 989 est
1117 946 1189 987 eo
1223 927 1314 988 die
1347 947 1461 1007 quo
1492 917 1718 1006 gestum
1751 938 1873 988 erat
1907 931 2155 989 auditum

88 1032 140 1072 ιο
166 1012 488 1090 Olympiae.
582 1032 709 1072 nam
770 1015 980 1074 nuncii
1033 1010 1354 1072 Cimbricae
1419 1014 1697 1073 victoriae
1760 1010 2156 1092 Castoresque

161 1096 404 1156 Romani
439 1097 536 1175 qui
565 1096 856 1156 Persicam
885 1098 1185 1156 victoriam
1220 1098 1347 1174 ipso
1379 1097 1473 1156 die
1507 1114 1621 1175 quo
1656 1098 1896 1173 contigit
1927 1098 2155 1157 nuncia·

159 1199 302 1239 vere
340 1182 496 1239 visus
529 1189 587 1238 et
619 1182 898 1239 numinum
928 1180 1092 1240 fuere
1131 1182 1455 1258 praesagia.

287 1263 387 1323 23.
431 1262 596 1343 (23.)
667 1264 943 1323 Patientia
977 1266 1277 1342 corporis,
1314 1273 1374 1322 ut
1408 1274 1496 1323 est
1528 1263 1733 1323 crebra
1765 1282 1894 1323 sors
1926 1265 2152 1324 calami·
2170 1272 2242 1326 87

161 1349 388 1422 tatium,
428 1350 717 1407 innumera
759 1348 1097 1427 documenta
1133 1349 1395 1426 peperit,
1431 1348 1807 1408 clarissimum
1844 1348 1901 1406 in
1934 1349 2159 1408 feminis

90 1448 142 1489 ιε.
161 1431 423 1492 Leaenae
459 1433 816 1506 meretricis,
862 1450 1009 1509 quae
1050 1440 1199 1491 torta
1234 1440 1354 1489 non'
1389 1430 1659 1490 indicavit
1691 1430 2057 1491 Harmodium
2102 1440 2161 1490 et

162 1516 614 1591 Aristogitonem
646 1516 1029 1589 tyrannicidas
1049 1560 1066 1590 ,
1100 1517 1156 1573 in
1187 1516 1323 1573 viris
1363 1513 1723 1590 Anaxarchi,
1761 1516 1857 1593 qui
1887 1515 2055 1574 simili
2086 1516 2158 1575 de

164 1617 339 1658 causa
374 1617 498 1657 cum
529 1608 896 1675 torqueretur
923 1617 1266 1681 praerosam
1294 1598 1558 1658 dentibus
1594 1597 1843 1676 ling-'uam
1879 1615 2162 1676 unamque

164 1700 328 1760 spem
360 1683 548 1741 indicii
578 1685 634 1741 in
671 1684 892 1757 tyranni
926 1700 993 1741 os
1027 1684 1272 1760 exspuit.

170 1785 176 1789 ·
287 1765 384 1827 24.
433 1765 598 1846 (24.)
659 1763 932 1827 Memoria
956 1768 1349 1827 necessarium
1371 1784 1631 1827 maxume
1655 1767 1809 1827 vitae
1833 1764 2045 1825 honum
2066 1766 2247 1829 cui88

88 1853 476 1930 „praecipua
510 1850 681 1909 fuerit
709 1849 843 1910 haut
875 1851 1047 1911 facile
1082 1852 1236 1912 dictu
1270 1861 1360 1910 est
1388 1861 1500 1911 tam
1531 1848 1723 1910 multis
1755 1851 1878 1913 eius
1915 1849 2158 1927 gloriam

24 1940 29 1945 ’
150 1935 407 2013 adeptis.
470 1932 655 2009 Cyrus
685 1954 792 1994 rex
827 1935 1084 1994 omnibus
1119 1936 1176 1993 in
1200 1938 1460 1995 exercitu
1492 1953 1597 1995 suo
1634 1932 1903 1994 militibus
1935 1935 2161 1993 nomina

164 2019 430 2093 reddidit,
456 2016 516 2076 L.
545 2019 743 2095 Scipio
774 2019 992 2097 populo
1019 2017 1299 2094 Roman0,
1327 2018 1536 2078 Cineas
1560 2019 1721 2093 Pyrri
1751 2019 1911 2094 regis
1935 2017 2162 2093 legatus

164 2103 387 2161 senatui
413 2110 471 2160 et
501 2103 759 2178 equestri
784 2102 971 2161 ordini
998 2101 1219 2161 Romae
1246 2111 1484 2180 postero
1510 2103 1602 2163 die
1627 2120 1795 2179 quam
1829 2100 2158 2171 advenerat.

163 2184 521 2245 Mithridates
554 2185 785 2244 duarum
819 2195 876 2244 et
907 2187 1105 2262 viginti
1134 2189 1386 2262 gentium
1414 2205 1523 2244 rex
1549 2185 1787 2244 totidem
1812 2183 2019 2261 linguis
2041 2185 2165 2241 iura

87 2292 144 2334 25
165 2269 335 2344 dixit,
369 2284 475 2346 pro
509 2271 776 2329 contione
802 2269 1055 2346 singulas
1086 2270 1208 2328 sine
1245 2271 1568 2347 interprete·
1586 2268 1836 2335 adfatus.
1896 2265 2163 2326 Charma·
2177 2275 2248 2330 89

165 2353 268 2412 das
303 2353 528 2430 quidam
564 2355 620 2411 in
646 2352 889 2413 Graecia
921 2348 1068 2430 quae
1094 2355 1221 2432 quis
1252 2355 1517 2429 exegerit
1546 2351 1835 2414 volumina
1864 2353 1922 2413 in
1957 2349 2163 2409 biblio-

162 2435 351 2495 thecis
386 2435 635 2512 legentis
681 2437 851 2497 modo
894 2439 1372 2515 repraesentavit.
1436 2455 1528 2497 ars
1565 2446 1862 2514 postremo
1909 2441 2033 2498 eius
2079 2441 2166 2498 rei

163 2519 314 2579 facta
349 2529 406 2577 et
432 2521 659 2579 inventa
686 2529 775 2583 est
806 2538 837 2578 a
868 2521 1157 2580 Simonide
1192 2522 1439 2595 melion,
1475 2530 1856 2580 consummata
1890 2543 1923 2582 a
1950 2521 2163 2582 Metro-

166 2602 310 2662 doro
344 2604 625 2680 Scepsio,
660 2613 721 2662 ut
752 2603 888 2663 nihil
924 2621 1037 2663 non
1068 2605 1270 2664 iisdem
1299 2604 1493 2663 verbis
1528 2603 1869 2665 redderetur
1897 2607 2164 2666 auditum.

86 2685 294 2748 soNec
330 2685 482 2746 aliud
523 2696 612 2746 est
659 2705 843 2764 aeque
882 2687 1091 2766 fragile
1136 2690 1192 2747 in
1230 2688 1489 2764 homine,
1531 2687 1858 2748 morborum
1894 2698 1953 2748 et
1996 2699 2252 2752 casus90

168 2770 399 2828 iniurias
429 2781 598 2850 atque
630 2773 799 2830 etiam
828 2781 1012 2830 metus
1045 2775 1235 2847 sentit,
1269 2773 1410 2831 alias
1439 2772 1841 2850 particulatim,
1875 2772 2017 2831 alias
2047 2774 2166 2832 uni-

163 2869 353 2912 versa.
424 2856 573 2914 ictus
619 2856 810 2933 lapide
858 2856 1069 2915 oblitus
1111 2865 1201 2914 est
1246 2856 1466 2915 litteras
1498 2864 1728 2916 tantum.
1797 2874 1869 2915 ex
1901 2855 2165 2934 praealto

163 2928 322 2997 tecto
354 2938 551 3016 lapsus
599 2941 792 2999 matris
837 2948 894 2998 et
925 2939 1188 3020 adfinium
1229 2942 1795 3018 propinquorumque
1834 2940 1988 3017 cepit
2019 2938 2165 2998 obli-

161 3022 414 3097 vionem,
448 3022 595 3082 alius
619 3034 893 3100 aegrotus
917 3042 1217 3083 servorum
1243 3026 1431 3099 etiam,
1464 3026 1554 3083 sui
1577 3041 1719 3082 vero
1744 3025 1985 3082 nominis
2017 3022 2166 3082 Mes-

85 3132 144 3173 35
167 3106 290 3164 sala
315 3104 599 3167 Corvinus
632 3118 845 3167 orator.
905 3110 1098 3186 itaque
1133 3125 1311 3185 saepe
1342 3102 1597 3167 deiicere
1628 3108 1864 3185 temptat
1896 3125 1963 3167 ac
1992 3106 2166 3166 medi-

164 3199 313 3249 tatur
342 3190 442 3249 vel
478 3193 675 3268 quieto
714 3209 964 3270 corpore
1008 3202 1064 3252 et
1098 3192 1310 3252 valid0.
1380 3209 1580 3250 somno
1624 3209 1853 3269 quoque
1892 3200 2168 3279 serpente

164 3283 518 3352 amputatur,
554 3283 614 3333 ut
642 3278 822 3335 inanis
858 3295 1019 3336 mens
1051 3284 1292 3355 quaerat
1325 3274 1419 3333 ubi
1452 3277 1524 3334 sit
1551 3275 1686 3333 loci.
1740 3292 1745 3298 ·

176 3376 179 3377 ⁷
286 3355 386 3416 25.
431 3356 598 3437 (25.)
664 3358 851 3418 Animi
890 3363 1093 3437 vigore
1139 3359 1686 3447 praestantissimum
1718 3359 1963 3420 arbitror
2004 3357 2165 3436 geni·-
2182 3364 2250 3418 91

249 3447 810 3502 P11NNAT.n1sT.II.
1804 3443 1842 3500 2

934 3540 941 3543 *
2185 3544 2311 3588 Δ
