2320 3650
131 63 246 125 108
812 124 820 131 ,
869 74 928 123 c,
963 76 1154 124 PLINI
1188 75 1490 124 SECUNDI

43 276 47 285 ,
127 228 276 289 enim
323 244 587 304 umquam
628 228 1020 288 intremiscunt
1061 237 1255 311 terrae
1293 228 1402 288 nisi
1439 228 1799 305 sopito‘mari
1833 229 2121 310 caeloque

126 312 275 371 adeo
307 313 612 389 tranquillo
645 321 704 370 ut
733 312 958 372 volatus
983 313 1170 371 avium
1200 329 1313 372 non
1339 312 1627 389 pendeant
1650 312 1943 372 subtracto
1970 314 2121 372 omni

127 395 328 471 spiritu
360 396 457 472 qui
491 395 682 470 vehit,
715 413 827 454 nec
862 413 1123 473 umquam
1155 396 1264 453 nisi
1299 403 1434 472 post
1467 405 1705 474 ventos,
1742 397 1973 455 condito
2006 399 2119 456 sci-

128 477 266 537 licet
297 478 352 537 in
385 496 566 539 venas
603 487 661 538 et
697 496 838 538 cava
871 481 995 538 eius
1033 478 1263 538 occulta
1299 478 1455 537 flatu.
1516 471 1726 557 Neque
1758 479 1911 539 aliud
1943 489 2032 540 est
2062 483 2120 539 in

127 570 281 620 terra
315 570 532 621 tremor
562 580 731 640 quam
763 563 817 620 in
847 560 999 621 nube
1031 563 1372 635 tonitruum,
1408 579 1520 621 nec
1551 561 1736 620 hiatus
1768 563 2119 642 aliussquam
2140 586 2166 624 5

129 662 253 703 cum
286 644 503 716 fulmen
535 647 780 724 erumpit
820 645 1045 705 incluso
1077 646 1283 724 spiritu
1314 645 1566 705 luctante
1603 654 1661 705 et
1690 646 1763 705 ad
1794 646 2120 707 libertatem

126 728 288 787 exire
322 730 560 788 nitente.
938 775 939 781 κ
1744 769 1758 781 ι

42 818 144 872 193
259 809 358 872 80.
383 811 547 890 (82.)
567 812 742 871 Varie
760 812 951 889 itaque
972 811 1241 890 quatitur,
1258 819 1317 870 et
1333 811 1473 870 mira
1500 811 1742 871 eduntur
1761 829 1961 889 opera,
1984 813 2121 873 alibi

127 897 430 971 prostratis
455 894 777 970 moenibus,
811 894 945 977 alibi
968 895 1123 954 hiatu
1158 895 1446 973 profundo
1471 894 1708 970 haustiS,
1743 895 1877 955 alibi
1900 897 2120 972 egestis

113 977 404 1056 molibus,
456 978 591 1037 alibi
631 980 858 1038 emissis
897 978 1188 1053 amnibuS,
1235 995 1653 1056 nonnumquam
1688 980 1858 1038 etiam
1891 979 2119 1055 ignibus
2141 999 2191 1041 ιο

128 1061 404 1120 calidisve
448 1061 737 1137 fontibus,
785 1061 959 1122 aliubi
993 1078 1203 1122 averso
1242 1062 1527 1121 fluminum
1561 1080 1748 1121 cursu.
1815 1061 2123 1123 Praecedit

125 1160 269 1202 vero
299 1146 717 1222 comitaturque
739 1146 1015 1205 terribilis
1038 1162 1237 1221 sonus,
1264 1144 1405 1205 alias
1431 1146 1695 1203 murmuri
1720 1146 1939 1219 similiS,
1978 1145 2121 1206 alias

126 1227 431 1303 mugitibus
464 1240 556 1286 aut
592 1230 827 1290 clamori
861 1230 1102 1288 humano
1127 1245 1487 1294 armorumve
1513 1228 1852 1306 pulsantium
1876 1224 2129 1305 fragori,‘

128 1326 232 1387 pro
270 1311 542 1389 qualitate
586 1310 861 1401 mwae
899 1313 1243 1390 excipientis
1272 1312 1573 1390 formaque
1616 1312 1713 1372 vel
1747 1330 2119 1372 cavernarum

126 1393 222 1452 vel
257 1395 516 1454 cuniculi
564 1415 670 1475 per
709 1393 879 1473 ‘quem
926 1405 1108 1470 meet,
1139 1396 1369 1455 -exilius
1413 1404 1713 1471 grassante
1761 1396 1817 1453 in
1849 1405 2115 1472 angusto,
2139 1419 2189 1458 ιε

128 1477 334 1536 eodem
382 1496 558 1538 rauco
607 1483 678 1537 in·
704 1481 998 1555 recurvis,
1042 1480 1358 1539 resultante
1404 1480 1460 1536 in
1508 1478 1697 1554 duris,
1745 1479 2030 1538 fremente
2062 1480 2119 1538 in

128 1561 363 1636 umidis,
418 1561 726 1622 fluctuante
772 1564 838 1621 in,
873 1562 1298 1638 stagnantibus,
1350 1562 1614 1621 fervente
1662 1570 1862 1622 contra
1909 1562 2158 1622 solida.·

46 1651 148 1705 194
170 1643 368 1721 Itaque
402 1654 460 1703 et
497 1647 621 1704 sine
655 1655 809 1705 motu
841 1664 1020 1723 saepe
1053 1646 1241 1705 editur
1274 1662 1467 1704 sonus.
1520 1662 1633 1704 nec
1666 1645 1910 1723 simplici
1942 1646 2117 1705 modo

129 1728 405 1804 quatitur,
462 1729 566 1788 sed
612 1731 801 1788 tremit
844 1728 1169 1807 vibratque.
1235 1727 1433 1787 Hiatus
1480 1745 1623 1787 vero
1669 1729 1811 1789 alias
1859 1737 2119 1788 remanet

128 1811 440 1870 ostendens
478 1830 625 1890 quae
662 1812 900 1888 sorbuit,
935 1812 1078 1873 alias
1111 1812 1364 1872 occultat
1399 1830 1501 1872 ore
1540 1829 1861 1892 conpresso
1892 1832 2114 1873 rursus·
2132 1830 2187 1873 20

128 1911 241 1971 que
273 1896 350 1955 ita
394 1896 625 1955 inducto
671 1897 799 1956 solo
830 1906 892 1955 ut
943 1896 1097 1955 nulla
1127 1898 1375 1973 vestigia
1412 1906 1676 1971 exstent,
1722 1896 1959 1955 urbibus
1991 1896 2115 1975 ple-

126 1994 364 2055 rumque
399 1979 691 2039 devoratis
722 1997 1103 2057 agrorumque
1136 1988 1322 2039 tractu
1352 1979 1575 2040 hausto.
1626 1978 1903 2039 Maritima
1929 1990 2117 2039 autem

127 2068 387 2120 maxume
420 2064 772 2139 quatiuntur,
825 2082 935 2125 nec
975 2074 1276 2123 montuosa
1319 2064 1417 2123 tali
1459 2063 1609 2122 malo
1643 2073 1858 2123 carent.
1910 2062 2114 2141 explo-

46 2150 146 2203 195
171 2154 349 2203 ratum
383 2146 517 2204 mihi
549 2155 638 2205 est
661 2146 829 2225 Alpis
851 2146 1370 2226 Appenninumque
1402 2149 1634 2224 saepius
1664 2148 1989 2206 tremuisse.
2043 2146 2118 2204 Et

130 2236 392 2287 autumno
438 2247 506 2288 ac
553 2249 696 2290 vere
736 2240 929 2291 terrae
977 2231 1241 2290 crebrius
1280 2239 1614 2305 moventur,
1671 2232 1817 2290 sicut
1859 2230 2185 2289 fulmina.25

131 2311 263 2369 ideo
299 2310 519 2372 Galliae
567 2322 625 2373 et
670 2314 976 2393 Aegyptus
1019 2315 1264 2374 minume
1308 2314 1663 2390 quatiuntur,
1716 2315 1979 2392 quoniam
2021 2312 2117 2373 hic

129 2397 364 2454 aestatis
401 2414 573 2455 causa
604 2397 823 2474 obstat,
870 2399 988 2458 illic
1018 2398 1240 2476 hiemis.
1302 2398 1436 2456 item
1480 2406 1651 2456 noctu
1683 2399 1915 2474 saepius
1946 2414 2118 2474 quam

130 2478 394 2537 interdiu.
451 2482 695 2539 maxumi
736 2490 926 2541 autem
955 2490 1143 2540 motus
1178 2482 1459 2540 exsistunt
1490 2481 1741 2541 matutini
1772 2480 2115 2557 vespertini-

131 2577 275 2637 que,
321 2562 425 2621 sed
458 2566 778 2642 propinqua
810 2565 940 2625 luce
974 2562 1199 2638 crebri,
1245 2563 1491 2623 interdiu
1537 2573 1724 2624 autem
1760 2565 1914 2623 circa
1943 2562 2115 2631 meri·

130 2645 299 2703 diem.
363 2646 497 2704 liunt
529 2656 587 2705 et
621 2648 764 2707 solis
803 2648 1087 2725 lunaeque
1134 2647 1401 2721 defectu,
1439 2649 1702 2725 quoniam
1737 2654 2187 2724 tempestatessso

129 2735 261 2787 tunc
297 2729 626 2807 sopiuntur,
669 2730 981 2809 praecipue
1020 2747 1167 2790 vero
1211 2738 1338 2790 cum
1367 2732 1625 2809 sequitur
1654 2729 1889 2810 imbrem
1921 2738 2118 2789 aestus

126 2810 414 2872 imbresve
449 2822 689 2872 aestum.

50 2902 146 2955 196
273 2894 371 2955 81.
420 2895 584 2975 (83.)
617 2894 969 2973 Navigantes
1006 2914 1238 2975 quoque
1281 2897 1532 2957 sentiunt
1574 2912 1689 2954 non
1718 2894 1887 2956 dubia
1919 2895 2115 2954 conie-

131 2985 290 3036 ctura
321 2980 442 3037 sine
473 2979 609 3039 flatu
639 2980 1051 3039 intumescente
1084 2981 1259 3040 fluctu
1291 2979 1481 3040 subito
1524 2988 1619 3039 aut
1651 2980 1941 3056 quatiente
1975 2978 2113 3037 ictu.

128 3058 436 3120 Intremunt
463 3080 607 3122 vero
641 3071 699 3122 et
731 3064 787 3121 in
817 3063 1055 3122 navibus
1088 3066 1274 3141 posita
1306 3080 1493 3142 aeque
1526 3079 1693 3141 quam
1726 3064 1782 3120 in
1812 3061 2114 3136 aediliciis,
2136 3072 2187 3113 3⁶

132 3142 472 3220 crepituque
503 3148 916 3223 praenuntiant.
976 3148 1110 3225 quin
1154 3156 1212 3207 et
1240 3148 1515 3206 volucres
1545 3162 1658 3204 non
1687 3144 1988 3223 inpavidae
2015 3162 2115 3202 'se-

130 3224 284 3285 dent.
345 3224 451 3287 Est
493 3236 550 3287 et
596 3230 651 3287 in
697 3229 864 3290 caelo
907 3232 1129 3307 signum
1163 3228 1580 3310 praeceditque
1608 3237 1765 3288 motu
1796 3229 1985 3288 futuro
2018 3234 2118 3286 aut
