2320 3650
661 203 820 251 ΝΑΤ.
857 202 1038 250 ΗιεΤ.
1072 204 1187 249 xv.
1220 199 1304 253 29
1343 199 1428 252 30.
1481 192 1783 269 (38—40.)
2059 190 2176 286 ¹301

106 340 127 363 '
180 381 213 420 e
255 360 422 436 nigro
450 358 606 417 rufis,
664 335 931 417 Notatum
957 359 1231 435 antiquiS,
1265 358 1478 417 nullum
1510 377 1695 435 genus
1727 338 1965 417 laurus
1949 377 2005 417 ιιι
2035 356 2178 418 Cor-

178 446 304 504 sica
337 443 550 516 fuisse,
585 442 738 518 quod
772 461 920 500 nunc
951 452 1134 500 satum
1165 451 1221 500 et
1251 442 1328 501 ibi
1362 444 1643 520 provenit.

307 527 471 605 (40.)
517 525 652 603 Ipsa
701 526 990 603 pacifera,
1035 535 1094 584 ut
1134 544 1302 604 quam
1334 527 1635 603 praetendi
1668 514 1843 586 etiam
1870 529 2018 586 inter
2049 545 2136 585 ar·
2167 536 2263 589 133

172 619 364 670 matos
396 609 578 668 hostis
606 610 817 686 quietis
845 611 917 668 sit
945 609 1244 680 indicium,
1285 609 1556 669 Romanis
1584 613 1901 688 praecipue
1926 611 2181 670 laetitiae

125 718 152 755 5
175 695 666 769 victoriarumque
699 695 888 767 nuntia
925 692 1148 752 additur
1179 686 1387 753 litteris
1421 702 1479 752 et
1509 694 1745 753 militum
1777 695 1997 754 lanceis
2024 695 2179 772 pilis·

173 794 325 856 que,
377 776 555 836 fascis
604 778 1007 875 imperatorum
1052 776 1311 836 decorat
1366 796 1441 836 ex
1480 778 1567 836 his
1615 780 1669 835 in
1712 781 1935 854 gremio
1978 777 2135 837 Iovis
2166 786 2263 839 134

171 863 396 939 optumi
426 863 785 938 maxumique
822 861 1156 939 deponitur,
1206 861 1474 938 quotiens
1509 862 1778 920 laetitiam
1816 880 1965 922 nova
1998 864 2178 919 victo—

167 949 261 1005 ria
293 945 508 1019 attulit,
549 943 720 1022 idque
757 962 869 1003 non
900 948 1029 1022 quia
1068 953 1353 1023 perpetuo
1387 947 1569 1016 viret,
1617 964 1727 1003 nec
1758 947 1887 1022 quia
1920 945 2179 1024 pacifera

172 1038 302 1103 est,
361 1028 748 1106 praeferenda
800 1039 1047 1106 utroque
1090 1028 1256 1103 olea,
1310 1028 1412 1088 sed
1468 1031 1598 1107 quia
1652 1031 2074 1106 spectatissima
2127 1031 2182 1086 in

98 1135 151 1174 10
171 1120 372 1172 monte
425 1112 675 1171 Parnaso
730 1113 979 1190 ideoque
1030 1115 1200 1171 etiam
1248 1122 1411 1189 grata
1452 1112 1740 1189 Apollini,
1797 1114 2051 1172 adsuetis
2108 1131 2179 1170 eo

171 1198 328 1257 dona
363 1197 620 1274 mittere,
667 1196 911 1256 oracula*
936 1197 1066 1255 inde
1100 1206 1374 1274 repetere
1405 1199 1513 1256 iam
1556 1202 1612 1254 et
1643 1196 1878 1273 regibus
1909 1197 2180 1255 Romanis

171 1288 330 1340 teste
366 1279 426 1338 L.
461 1279 668 1354 Bruto,
719 1279 984 1339 fortassis
1032 1281 1203 1339 etiam
1240 1281 1295 1338 in
1333 1289 1759 1356 argumentum,
1801 1283 2067 1357 quoniam
2105 1281 2181 1338 ibi

173 1364 503 1424 libertatem
554 1361 843 1441 publicam
887 1365 934 1422 is
976 1366 1284 1423 meruisset
1341 1363 1667 1422 lauriferam
1707 1365 1975 1423 tellurem
2025 1364 2180 1423 illam

173 1447 474 1506 osculatus
500 1465 573 1505 ex
603 1452 925 1525 respons0,
968 1457 1026 1506 et
1057 1448 1186 1544 quia
1219 1466 1383 1507 manu
1417 1456 1663 1506 satarum
1698 1459 2180 1526 receptarumque

100 1556 151 1595 15
173 1550 235 1591 ιιι
266 1531 468 1591 domos
505 1530 737 1590 fulmine
788 1531 914 1590 sola
959 1549 1072 1590 non
1113 1532 1298 1590 icitur.
1356 1531 1430 1590 ob
1475 1531 1578 1590 has
1627 1550 1829 1590 causas
1872 1532 2138 1610 equidem
2169 1543 2263 1594 135

168 1607 524 1674 crediderim
574 1614 853 1695 honorem
905 1616 957 1673 ei
1003 1615 1256 1674 habitum
1309 1617 1362 1673 in
1406 1615 1705 1692 triumphis
1762 1619 1953 1693 potius
2014 1632 2178 1692 quam
2253 1676 2256 1681 ,

175 1698 313 1774 quia
365 1696 743 1758 suffimentum
788 1699 860 1757 sit
909 1699 1104 1758 caedis
1149 1699 1426 1759 hostium
1443 1707 1501 1759 et
1547 1701 1847 1776 purgatio,
1902 1708 1961 1758 ut
2011 1701 2179 1758 tradit

172 1779 478 1844 Masurius
528 1782 793 1861 adeoque
840 1784 897 1842 in
926 1782 1184 1862 profanis
1216 1782 1415 1842 usibus
1455 1783 1636 1862 pollui
1669 1784 1885 1843 laurum
1911 1792 1967 1843 et
1993 1783 2180 1842 oleam

96 1866 264 1925 fas
300 1883 413 1923 non
449 1875 572 1941 est,
617 1877 676 1927 ut
706 1886 777 1926 ne
811 1867 1190 1946 propitiandis
1225 1868 1453 1946 quidem
1484 1867 1802 1926 numinibus
1833 1868 2073 1927 accendi
2106 1886 2181 1925 ex

95 1970 151 2011 20
171 1949 264 2008 his
297 1948 498 2008 altaria
536 1967 745 2009 araeve
783 1951 1050 2010 debeant.
1104 1950 1320 2010 Laurus
1352 1952 1581 2029 quidem
1615 1953 1919 2011 manifesto
1954 1952 2181 2011 abdicat

169 2032 326 2107 ignis
357 2034 580 2109 crepitu
606 2041 662 2091 et
698 2034 939 2111 quadam
970 2036 1388 2109 detestatione,
1434 2036 1856 2095 interaneorum
1894 2038 2063 2096 etiam
2093 2036 2175 2092 vi·
2232 2080 2240 2084 ι

170 2118 253 2175 tia
287 2123 345 2173 et
378 2132 685 2174 nervorum
715 2117 871 2193 liguo
903 2126 1229 2195 torquente.
1284 2118 1572 2178 Tiberium
1602 2121 1921 2198 principem
1947 2128 2179 2179 tonante

173 2197 348 2258 caelo
413 2201 681 2258 coronari
739 2217 809 2258 ea
861 2201 1090 2260 solitum
1145 2202 1337 2261 ferunt
1383 2212 1582 2262 contra
1634 2203 1925 2263 fulminum
1972 2212 2176 2261 metus.

171 2284 320 2342 Sunt
351 2290 408 2340 et
447 2284 600 2343 circa
632 2284 821 2344 divom
851 2285 1171 2361 Augustum
1202 2296 1410 2355 eventa
1440 2288 1563 2347 eius
1596 2287 1766 2363 digna
1797 2295 2131 2346 memoratu.
2166 2297 2263 2351 136

94 2382 152 2421 25
176 2383 425 2441 namque
471 2366 665 2427 Liviae
707 2368 1034 2443 Drusillae,
1090 2388 1238 2447 quae
1291 2379 1498 2447 postea
1542 2371 1805 2448 Augusta
1860 2371 2177 2430 matrimoni

170 2463 385 2507 nomen
413 2453 677 2528 accepit,
725 2469 852 2511 cum
883 2460 1052 2530 pacta
1085 2464 1245 2513 esset
1288 2454 1385 2520 illa
1417 2451 1689 2530 Caesari,
1736 2456 2004 2555 gallinam
2040 2472 2177 2513 con-

174 2531 367 2609 spicui
421 2533 685 2592 candoris
739 2536 964 2595 sedenti
1021 2538 1213 2615 aquila
1265 2556 1339 2597 ex
1384 2538 1500 2598 alto
1550 2538 1764 2598 abiecit
1802 2542 1858 2599 in
1901 2540 2180 2616 gremium

167 2615 487 2689 inlaesam,
530 2617 931 2697 intrepideque
962 2622 1182 2680 miranti
1215 2623 1466 2681 accessit
1497 2624 1864 2698 miraculum,
1910 2624 2175 2701 quoniam

166 2703 466 2760 tenentem
496 2708 687 2758 rostro
725 2699 980 2762 laureum
1011 2722 1222 2764 ramum
1254 2716 1514 2772 onustum
1544 2707 1663 2766 suis
1696 2705 1878 2766 bacis.
1942 2724 2178 2765 conser-

95 2803 149 2843 30
169 2784 300 2843 vari
339 2784 531 2843 alitem
589 2792 646 2842 et
709 2784 972 2845 subolem
1015 2789 1240 2847 iussere
1283 2789 1622 2869 haruspices
1678 2808 2007 2878 ramumque
2052 2808 2176 2848 eum

172 2868 295 2928 seri
339 2886 408 2927 ac
455 2869 564 2927 rite
609 2868 905 2927 custodiri.
965 2872 1118 2950 quod
1164 2872 1374 2933 factum
1419 2884 1508 2934 est
1557 2877 1610 2933 in
1654 2876 1788 2935 villa
1826 2863 2134 2935 Caesarum
2164 2881 2259 2936 137

170 2952 350 3029 fluvio
385 2951 581 3011 Tiberi
611 2954 861 3031 inposita
889 2955 1044 3014 iuxta
1075 2972 1280 3015 nonum
1307 2957 1556 3036 lapidem
1582 2958 1857 3018 Flaminia
1888 2960 2000 3034 via,
2028 2976 2176 3035 quae

64 3055 75 3082 ι
160 3034 251 3094 ob
296 3035 353 3094 id
400 3046 641 3097 vocatur
683 3036 755 3096 ad
801 3037 1080 3113 gallinas,
1135 3040 1395 3120 mireque
1447 3043 1593 3102 silva
1637 3043 1926 3121 provenit.
1990 3061 2065 3101 ex
2109 3058 2178 3100 ea

168 3119 524 3198 triumphans
561 3130 769 3200 postea
802 3119 1020 3182 Caesar
1064 3123 1283 3183 laurum
1338 3126 1394 3184 in
1434 3144 1600 3185 manu
1644 3128 1824 3186 tenuit
1881 3143 2177 3189 coronam-

94 3232 150 3273 35
173 3221 290 3281 que
338 3206 529 3281 capite
571 3206 788 3283 gessit,
845 3225 914 3266 ac
956 3208 1165 3268 deinde
1204 3209 1588 3287 imperatores
1631 3210 1919 3271 Caesares
1964 3211 2174 3270 cuncti.

169 3286 547 3388 traditusque
558 3307 682 3349 mos
716 3301 807 3351 est
835 3309 1025 3352 ramos
1056 3310 1204 3372 quos
1238 3302 1538 3354 tenuerunt
1574 3295 1835 3369 serendi,
1888 3304 1945 3354 et
1977 3296 2179 3354 durant
2261 3311 2262 3316 ¹

168 3372 355 3431 silvae
389 3365 709 3435 nominibus
739 3377 859 3435 suis
888 3377 1213 3452 discretae,
1259 3378 1528 3437 fortassis
1560 3379 1692 3438 ideo
1726 3381 1948 3439 mutatis
1981 3378 2175 3438 trium-

170 3454 455 3537 phalibus.
503 3456 680 3517 Unius
707 3460 975 3521 arborum
996 3461 1193 3523 Latina
1216 3463 1408 3540 lingua
1426 3478 1633 3520 nomen
1663 3463 1949 3542 inponitur
1972 3464 2128 3522 viris.
2161 3470 2263 3583 132
