2320 3650
65 764 68 841 ἒ
217 828 484 900 Longiore
524 846 682 901 quam
726 847 1081 903 speraveram
1124 831 1418 888 intervallo
1456 824 1603 904 quod
1646 831 1875 902 primum
1909 831 2071 887 Plinii

110 913 338 967 volumen
370 902 623 1008 sequitur
644 915 752 970 hoc
784 916 1111 983 secundum,
1148 915 1207 970 id
1241 916 1440 971 nullam
1460 916 1532 970 ob
1558 914 1721 970 aliam
1745 931 1964 972 causam
1987 922 2072 971 est

110 995 316 1065 factum,
349 997 460 1051 nisi
496 998 644 1067 quod
677 998 895 1054 interim
928 998 1208 1054 inventum
1240 1004 1325 1054 est
1359 1015 1557 1055 novum
1587 999 1752 1068 idque
1786 1000 2071 1055 maximum

108 1078 215 1133 eins
236 1080 460 1150 parandi
492 1081 857 1137 adiumentum
879 1087 934 1136 et
955 1081 1278 1138 subsidium.
1327 1082 1436 1137 Iam
1470 1082 1613 1136 enim
1635 1098 1750 1137 rem
1771 1100 1855 1139 me
1880 1083 2070 1140 confe-

65 1198 68 1223 ,
108 1162 240 1216 cisse
260 1164 542 1234 putabam,
578 1164 684 1220 iam
703 1165 926 1220 dimidia
944 1165 1065 1220 fere
1094 1182 1222 1236 pars
1247 1165 1394 1236 typis
1421 1171 1540 1221 erat
1562 1167 1840 1241 descripta
1859 1208 1876 1237 ,
1911 1183 2068 1237 quum

65 1244 554 1309 'Jincrebruitfama
578 1265 609 1304 a
632 1249 966 1320 Fredeyario
986 1247 1211 1318 Moneo,
1237 1249 1328 1319 qui
1351 1249 1759 1319 Heidelbergae
1783 1267 1924 1305 nunc
1948 1250 2062 1322 phi-

65 1270 345 1398 'lologiam
376 1331 635 1402 privatim
668 1333 865 1401 docet,
897 1332 1149 1388 inventas
1186 1349 1312 1388 esse
1348 1332 1708 1388 vetustissimi
1742 1333 1955 1389 codicis
1978 1350 2061 1388 re-

103 1413 279 1483 scripti
300 1415 567 1484 reliquias
604 1416 673 1471 ad
705 1415 1044 1470 undecimum
1065 1415 1265 1471 librum
1285 1415 1565 1471 Plinianae
1583 1414 1857 1473 Naturalis
1893 1417 2062 1471 histo-

105 1494 207 1551 riae
235 1497 593 1568 pertinenteS,
619 1505 675 1554 et
697 1499 766 1554 ad
790 1514 888 1554 eos
915 1499 1005 1570 qui
1029 1505 1333 1570 sequuntur
1353 1515 1528 1570 usque
1552 1499 1621 1554 ad
1646 1500 1887 1569 quintum
1916 1500 2066 1554 deci-

104 1595 244 1634 mum.
286 1580 407 1646 Quo
443 1584 663 1637 rumore
688 1583 758 1638 ad
789 1597 873 1637 me
897 1583 1112 1654 perlato
1138 1582 1269 1654 quid
1293 1583 1442 1638 aliud
1464 1574 1595 1638 mihi
1626 1583 1730 1638 fuit
1761 1583 2067 1638 faciendum

103 1679 245 1732 quam
264 1671 333 1734 ut·
349 1665 769 1720 intermitterem
804 1666 1082 1736 inceptum
1106 1682 1245 1737 opus
1261 1707 1278 1735 ,
1313 1682 1380 1720 ne
1418 1666 1764 1722 fraudaretur
1785 1667 1892 1722 hoc
1916 1672 2066 1721 tanto

65 1812 68 1819 ,
103 1740 435 1803 adiumento?
478 1749 661 1819 Atque
694 1766 725 1805 a
751 1748 946 1820 peritis
978 1755 1335 1820 percontatus
1365 1750 1552 1806 audivi
1583 1750 1708 1806 illas
1737 1749 1949 1806 codicis
1977 1766 2067 1804 re-

102 1832 274 1903 scripti
309 1833 577 1903 reliquias
602 1849 808 1904 paucos
838 1839 967 1905 post
997 1850 1215 1890 menses
1240 1834 1295 1889 in
1318 1835 1495 1890 lucem
1518 1834 1721 1889 editum
1736 1835 1815 1890 ‘iri
1840 1834 2070 1905 sumpti-

104 1914 188 1969 bus
208 1916 484 1974 Friderici
506 1916 765 1972 Andreae
777 1916 1032 1981 Perthe&
1061 1933 1220 1988 quem
1244 1918 1312 1973 de
1337 1918 1633 1988 Silligiano
1663 1917 1838 1976 Plinio
1864 1918 2066 1989 optime

103 2013 209 2053 esse
230 1999 479 2055 meritum
502 1999 646 2055 inter
670 2016 857 2056 omnes
882 2007 1112 2058 constat.
1159 2001 1223 2056 Id
1246 2001 1391 2056 sicut
1411 2002 1541 2056 mihi
1566 2002 1865 2056 nuntiatum
1887 2002 1962 2057 ita
1985 2002 2068 2076 fa-

101 2086 223 2136 ctum
246 2090 359 2148 est;
385 2083 489 2139 sed
513 2085 681 2140 multo
706 2084 879 2140 maior
904 2100 1061 2155 quam
1086 2091 1402 2156 putaveram
1424 2085 1552 2141 inde
1575 2084 1703 2140 mihi
1728 2086 1956 2140 obortus
1983 2090 2069 2139 est

101 2164 265 2230 labor;
298 2184 519 2222 cursum
556 2174 779 2224 coactus
816 2184 935 2223 sum
972 2184 1079 2223 non
1103 2168 1308 2224 iterare
1345 2168 1743 2237 tantummodO,
1781 2168 1881 2224 sed
1905 2168 2067 2222 aliter

97 2246 364 2305 instituere
382 2292 399 2319 ,
436 2266 598 2321 quum
621 2267 818 2307 novum
843 2267 1071 2321 eumque
1096 2251 1202 2306 fide
1222 2251 1393 2306 valde
1427 2251 1650 2319 dignum
1672 2257 1862 2306 nactus
1887 2267 2065 2305 essem
2170 2307 2177 2315 ,

100 2331 268 2388 ducem
284 2375 301 2403 ,
334 2334 437 2390 sed
459 2350 616 2405 quem
639 2350 749 2390 non
770 2342 977 2389 temere
1002 2334 1160 2405 sequi
1184 2334 1313 2389 mihi
1337 2334 1550 2389 liceret.
1571 2334 1666 2389 'Ut
1688 2336 1835 2389 enim
1852 2333 2064 2389 codicis

98 2422 320 2473 vetustas
361 2434 447 2472 me
478 2419 739 2474 monebat
767 2424 825 2473 ut
848 2418 967 2473 eius
1000 2417 1345 2489 potissimum
1367 2434 1672 2490 premerem
1693 2418 1930 2489 vestigia
1948 2458 1965 2485 ,
1988 2418 2064 2472 ita

99 2513 167 2551 me
187 2517 291 2555 non
313 2500 458 2571 fugit
479 2502 615 2557 satis
647 2502 963 2558 mendosum
987 2518 1113 2557 esse
1139 2502 1437 2573 exemplar.
1484 2501 1741 2567 Quamvis
1762 2515 1911 2572 ‘ergo
1937 2499 2063 2556 dili-

96 2584 228 2648 genti
252 2600 384 2640 usus
402 2584 598 2639 fuerim
616 2585 1112 2656 circumspectione
1135 2591 1299 2657 atque
1318 2591 1572 2642 accurata
1592 2585 2062 2653 consideratione,

97 2669 250 2721 tamen
272 2684 477 2725 vereor
492 2708 509 2737 ,
540 2685 609 2723 ne
631 2668 863 2724 hic'illic
886 2685 995 2724 non
1017 2675 1225 2724 rectam
1247 2669 1389 2725 viam
1412 2670 1605 2726 videar
1628 2669 1840 2724 iniisse.

199 2750 276 2805 De
300 2752 408 2807 boc
432 2752 629 2807 codice
663 2751 936 2823 rescripto
962 2752 1218 2823 quoniam
1242 2758 1298 2807 et
1319 2754 1488 2809 verba
1513 2752 1624 2807 feci
1653 2752 1796 2822 apud
1819 2751 2061 2822 philolo-

94 2845 184 2898 gos
202 2824 568 2905 Hamburgum
592 2851 929 2906 congressos
952 2842 1013 2891 et
1035 2835 1126 2905 egi
1162 2837 1217 2890 in
1240 2836 1661 2892 Monacensibus
1686 2834 1888 2890 nuntiis
1912 2834 2060 2887 litte-

94 2916 257 2988 rariis,
279 2919 371 2973 hic
395 2934 592 2990 ponam
614 2936 679 2975 ea
701 2924 905 2974 tantum
929 2934 1069 2989 quae
1086 2918 1376 2975 videantur
1399 2935 1627 2991 prorsus
1654 2934 1779 2974 esse
1801 2932 2060 2973 necessa·
2058 2923 2069 2944 ⁸

91 2997 195 3070 ria,
235 3008 296 3056 ut
339 3002 526 3073 quanti
571 3002 647 3059 sit
675 3002 845 3074 pretii
882 3019 1014 3057 vere
1060 3003 1242 3074 possit
1274 3001 1525 3059 iudicari
1595 3002 1663 3056 Et
1696 3000 1908 3056 invenit
1940 3016 2062 3054 eum

91 3079 331 3154 Moneus,
365 3075 434 3140 ut
458 3085 581 3157 ipse
606 3086 812 3155 refert,
844 3085 901 3141 in
926 3085 1273 3143 bibliotheca
1290 3085 1610 3142 monasterii
1645 3086 1713 3141 ad
1737 3083 1797 3141 S.
1825 3083 2059 3139 Paulum

92 3163 139 3217 in
165 3168 303 3223 valle
337 3169 632 3225 Lavantina
671 3169 1019 3239 carinthiae,
1057 3185 1165 3239 quo
1199 3165 1494 3226 translatus
1532 3175 1619 3225 est
1657 3185 1686 3223 e
1723 3168 2057 3224 monasterio

93 3246 144 3300 S·
167 3249 363 3321 Blasii,
411 3253 559 3323 quod
592 3259 678 3309 est
703 3253 756 3307 in
779 3252 919 3309 silva
945 3253 1136 3322 nigra,
1159 3252 1260 3307 sed
1287 3257 1343 3306 et
1370 3258 1738 3323 tegumentum
1762 3253 2059 3328 codicis.et

89 3328 363 3406 inscriptio
385 3341 573 3392 vetus:
606 3336 741 3394 liber
761 3338 919 3407 auqie
937 3336 1162 3391 maioris
1188 3335 1527 3393 demonstrat
1550 3353 1674 3392 eum
1694 3344 1853 3393 antea
1882 3335 2057 3391 fuisse

1575 3437 1607 3478 a
1622 3416 1650 3452 ιι
