2320 3650
215 62 334 125 142
841 87 846 92 ·
958 72 1018 121 ο.
1052 73 1244 121 pum
1278 73 1579 132 saeuum

209 231 353 289 sima
395 228 716 307 eademque
760 227 1004 288 minuma
1031 226 1388 302 Evonymos.
1447 225 1741 287 Hactenus
1770 227 1845 288 de
1876 230 2071 318 primo
2104 228 2227 292 Eu·
2317 235 2319 334 1

210 331 278 374 ro
323 330 396 371 ae
428 313 574 371 sinu.

126 406 196 461 95
282 330 431 455 plo.
469 395 637 473 (15.)
689 394 743 454 A
775 393 977 454 Locris
1023 392 1223 452 Italiae
1268 394 1431 452 frons
1472 394 1671 471 incipit
1712 393 1923 471 Magna
1964 395 2231 458 Graecia

211 478 526 557 appellata,
562 480 619 537 in
648 479 756 537 tris
783 479 940 537 sinus
972 478 1262 536 recedens
1280 477 1537 536 ‘Ausonii
1566 479 1761 554 mariS,
1794 482 2068 556 quoniam
2104 481 2233 541 Au-

210 581 387 622 sones
417 572 659 622 tenuere
695 562 879 639 primi.
941 560 1104 621 Patet
1132 559 1423 620 LXXXVI
1453 560 1511 619 M
1551 580 1744 640 pass.,
1791 572 1850 622 nt
1888 573 2098 624 auctor
2137 575 2275 629 ests

208 646 417 706 Varro.
454 646 718 724 plerique
742 643 952 706 LXXV
974 644 1032 704 Μ
1059 644 1283 703 fecere.
1332 644 1399 703 In
1424 662 1494 704 ea
1519 662 1622 704 ora
1641 644 1871 705 {lumina
1896 648 2233 725 innumera,

210 730 315 790 sed
342 739 658 790 memoratu
689 729 863 805 digna
894 747 927 789 a
961 727 1160 788 Locris
1192 729 1411 804 Sagra,
1454 737 1517 787 et
1555 730 1803 806 vestigia
1834 732 2039 808 oppidi
2072 730 2234 791 Can-

211 815 392 889 lonis,
438 812 715 888 Mystiae,
762 809 1118 871 Consilinum
1150 821 1432 887 castrum,
1468 808 1845 889 Cocintlmm,
1884 814 2049 891 quod
2082 834 2235 876 esse

208 898 602 974 longissimum
654 895 860 956 Italiae
917 896 1367 973 promontorium
1421 895 1598 973 aliqui
1654 898 2021 957 existumant.
2080 899 2235 959 dein

208 984 367 1041 sinus
399 979 723 1055 Scylaeius,
759 988 816 1038 et
847 978 1179 1055 Scylaeium
1209 978 1549 1055 Scylletium
1576 978 2056 1057 Atheniensibus,
2093 1001 2288 1045 eumn

211 1065 562 1138 conderent,
609 1064 854 1139 dictum,
898 1079 1070 1140 quem
1109 1063 1301 1138 locum
1336 1080 1655 1123 occurrens
1689 1063 2012 1124 Terinaeus
2059 1067 2234 1126 sinus

209 1147 568 1228 peninsulam
603 1146 821 1222 efficit,
864 1155 922 1206 et
967 1147 1026 1204 in
1065 1164 1136 1206 ea
1171 1156 1372 1224 portus
1419 1147 1515 1224 qui
1549 1157 1790 1207 vocatur
1827 1145 2036 1209 Castra
2066 1148 2231 1210 Han-

210 1231 447 1306 nibalis,
496 1248 773 1308 nusquam
820 1230 1153 1306 angustiore
1197 1229 1378 1289 Italia.
1423 1228 1534 1288 XX
1561 1228 1621 1288 Μ
1662 1248 1933 1308 passuum
1974 1231 2231 1294 latitudo

213 1325 319 1375 est.
374 1315 567 1391 itaque
596 1313 909 1386 Dionysius
939 1314 1122 1372 maior
1149 1314 1479 1372 intercisam
1502 1331 1593 1374 ‚eo
1625 1314 1770 1393 loco
1792 1315 2039 1374 adicere
2074 1317 2231 1377 Sici·

127 1408 195 1462 96
212 1400 325 1459 liae
356 1398 556 1458 voluit.
620 1397 837 1456 Aunes
867 1396 946 1454 ibi
990 1396 1353 1474 navigabiles
1391 1396 1703 1472 Carcines,
1749 1395 2059 1472 Crotalus,
2108 1403 2286 1462 εἷο-ιι

211 1484 407 1557 mirus,
439 1481 694 1558 ArogaS,
732 1480 1034 1557 Targines,
1069 1480 1341 1559 oppidum
1373 1482 1522 1541 intus
1551 1481 1776 1555 Petilia,
1809 1498 1980 1541 mous
2020 1480 2227 1545 Cliba-

210 1584 348 1641 nus,
393 1566 846 1645 promontorium
884 1563 1207 1640 Lacinium,
1253 1565 1414 1624 cuius
1454 1574 1589 1625 ante
1634 1582 1797 1624 oram
1839 1565 2033 1626 insula
2076 1566 2140 1627 X
2171 1566 2229 1628 l!

210 1668 369 1729 pass.
407 1668 440 1709 a
470 1659 625 1709 terra
657 1648 1021 1723 Dioscoron,
1055 1648 1241 1708 altera
1272 1646 1561 1727 Calypsus
1592 1666 1762 1732 quam
1795 1646 2089 1725 Ogygiam
2121 1669 2225 1731 ap-

211 1733 471 1812 pellasse
525 1732 811 1792 Homerus
864 1733 1265 1807 existumatur,
1321 1741 1661 1809 praeterea
1684 1729 1868 1807 Tiris,
1926 1732 2223 1810 Eranusa,

212 1815 527 1878 Meloessa.
592 1815 785 1894 Ipsum
825 1834 858 1876 a
904 1814 1167 1877 Caulone
1212 1776 1424 1877 abesse
1470 1814 1625 1875 LXX
1652 1814 1712 1876 M
1754 1833 1915 1895 pass.
1962 1818 2286 1897 prodiditzo

215 1900 266 1959 A
311 1920 356 1960 ιι
444 1918 497 1960 a.

129 1992 198 2048 97
270 1919 309 1977 g
345 1919 440 2042 lplq
477 1982 531 2044 A
561 1983 793 2043 Lacinio
841 1984 1238 2061 promontorio
1285 1983 1575 2043 secundus
1603 1982 1882 2062 Europae
1932 1984 2098 2044 sinus
2146 1987 2273 2045 in·-

215 2068 354 2145 cipit
384 2085 591 2144 magno
634 2067 845 2128 ambitu
875 2068 1063 2128 flexus
1101 2078 1159 2127 et
1190 2068 1627 2127 Acroceraunio
1659 2067 1822 2146 Epiri
1856 2068 2054 2128 finitus
2084 2088 2227 2146 pro·

214 2153 522 2227 montorio,
557 2169 589 2211 a
620 2169 734 2230 quo
762 2151 928 2212 abest
957 2151 1164 2212 LXXV
1189 2151 1248 2211 M
1276 2169 1431 2229 pass.
1488 2148 1771 2229 Oppidum
1797 2148 2006 2227 Croto,
2040 2156 2231 2213 amnis

213 2234 539 2310 NeaethuS,
586 2236 860 2314 oppidum
892 2236 1087 2296 Thurii
1129 2237 1280 2294 inter
1321 2235 1469 2295 duos
1500 2252 1696 2294 amnes
1726 2232 1984 2297 Cratbim
2019 2245 2080 2296 et
2116 2236 2288 2313 Sy-as

215 2319 428 2394 harim,
465 2318 562 2377 ubi
591 2319 695 2379 fuit
725 2319 862 2378 urbs
899 2320 1108 2380 eodem
1138 2320 1388 2378 nomine.
1443 2318 1705 2378 similiter
1739 2320 2021 2381 estsinter
2051 2320 2232 2380 Sirim

216 2412 274 2462 et
310 2402 527 2461 Acirim
558 2403 825 2463 Heraclia
856 2403 1160 2481 aliquando
1194 2403 1339 2462 Siris
1381 2403 1653 2462 vocitata.
1714 2401 1974 2461 Flumina
2013 2401 2233 2471 Talan-

214 2486 405 2561 drum,
440 2484 819 2561 Casuentum,
866 2487 1136 2565 oppidum
1168 2486 1594 2564 Metapontum,
1645 2503 1759 2563 quo
1804 2487 1975 2546 tertia
2017 2485 2233 2549 Italiae

130 2579 198 2634 98
214 2571 380 2646 regio
416 2570 619 2631 finitur.
682 2570 1091 2630 Mediterranei
1121 2571 1465 2629 Bruttiorum
1496 2569 1806 2646 Aprustani
1840 2578 2083 2648 tantum,
2116 2569 2232 2632 Ln-

216 2670 488 2713 canorum
518 2663 705 2713 autem
737 2654 1033 2727 Atinates,
1079 2654 1335 2728 Bantini,
1372 2653 1645 2728 Eburini,
1681 2652 2077 2728 Grumentini,
2116 2654 2287 2715 Pom

213 2738 444 2813 tentini,
478 2738 733 2813 Sontini,
767 2738 959 2813 Sirini,
998 2737 1314 2813 Tergilani,
1348 2737 1660 2812 Ursentini,
1689 2736 2066 2812 volcentani,
2100 2741 2232 2817 qni·

215 2821 321 2880 bus
351 2821 715 2881 Numestrani
752 2824 1072 2898 iunguntur.
1124 2821 1439 2881 Praeterea
1469 2823 1738 2881 interisse
1775 2819 2012 2881 Thebas
2038 2820 2233 2884 Lum—

213 2923 316 2965 nas
349 2903 492 2965 Cato
525 2915 728 2965 auctor
761 2915 879 2981 est,
931 2915 988 2965 et
1017 2904 1371 2966 Mardonium
1398 2904 1756 2964 Lucanorum
1796 2903 2005 2965 urbem
2028 2905 2233 2969 <sitim

216 2988 662 3067 Theopompus,
685 2990 752 3053 ,iu
781 3007 893 3067 qua
924 2988 1260 3048 Alexander
1293 2987 1570 3088 Epirotes
1598 2987 1961 3048 occubuerit.

132 3081 200 3136 99
339 3071 506 3150 (16.)
541 3071 875 3132 Conectitur
907 3072 1163 3132 secunda
1194 3075 1360 3149 regio
1392 3072 1661 3170 amplexa
1691 3071 2001 3148 Hirpinos,
2056 3070 2290 3135 Cala-s
2318 3112 2320 3121 ·

216 3152 429 3228 briam,
473 3154 772 3232 Apuliam,
821 3156 1150 3216 Salentinos
1182 3153 1324 3214 CCL
1355 3154 1415 3214 M
1456 3157 1581 3215 sinu
1616 3157 1712 3254 qui
1744 3154 2095 3216 Tarentinus
2122 3174 2231 3236 ap:

219 3235 469 3314 pellatur
498 3237 571 3296 ab
606 3240 822 3316 oppido
847 3238 1182 3299 Laconum
1166 3259 1222 3299 ιιι
1253 3257 1496 3300 recessu
1526 3240 1640 3299 boc
1671 3240 1887 3299 intumo
1912 3240 2055 3313 sito,
2074 3257 2232 3303 oon-

219 3318 430 3379 tributa
463 3336 536 3378 eo
569 3323 843 3382 maritima
879 3323 1109 3383 colonia
1141 3341 1293 3403 quae
1324 3323 1403 3383 ibi
1436 3323 1641 3386 fuerat.
1703 3322 1893 3385 Abest
1920 3283 2236 3388 cx'xxvl
