2320 3650
597 89 757 140 ΝΑΤ.
801 93 985 140 ms‘r.
1029 75 1443 145 V11.'56-60.
1495 82 1800 161 (57—60.)
2075 87 2182 145 141

144 248 393 327 santiqui
438 248 626 321 aeriS,
677 262 825 323 quae
867 256 956 306 est
1001 247 1176 307 hodie
1208 248 1260 306 in
1294 247 1512 307 Palatio
1551 249 1702 308 dono
1738 251 2055 328 principum
2089 250 2190 310 Mi-

169 350 395 391 nervae
442 331 630 390 dicata
674 332 729 389 in
789 330 1175 406 bibliotheca,
1221 349 1346 391 cum
1388 333 1761 410 inscriptione
1797 333 1929 393 tali:
1962 335 2192 396 NAT-

171 417 459 476 ΣΙΚΡΛ
470 415 658 474 ΤΗΣ
715 416 1144 476 ΑΝΕΘΕΤΟ
1214 416 1380 476 ΤΗΙ
1427 416 1657 476 ΔΙΟΣ
1714 418 2004 479 ΚΟΡΗΙ
2032 421 2192 480 ΔΕ-

169 499 508 560 ΚΑΤΑΝ
535 493 1202 569 ΑΛΕΞΙΟΔΤΝΟΝ
1239 495 1511 574 ΩΝΑΟ.

119 600 148 639 5
301 585 411 646 59.
452 583 617 661 (59.)
674 584 940 661 Sequens
973 587 1227 660 gentium
1254 579 1572 643 c‘o'nsensus
1597 585 1652 642 in
1675 584 2003 643 tonsoribus
2028 585 2155 662 fuit,
2172 598 2268 652 211

40 673 67 694 ⁴*
172 668 283 727 sed
315 667 589 728 Romanis
623 669 862 728 tardior.
927 669 983 726 in
1018 666 1245 727 ltaliam
1281 686 1359 728 ex
1399 669 1595 728 Sicilia
1630 683 1884 728 venere
1898 678 2031 745 post
2071 670 2186 729 Ro-

168 770 323 811 mam
356 753 643 812 conditam
675 769 823 810 anno
867 752 1433 836 quadringentesimo
1471 755 1946 831 quinquagesimo
1984 764 2188 830 quarto

172 835 503 896 adducente
546 836 609 895 P.
658 835 869 895 Titinio
913 828 1115 912 Mena‘,
1156 846 1220 895 ut
1265 846 1468 896 auctor
1501 846 1601 896 est
1635 837 1842 895 Varro,
1906 846 2070 896 antea
2108 839 2187 896 in-

168 922 329 980 tonsi
374 921 561 980 fuere.
628 922 843 998 primus
888 923 1134 981 omnium
1182 921 1302 980 radi
1347 921 1557 981 cotidie
1603 923 1839 980 instituit
1883 919 2189 981 Africanus

92 1016 151 1057 10
175 1022 466 1081 sequens,
503 1005 668 1064 divos
704 1005 1000 1081 Augustus
1035 1005 1235 1065 cultris
1266 1024 1501 1083 semper
1533 1023 1671 1064 usus
1705 1015 1838 1066 est„

304 1088 401 1149 60.
433 1089 601 1167 (60.)
629 1088 859 1148 Tertius
879 1106 1200 1148 consensus
1226 1090 1330 1148 fuit
1355 1093 1411 1147 in
1435 1091 1699 1149 horarum
1726 1089 2272 1154 observatione.212

158 1174 289 1231 iam
313 1172 445 1231 huic
480 1174 686 1232 rationi
710 1171 1000 1232 accedens
1037 1173 1264 1250 quando
1298 1184 1355 1232 et
1379 1191 1549 1252 aquo
1580 1174 1636 1232 in
1661 1171 1903 1233 Graecia
1928 1183 2185 1251 reperta,

173 1255 421 1316 diximus
447 1259 706 1317 secundo
729 1257 1039 1316 volumine.
1075 1257 1260 1315 serius
1292 1258 1461 1316 etiam
1497 1258 1610 1317 hoc
1634 1256 1854 1316 Romae
1888 1259 2146 1335 contigit.
2166 1277 2272 1320 ων
2317 1331 2318 1334 ¹

168 1340 482 1400 duodecim
506 1339 716 1401 tabulis
743 1350 903 1399 ortus
922 1349 1136 1399 tantum
1160 1349 1218 1399 et
1241 1358 1487 1414 occasus
1521 1342 1897 1415 nominantur,
1926 1350 2061 1418 post
2085 1342 2184 1401 ali-

98 1442 151 1481 15
178 1434 320 1502 quot
350 1441 530 1483 annos
558 1426 818 1485 adiectus
851 1434 941 1483 est
963 1433 1022 1484 et
1045 1425 1338 1501 meridies,
1364 1441 1614 1484 accenso
1642 1425 1938 1483 consulum
1964 1425 2020 1484 id
2050 1442 2184 1503 pro-

54 1516 67 1523 “
172 1510 500 1585 nuntiante,
537 1527 664 1576 cum
702 1528 733 1568 a
772 1510 927 1568 curia
963 1511 1113 1568 inter
1142 1507 1354 1569 Rostra
1392 1518 1450 1567 et
1482 1508 1904 1568 Graecostasim
1937 1526 2182 1586 prospe-

171 1594 359 1651 xisset
390 1594 596 1670 solem,
631 1611 663 1651 a
695 1594 957 1654 columna
986 1591 1211 1654 Maenia
1245 1594 1317 1653 ad
1356 1611 1653 1652 carcerem
1687 1593 1957 1652 inclinato
1992 1594 2185 1652 sidere

74 1715 96 1731 κ
173 1669 499 1755 supre‘mam
525 1678 943 1756 pronuntiavit,
980 1678 1086 1745 sed
1111 1678 1225 1737 hoc
1254 1678 1481 1736 'serenis
1503 1687 1714 1736 tantum
1740 1676 1965 1752 diebus,
1998 1695 2184 1755 usque

147 1760 244 1833 ad
278 1763 516 1839 primum
546 1760 816 1820 Punicum
846 1761 1080 1820 bellum.
1138 1762 1412 1841 princeps
1437 1760 1710 1821 Romanis
1738 1761 2012 1820 solarium
2042 1760 2145 1819 ho·
2164 1770 2270 1824 213

94 1857 152 1898 20
169 1828 459 1929 rologium
475 1848 745 1905 statuisse
770 1856 900 1906 ante
926 1847 1231 1907 duodecim
1255 1860 1435 1906 annos
1461 1865 1630 1925 quam
1648 1865 1772 1905 cum
1792 1845 1972 1920 Pyrro
1998 1845 2181 1906 hella-

170 1939 287 1988 tum
333 1940 421 1990 est
468 1931 536 1989 ad
582 1931 785 1990 aedem
818 1928 1043 2003 Quirini
1071 1930 1131 1990 L.
1168 1931 1429 2009 Papirius
1464 1930 1715 2005 Cursor,
1752 1949 1876 1989 cum
1921 1948 2049 1990 eam
2082 1928 2212 1989 de·

171 2012 393 2073 dicaret
436 2032 468 2072 a
519 2023 684 2091 patre
737 2031 841 2072 suo
878 2024 1102 2090 votam,
1153 2033 1185 2074 a
1235 2013 1416 2074 Fabio
1457 2014 1698 2074 Vestale
1734 2013 2044 2092 proditur.
2074 2014 2180 2073 sed

170 2115 362 2176 neque
417 2097 555 2157 facti
606 2098 877 2175 horologi
927 2100 1209 2158 rationem
1259 2098 1371 2158 vel
1411 2099 1688 2158 artificem
1746 2098 2028 2174 significat
2071 2116 2180 2156 nec

170 2182 321 2240 unde
354 2181 685 2241 translatum
718 2183 790 2241 sit
822 2192 915 2241 aut
946 2183 1097 2259 apud
1124 2200 1293 2259 quem
1325 2182 1599 2260 scriptum
1632 2182 1687 2241 id
1718 2180 2017 2240 invenerit.
2067 2179 2141 2239 Μ.
2162 2191 2268 2243 214

94 2274 150 2315 25
169 2264 358 2323 Varro
391 2266 628 2342 primum
665 2275 932 2325 statutum
963 2267 1019 2323 in
1059 2265 1295 2343 publico
1336 2265 1649 2324 secundum
1679 2264 1892 2323 Rostra
1927 2265 1983 2321 in
2020 2265 2177 2323 colu-

24 2346 37 2363 *
167 2366 299 2408 mna
325 2348 495 2408 tradit
526 2346 684 2408 bello
717 2349 931 2408 Punico
958 2350 1140 2427 primo
1176 2367 1207 2408 a
1231 2347 1326 2408 Μ.
1364 2348 1604 2407 Valerio
1635 2344 1884 2407 Messala
1936 2348 2178 2408 consule

172 2430 371 2491 Catina
399 2441 567 2510 capta
592 2435 649 2491 in
673 2432 890 2515 Sicilia,
918 2433 1281 2511 deportatum
1302 2433 1432 2492 inde
1459 2441 1593 2510 post
1622 2445 1769 2490 xxx
1800 2449 1979 2490 annos
2010 2451 2178 2511 quam

169 2515 240 2574 de
264 2514 565 2593 Papiriano
593 2516 903 2593 horologio
929 2517 1190 2591 traditur,
1217 2533 1364 2575 anno
1391 2515 1548 2575 urbis
1575 2520 2033 2575 CCCCLXXXXI.
2067 2535 2179 2576 nec

120 2600 567 2677 ‚congruebant
603 2600 672 2659 ad
706 2601 878 2660 horas
927 2601 1048 2659 eius
1081 2600 1286 2676 liniae,
1323 2608 1635 2678 paruerunt
1677 2609 1864 2659 tamen
1897 2603 1982 2659 eis
2017 2601 2177 2660 annis

94 2682 582 2760 soundecentum,
628 2685 816 2744 donec
862 2682 931 2758 Q.
978 2683 1227 2743 Marcius
1270 2647 1568 2764 Philippus
1604 2685 1698 2761 qui
1732 2702 1856 2742 cum
1900 2683 1961 2741 L.
1997 2683 2175 2743 Paulo

167 2766 269 2824 fuit
305 2784 516 2826 censor
561 2769 891 2845 diligentius
936 2768 1254 2828 ordinatum
1296 2770 1472 2827 iuxta'
1499 2769 1723 2849 posuit,
1762 2767 1933 2845 idque
1975 2786 2175 2826 munus

166 2851 315 2908 inter
345 2854 611 2911 censoria
645 2870 826 2929 opera
860 2852 1185 2930 gratissime
1225 2861 1524 2931 acceptum
1558 2858 1666 2911 est.
1724 2852 2022 2910 etiamnum
2052 2861 2132 2910 ta·
2156 2861 2262 2914 215

164 2950 292 2992 men
321 2934 518 2995 nubilo
544 2937 800 2996 incertae
831 2936 995 2996 fuere
1019 2937 1200 2996 horae
1221 2956 1407 3015 usque
1440 2937 1511 2996 ad
1544 2953 1880 3021 proxumum
1916 2934 2171 2994 lustrum.

165 3027 296 3077 tunc
327 3020 524 3098 Scipio
561 3019 770 3081 Nasica
809 3021 1041 3098 collega
1073 3019 1307 3081 Laenati
1343 3022 1558 3100 primus
1591 3036 1737 3098 aqua
1772 3020 1965 3079 divisit
1999 3019 2173 3078 horas

88 3108 145 3151 ³5
165 3120 347 3180 aeque
378 3104 627 3167 noctIum
661 3123 730 3164 ac
762 3105 1001 3180 dierum,
1033 3105 1209 3182 idque
1241 3105 1609 3182 horologium
1643 3102 1929 3163 subtecto
1963 3102 2175 3163 dicavit

88 3186 89 3191 ’
164 3202 305 3244 anno
336 3187 496 3257 urbis
523 3200 731 3248 Dxcv.
786 3190 997 3249 tamdiu
1033 3188 1252 3267 populo
1286 3189 1546 3248 Romano
1575 3182 1886 3248 indiscreta
1918 3188 2015 3247 lux
2046 3187 2166 3247 fuit.

161 3266 322 3329 Nunc
354 3276 718 3331 revertemur
747 3273 818 3332 ad
849 3273 1072 3351 reliqua
1110 3273 1370 3333 animalia
1401 3274 1758 3379 primumque
1789 3272 2104 3333 terrestria.

81 2578 101 2607 l
