2320 3650
112 73 198 136 28
804 84 863 132 0.
898 85 1090 131 rum
1122 82 1421 130 suenum

114 250 315 320 raptus
347 249 407 299 ut
446 195 956 318 praecipitaretur,
1010 237 1357 296 convolante
1392 236 1622 316 quidem
1652 245 1763 297 tam
1802 255 2131 299 numerosa

115 326 217 386 1113
264 324 504 383 cohorte
553 339 700 401 quae
740 331 963 412 patrem
1012 338 1140 379 eum
1180 320 1548 399 appellabat,
1598 319 1736 396 sed,
1776 331 1837 379 ut
1863 335 2134 381 necesse

118 410 320 469 eratin
351 406 568 481 subito,
602 407 764 466 tarde
796 415 853 464 et
882 405 1166 483 tamquam
1194 406 1250 462 in
1281 405 1627 481 exsequias,
1663 421 1787 464 cum
1809 406 2137 465 resistendi

117 499 666 569 sacroquesanctum
692 488 1053 569 repellendi
1036 506 1123 547 lus
1153 505 1268 546 non
1300 496 1480 562 esset,
1518 490 1740 547 virtutis
1769 485 1910 548 suae
1938 505 2134 567 opera

118 586 175 636 et
212 592 491 635 censurae
523 576 832 656 perituruS,
866 588 1044 648 aegre
1068 572 1294 631 tribuno
1321 574 1417 648 qui
1452 572 1844 631 intercederet
1877 577 2128 650 reperto
2154 588 2180 626 5

35 670 182 726 144a
216 660 406 718 limine
436 660 568 755 ipso
599 658 798 716 mortis
831 664 1160 729 revocatuS,
1195 655 1385 714 alieno
1408 654 1695 715 beneflcio
1722 664 1930 733 postea
1954 657 2128 732 vixit,

116 745 281 803 bonis
312 744 443 802 inde
477 742 647 800 etiam
679 742 1036 799 consecratis
1071 756 1104 799 a
1135 738 1397 798 damnato
1429 756 1569 814 suo,
1601 748 1885 838 tamquam
1920 757 2131 838 parum

116 837 275 888 esset
307 827 555 885 faucium
595 832 755 883 certe
790 825 1122 882 intortarum
1152 822 1539 901 expressique
1562 837 1673 899 per
1700 823 1854 881 auris
1888 824 2129 900 sangui-

116 915 203 971 nis
243 927 430 988 poena
479 916 702 967 exacta.
772 907 1040 985 equidem
1084 915 1140 965 et
1181 906 1463 965 Africani·
1491 909 1783 984 sequentis
1833 908 2129 965 Inimicum

116 997 331 1067 fuisse,
364 996 513 1052 inter
547 990 884 1049 calamitatis
912 990 1202 1066 duxerim,
1247 991 1377 1067 ipso
1412 999 1566 1049 teste
1595 989 2010 1065 MacedonicO,
2046 991 2126 1048 si·
2147 1007 2200 1051 ιο

120 1077 349 1157 quidem
395 1075 595 1134 liberis
640 1072 813 1133 dixit:
863 1076 959 1133 ite
1001 1074 1186 1150 filii,
1234 1073 1620 1132 celebrate
1668 1075 2128 1152 exsequiae,

118 1176 489 1238 numquam
523 1158 708 1216 civis
743 1160 1044 1217 maioris
1068 1158 1278 1217 funus
1303 1157 1682 1216 videbitis.
1730 1166 1788 1216 et
1813 1157 1929 1216 hoc
1961 1157 2128 1216 dice-

43 1255 134 1308 145
154 1245 251 1303 bat
274 1245 383 1301 iam
406 1242 723 1318 Baliaricis,
747 1242 1130 1318 Diadematis,
1155 1243 1266 1301 iam
1293 1240 1702 1299 Macedonicus
1726 1244 1875 1318 ipse.
1921 1255 2130 1299 verum

120 1338 179 1387 ut
213 1318 312 1386 1113
346 1326 520 1386 sola
505 1326 706 1385 lniuria
730 1336 1114 1401 aestumetur,
1148 1328 1276 1403 quis
1305 1324 1455 1383 bunc
1479 1326 1627 1383 iure
1643 1323 1878 1398 felicem
1910 1324 2130 1383 dixerit

118 1411 503 1491 periclitatum
528 1410 599 1469 ad
626 1409 958 1470 libidinem
941 1411 1173 1484 mimici,
1208 1427 1315 1468 nec
1341 1408 1598 1467 Africani
1626 1389 1851 1486 saltem,
1885 1403 2126 1502 perire?
2147 1426 2197 1465 ιε»

120 1514 266 1575 quos
302 1495 485 1553 hostis
508 1495 723 1552 vicisse
750 1487 889 1553 tanti
915 1490 1060 1553 fuit?
1087 1501 1182 1552 aut
1213 1507 1359 1571 quos
1382 1510 1495 1550 ιιοιι
1522 1492 1773 1551 honores
1803 1491 2127 1568 currusque

119 1580 217 1640 illa
240 1596 342 1638 sua
363 1579 637 1638 violentia
669 1579 896 1637 fortuna
918 1579 1224 1652 retroegit,
1249 1595 1357 1655 per
1377 1576 1620 1635 mediam
1649 1575 1850 1633 urbem
1875 1591 2128 1633 censore

118 1672 304 1723 tracto
336 1696 419 1709 —-
449 1662 658 1721 etenim
691 1662 818 1722 sola
842 1662 989 1720 haec
1017 1661 1275 1720 morandi
1306 1662 1450 1719 ratio
1485 1660 1700 1734 fuerat,
1740 1694 1825 1704 —-
1852 1667 2037 1717 tracto
2068 1657 2129 1715 in

124 1746 469 1824 Capitolium
507 1744 647 1804 illud
694 1747 749 1803 iu
797 1762 910 1824 quo
946 1745 1296 1822 triumphans
1327 1746 1463 1845 ’ipse
1511 1744 1748 1803 deorum
1793 1744 2019 1801 exuviis
2048 1757 2127 1799 ne

45 1839 139 1894 146
160 1832 420 1908 captivos
467 1829 694 1906 quidem
736 1831 822 1888 sic
864 1827 1162 1888 traxerat?
1231 1830 1409 1888 maius
1450 1828 1564 1887 boc
1609 1825 1802 1887 scelus
1831 1827 2195 1885 felicitatem

125 1921 440 1973 consecuta
478 1912 690 1971 factum
724 1923 842 1987 est,
878 1912 1203 1990 periclitato
1235 1912 1615 1974 Macedonico
1648 1911 1745 1969 vel
1787 1906 1959 1968 funus
2003 1918 2126 1967 tan-

121 2006 236 2056 tum
267 2014 335 2055 ac
366 1997 482 2055 tale
511 1996 832 2074 perdere,
815 2016 872 2055 ιιι
896 2014 1008 2075 quo
1040 2014 1073 2056 a
1100 1995 1539 2073 triumphalibus
1570 1994 1769 2054 liberis
1795 1991 2129 2072 portaretur

123 2084 179 2140 in
210 2098 412 2157 rogum
443 2079 603 2138 velut
636 2082 931 2157 exsequiis
964 2097 1194 2159 quoque
1228 2079 1599 2156 triumphans.
1667 2078 1822 2137 nulla
1868 2086 1956 2136 est
1989 2090 2126 2154 pro·

122 2165 280 2224 fecto
315 2163 498 2223 solida
529 2164 780 2224 felicitas
810 2182 976 2242 quam
1011 2163 1354 2223 contumelia
1400 2163 1515 2222 ulla
1548 2163 1702 2222 vitae
1746 2161 1990 2239 rumpit,
2024 2178 2126 2218 ne·

125 2249 253 2309 dum
284 2258 457 2308 tanta.
517 2249 669 2325 quod
707 2258 1009 2327 superest,
1043 2250 1243 2306 nescio
1273 2263 1493 2306 morum
1522 2246 1748 2323 gloriae
1772 2263 1844 2304 an
1868 2244 2194 2320 indigna-2⁶

124 2333 294 2390 tionis
337 2333 526 2391 dolori
568 2332 839 2406 accedat,
891 2334 1042 2391 inter
1085 2340 1175 2390 tot
1208 2329 1482 2390 Metellos
1516 2340 1630 2390 tam
1666 2329 2011 2388 sceleratam
2054 2324 2121 2386 G.

126 2415 303 2474 Attini
333 2415 624 2475 audaciam
657 2433 891 2493 semper
920 2415 1102 2474 fuisse
1134 2414 1388 2473 inultam.

45 2506 143 2559 147
249 2500 350 2558 45.
401 2499 567 2578 (46.)
620 2498 692 2561 In
722 2500 853 2559 divo
886 2516 1118 2576 quoque
1146 2498 1448 2574 Augusto,
1482 2514 1652 2574 quem
1684 2498 1953 2555 universa
1974 2508 2125 2554 mor-

126 2582 314 2641 talitas
361 2583 416 2641 in
457 2582 566 2641 bac
622 2600 864 2642 censura
909 2591 1234 2660 nuncupet,
1290 2582 1338 2639 si
1386 2581 1694 2657 diligenter
1736 2570 2129 2639 aestumentur

129 2676 363 2740 cuncta,
399 2682 602 2741 magna
634 2668 808 2724 sortis
839 2667 1117 2725 humanae
1149 2667 1512 2742 reperiantur
1538 2664 1856 2723 volumina:
1891 2662 2128 2740 repulsa
2148 2678 2200 2722 ao

125 2751 183 2808 in
222 2751 559 2826 magisterio
596 2751 851 2827 equitum
893 2749 1041 2827 apud
1084 2749 1425 2808 avunculum
1458 2757 1515 2806 et
1551 2756 1750 2807 contra
1791 2739 2129 2824 petitionem

129 2835 250 2892 eius
292 2833 586 2911 praelatus
629 2833 911 2910 LepiduS,
953 2834 1398 2931 proscriptionis
1433 2830 1673 2906 invidia,
1719 2830 2032 2906 collegium
2069 2829 2131 2887 in

128 2919 483 2977 triumviratu
530 2919 911 2994 pessimorum
955 2918 1192 2991 civium,
1233 2934 1344 2974 nec
1378 2932 1565 2991 aequa
1598 2914 1803 2973 saltem
1836 2914 2128 2991 portione,

51 3002 268 3061 148sed
298 3002 605 3077 praegravi
638 3000 909 3059 Antonio.
960 2999 1315 3076 Philippensi
1345 2999 1573 3076 proelio
1604 2997 1849 3057 morbidi
1877 2996 2039 3072 fuga,
2071 3003 2132 3054 et

132 3084 318 3142 triduo
352 3086 410 3142 in
440 3085 650 3161 palude
677 3085 902 3161 aegroti
934 3088 994 3142 et
1023 3085 1112 3160 (ut
1143 3084 1392 3142 fateatur
1418 3082 1680 3161 Agrippa
1708 3088 1770 3141 et
1783 3079 2128 3158 Maecenas)
2146 3092 2195 3135 ³5

132 3183 280 3242 aqua
321 3167 519 3226 subter
562 3176 747 3228 cutem
782 3168 907 3226 fusa
946 3167 1156 3243 turgidi
1169 3166 1450 3240 latebra,
1495 3163 1790 3241 naufragia
1837 3162 2033 3223 Sicula
2071 3171 2132 3221 ¹et

132 3249 243 3306 alia
287 3248 364 3306 ibi
412 3268 644 3327 quoque
689 3252 746 3309 in
795 3250 1075 3328 spelunca
1119 3249 1451 3308 occultatio.
1518 3250 1628 3308 iam
1667 3250 1727 3306 in
1768 3247 1955 3307 navali
1995 3246 2129 3323 fuga

132 3342 414 3406 urguente
453 3332 699 3391 hostium
749 3352 913 3392 manu
966 3348 1177 3411 preces
1232 3332 1537 3390 Proculeio
1589 3333 1788 3390 mortis
1843 3331 2127 3405 admotae,
