2320 3650
662 35 691 48 t

549 123 709 170 NAT.
760 122 943 170 Hls'r.
979 123 1101 170 vn.
1132 118 1374 174 48—-49.
1399 113 1714 191 -(49—-5o.)
1757 189 1763 197 ι
2054 116 2128 176 31

133 276 498 339 dedicatione
531 292 671 336 anus
715 292 822 353 pro
854 275 1131 336 miraculo
1164 276 1418 336 reducta.
1485 278 1827 338 Sammulam
1866 297 2097 359 quoque
2117 290 2221 346 159

134 370 362 421 centum
406 361 563 419 annis
615 359 831 419 vixisse
876 368 1078 422 auctor
1120 369 1210 418 est
1255 359 1536 419 Pedianus
1572 361 1878 421 Asconius.
1947 363 2132 424 Minus

134 447 311 504 miror
334 444 805 521 Stephanionem,
833 444 926 520 qui
953 444 1169 520 primus
1192 444 1662 519 togatus-saltare
1686 446 1941 522 instituit,
1969 450 2133 508 utris-

134 548 247 608 que
289 527 686 588 saecularibus
740 527 890 586 ludis
930 526 1266 602 saltavisse,
1320 537 1381 586 et
1417 528 1531 587 divi
1582 528 1827 605 Augusti
1881 541 1939 589 et
1988 549 2133 609 quos

83 641 108 679 5
138 612 409 672 Claudius
461 610 682 671 Caesar
727 611 1027 684 consulatu
1073 628 1176 669 suo
1224 620 1426 690 quarto
1467 605 1639 687 fecit,
1686 614 1912 694 quando
1958 629 2134 676 LXIII

130 713 246 755 non
277 695 533 772 amplius
554 697 682 755 anni
719 694 1067 770 interfuere,
1121 712 1457 784 quamquam
1501 705 1558 754 et
1598 705 1801 773 postea
1850 698 1941 756 diu
1970 701 2129 757 vixit

128 782 193 839 In
224 779 411 843 Tmoli
444 781 653 837 montis
685 780 980 838 cacumine
1011 778 1165 856 quod
1196 772 1405 838 vocant
1429 778 1715 857 Tempsim
1742 792 1826 840 CL
1857 784 2014 840 annis
2051 784 2132 839 vi-

132 881 273 928 vere
305 861 588 923 Mutianus
618 872 819 922 auctor
855 872 975 937 est,
1012 855 1252 936 totidem
1285 879 1463 922 annos
1489 880 1723 922 censum
1756 861 1957 924 Claudi
1991 864 2134 924 Cae-

133 949 279 1006 saris
313 964 557 1022 censura
590 946 654 1005 T.
681 946 1003 1006 Fullonium
1034 945 1481 1021 Bononiensem,
1514 947 1688 1024 idque
1722 948 1966 1008 conlatis
1999 967 2131 1008 cen-

60 1058 111 1098 10
131 1031 289 1090 sibus
326 1047 472 1129 quos
506 1040 635 1090 ante
673 1030 960 1090 detulerat
992 1032 1263 1108 vitaeque
1301 1033 1646 1107 argumentis
1696 1066 1777 1078 —
1818 1034 2026 1092 etenim
2077 1033 2131 1092 id

133 1133 306 1174 curae
346 1115 591 1192 principi
629 1123 753 1173 erat
787 1146 870 1160 -·
896 1131 1095 1172 verum
1127 1113 1407 1191 adparuit.

257 1198 356 1258 49.
407 1199 536 1275 (50.
544 1200 573 1276 )
625 1197 884 1260 Poscere
914 1198 1140 1256 videtur
1172 1197 1385 1257 locus
1368 1217 1494 1276 ipse
1526 1197 1790 1258 sideralis
1821 1200 2098 1259 scientiae
2117 1210 2220 1263 160

131 1284 492 1341 sententiam.
565 1271 862 1359 Epigeiies
896 1294 1040 1340 CXII
1073 1298 1253 1339 annos
1287 1281 1497 1359 inpleri
1526 1284 1761 1358 negavit
1791 1300 1989 1360 posse,
2025 1283 2132 1341 Be-

130 1384 300 1424 rosus
333 1365 541 1426 excedi
583 1378 790 1425 CXVII.
845 1365 1008 1423 durat
1044 1373 1102 1423 et
1134 1383 1202 1423 ea
1234 1367 1380 1424 ratio
1414 1383 1581 1444 quam
1610 1366 1888 1425 PetosirIS
1922 1385 1989 1426 ac
2019 1366 2131 1425 Ne·

60 1476 112 1515 15
136 1466 353 1527 cepsos
382 1449 736 1510 tradiderunt
774 1450 1237 1527 (tetartemorion
1272 1448 1568 1527 appellant
1599 1467 1630 1508 a
1653 1451 1819 1508 trium
1844 1452 2134 1526 signorum

130 1535 430 1612 portione)
456 1552 567 1611 qua
598 1538 776 1611 posse
804 1534 861 1591 in
884 1532 1083 1610 Italiae
1114 1542 1297 1591 tractu
1326 1545 1576 1593 CXXIIII
1601 1550 1779 1591 annos
1810 1535 1963 1593 vitae
1998 1551 2131 1593 con-

130 1619 358 1692 tingere
391 1619 649 1695 adparet.
715 1635 1008 1694 negavere
1042 1616 1124 1676 illi
1156 1633 1494 1695 quemquam
1523 1629 1613 1676 XC
1645 1618 1885 1694 partium
1922 1620 2132 1676 exorti-

129 1718 261 1758 vam
301 1718 622 1760 mensuram
654 1701 841 1779 (quod
889 1701 1213 1779 anaphoras
1248 1702 1488 1780 vocant)
1532 1701 1891 1778 transgredi,
1936 1702 2131 1761 ethas

130 1785 289 1863 ipsas
318 1785 488 1845 incidi
520 1802 767 1845 occursu
796 1784 1191 1845 maleficorum
1222 1785 1472 1846 siderum
1508 1794 1602 1846 aut
1634 1787 1803 1845 etiam
1833 1786 2007 1846 radiis
2032 1802 2131 1845 eo-

55 1887 109 1928 20
126 1888 252 1928 rum
284 1869 565 1946 solisque,
598 1868 800 1929 schola
831 1887 1030 1931 rursus
1061 1869 1377 1948 Aesculapi
1408 1878 1608 1929 secuta
1632 1886 1782 1948 quae
1811 1878 1956 1930 stata
1978 1871 2134 1928 vitae

129 1954 315 2031 spatia
347 1971 379 2012 a
412 1952 607 2012 stellis
636 1954 823 2031 accipi
860 1955 1088 2028 statuit,
1135 1948 1239 2013 sed
1275 1964 1542 2033 quantum
1573 1954 1891 2032 plurumum
1923 1953 2133 2012 tribuat

129 2039 407 2096 incertum
436 2045 545 2095 est.
588 2054 720 2096 rara
743 2047 930 2096 autem
954 2055 1090 2096 esse
1113 2039 1307 2097 dicunt
1330 2038 1591 2115 longiora
1615 2047 1896 2116 tempora,
1925 2055 2098 2116 quan·
2118 2046 2217 2101 161

133 2120 443 2211 doquidem
485 2110 786 2180 momentis
816 2122 1083 2181 horarum
1122 2121 1436 2197 insignibus
1469 2122 1637 2181 lunae
1672 2122 1912 2196 dierum,
1950 2130 2010 2179 ut
2033 2135 2135 2180 VII

135 2215 307 2282 atque
339 2206 466 2279 X'V,
514 2223 663 2282 quae
698 2214 869 2264 nocte
907 2223 976 2264 ac
1017 2205 1109 2263 die
1142 2204 1552 2280 observantur,
1601 2207 1805 2281 ingens
1838 2204 2007 2264 turba
2037 2223 2132 2262 na·

59 2311 111 2350 25
133 2298 330 2347 scatur
354 2288 587 2347 scansili
613 2306 885 2348 annorum
907 2289 1042 2364 lege
1074 2289 1336 2362 occidua,
1367 2306 1534 2366 quam
1555 2288 1913 2347 climacteras
1932 2287 2133 2366 appel·

132 2373 270 2447 lant,
305 2389 420 2430 non
450 2372 576 2431 fere
608 2375 684 2431 ita
715 2375 923 2449 genitis
954 2386 1090 2431 LIV.
1127 2390 1329 2431 annum
1362 2370 1795 2431 excedentibus».
1855 2370 2098 2430 Primum
2115 2382 2221 2435 2162

134 2473 278 2533 ergo
311 2457 490 2533 ipsius
537 2457 672 2516 artis
719 2457 1098 2516 inconstantia
1122 2455 1393 2515 declarat
1436 2473 1603 2532 quam
1644 2458 1863 2515 incerta
1898 2473 1996 2514 res
2040 2457 2131 2514 sit.
2195 2518 2210 2523 ,

133 2540 418 2600 accedunt
451 2542 846 2618 experimenta
876 2541 1259 2607 recentissimi
1289 2558 1496 2598 census
1529 2557 1698 2618 quem
1731 2540 1876 2597 intra
1910 2539 2135 2616 quadri-

134 2625 359 2682 ennium
389 2625 772 2701 imperatores
807 2622 1095 2703 Caesares
1120 2623 1466 2701 Vespasiani
1495 2632 1661 2701 pater
1696 2623 1962 2700 filiusque
2002 2641 2132 2681 cen·

55 2722 302 2766 cosores
337 2715 599 2783 egerunt.
663 2726 773 2766 nec
817 2698 945 2765 sunt
985 2709 1170 2766 omnia
1213 2708 1437 2766 vasaria
1474 2707 1834 2766 excutienda.
1912 2702 2136 2765 mediae

130 2800 343 2850 tantum
386 2793 563 2868 partis
594 2792 743 2851 inter
774 2791 1133 2868 Apenninum
1164 2790 1491 2870 Padumque
1523 2806 1804 2869 ponemus
1838 2790 2135 2867 exempla:

131 2883 357 2935 centum
379 2876 578 2951 viginti
601 2875 1036 2934 annos-Parmae
1052 2884 1172 2934 tres
1194 2875 1453 2951 edidere,
1479 2874 1717 2934 Brixelli
1733 2892 1875 2933 unus
1892 2886 2097 2948 CXXV,
2125 2882 2223 2936 163

130 2958 368 3018 Parmae
413 2959 524 3017 duo
575 2971 798 3034 CXXX,
842 2959 1178 3018 Placentiae
1225 2977 1400 3035 unuS,
1449 2958 1761 3018 Faventiae
1794 2976 1901 3017 una
1935 2957 2140 3016 mulier

136 3054 393 3118 CXXXV,
428 3041 721 3103 Bononiae
752 3042 812 3101 L.
849 3042 1154 3103 Terentius
1190 3041 1369 3102 Marci
1401 3042 1584 3119 filiuS,
1619 3042 1853 3101 Arimini
1885 3058 2028 3123 vero
2060 3041 2135 3100 Μ.

56 3140 110 3180 3⁵
135 3126 400 3204 Aponius
424 3139 600 3202 CXL,
640 3126 898 3187 Tertulla
937 3140 1247 3187 CXXXVII.
1313 3128 1466 3185 circa
1496 3126 1845 3186 Placentiam
1881 3128 1937 3185 in
1975 3126 2138 3185 colli-

132 3210 238 3269 bus
276 3209 548 3288 oppidum
583 3220 671 3270 est
700 3210 1060 3270 Veleiacium
1081 3256 1097 3286 ,
1129 3212 1184 3269 in
1221 3226 1334 3288 quo
1369 3222 1458 3270 CX
1488 3227 1667 3269 annos
1709 3228 1816 3269 sex
1851 3209 2137 3285 detulere,

133 3302 411 3370 quattuor
462 3304 738 3353 centenos
792 3296 1066 3370 vicenOS,
1119 3313 1262 3354 unus
1314 3306 1478 3369 CXL,
1536 3293 1612 3352 M.
1668 3292 1890 3352 Mucius
1938 3292 2013 3352 Μ.
2074 3292 2136 3352 F.

134 3376 366 3437 Galeria
400 3376 585 3438 Felix.
653 3397 722 3437 ac
764 3396 838 3437 ne
871 3378 1130 3457 pluribus
1174 3395 1461 3438 moremur
1505 3378 1561 3436 in
1591 3396 1656 3438 re
1695 3379 1999 3453 confessa,
2047 3379 2102 3436 in
2126 3386 2226 3439 164
