2320 3650
188 81 355 146 ΝΑΤ.
388 96 569 145 ιιιετ.
602 98 677 145 ιι.
715 94 1019 149 los—109.
1047 87 1547 166 (112—113.)111.
1576 98 1626 150 1.
1657 88 1894 168 (1—2.)
1985 88 2101 152 123

106 253 307 331 sisque
356 251 547 312 dilatis
594 252 652 311 in
682 270 817 312 suas
857 253 1054 330 partis.
1108 265 1260 316 nunc
1302 253 1451 311 enim
1499 271 1689 313 sermo
1732 254 1957 314 de'toto
1992 264 2099 313 est.

111 355 287 415 quare
323 337 415 395 sic
460 335 650 414 accipi
679 335 855 394 velim
888 344 948 395 ut
978 337 1025 394 si
1058 337 1228 396 vidua
1270 336 1420 395 fama
1453 354 1556 396 sua
1601 339 1860 413 nomina,
1913 338 2103 415 qualia

110 422 268 480 fuere
313 420 636 498 primordio
670 428 806 478 ante
842 438 939 478 res
983 419 1132 478 ullas
1173 427 1407 496 gestas,
1455 430 1984 498 nuncupentur„et
2031 424 2104 480 sit

113 504 394 583 quaedam
424 504 485 561 in
527 503 616 562 his
651 503 1082 563 nomenclatura
1118 503 1379 581 quidem,
1428 504 1535 563 sed
1569 505 1757 564 mundi
1792 523 2101 583 rerumque

51 591 369 650 saumae.
437 586 746 646 Terrarum
789 587 948 647 orbis
991 588 1293 646 universus
1339 588 1396 645 in
1441 588 1544 647 tris
1591 587 1858 647 dividitur
1902 590 2161 666 partis,3

106 670 398 749 Europam
431 670 632 729 Asiam
665 670 941 730 Africam.
1005 668 1183 747 Origo
1214 669 1286 730 ab
1319 686 1535 730 occasu
1567 671 1710 730 solis
1736 680 1795 730 et
1826 668 2103 736 Gaditano

105 756 285 830 freto,
335 772 454 833 qua
496 756 827 832 inrumpens
873 771 1128 814 oceanus
1159 754 1483 813 Atlanticus
1526 755 1582 814 in
1621 756 1797 815 maria
1832 755 2106 815 interiora

105 838 459 899 diffunditur.
520 837 667 897 Hinc
699 838 927 898 intranti
962 838 1206 897 dextera
1237 837 1438 897 Africa
1472 847 1594 913 est,
1645 838 1813 899 laeva
1843 837 2104 916 Europa,

105 922 253 982 inter
292 922 402 981 has
445 920 607 981 Asia.
661 923 885 981 termini
929 939 1125 981 amnes
1169 921 1378 981 Tanais
1419 929 1477 981 et
1516 921 1700 981 Nilus.
1764 921 2105 995 Quindecim

42 1005 161 1067 wM
187 1023 351 1084 pass.
388 1006 447 1064 in
482 1004 894 1082 longitudinem
928 1023 1069 1084 quas
1096 1005 1348 1065 ‘diximus
1392 1005 1596 1065 fauces
1640 1006 1845 1065 oceani
1883 1014 2102 1084 patent,

104 1090 363 1170 quinque
393 1087 454 1148 M
482 1089 539 1147 in
574 1089 957 1164 latitudinem,
1004 1106 1035 1148 a
1065 1090 1197 1148 vico
1230 1088 1492 1148 Mellaria
1520 1088 1831 1168 HispanIae
1868 1090 1940 1150 ad
1968 1106 2101 1168 pro·

103 1173 452 1243 montorium
493 1172 736 1232 Africae
774 1172 1013 1247 Album,
1061 1181 1299 1232 auctore
1347 1172 1625 1232 Turranio
1673 1171 1901 1234 Gracile
1946 1175 2104 1234 iuxta

105 1258 322 1335 genito.
388 1255 456 1315 Τ.
488 1255 682 1315 Livius
712 1272 781 1316 ac
812 1254 1017 1333 Nepos
1048 1253 1355 1315 Cornelius
1395 1256 1705 1315 latitudinis
1748 1257 2158 1322 tradiderunt4

104 1341 285 1400 minus
315 1338 428 1398 VII
450 1337 508 1398 M
531 1357 712 1417 pass,
745 1339 1007 1400 uh1vero
1032 1339 1372 1417 plurumum,
1404 1337 1460 1402 X
1481 1338 1556 1399 Μ.
1589 1348 1703 1401 tam
1733 1340 1962 1400 modico
1995 1358 2101 1401 ore

40 1433 217 1485 istam
247 1425 510 1484 inmensa
545 1439 859 1502 aequorum
891 1425 1131 1483 vastitas
1165 1424 1447 1502 panditur.
1502 1422 1630 1483 Nec
1660 1423 1944 1501 profunda
1975 1424 2100 1484 alti-

102 1509 238 1571 tudo
273 1507 614 1567 miraculum
641 1508 855 1567 minuit.
888 1507 1229 1586 frequentes
1254 1507 1469 1585 quippe
1495 1507 1725 1567 taeniae
1749 1507 2103 1569 candicantis

103 1592 235 1653 vadi
267 1592 500 1651 carinas
528 1592 808 1651 territant.
847 1608 959 1669 qua
989 1592 1063 1651 de
1095 1608 1271 1652 causa
1300 1591 1472 1650 limen
1503 1591 1709 1651 interni
1741 1590 1914 1650 maris
1942 1590 2103 1650 multi

103 1694 234 1736 eum
264 1674 463 1735 locum
493 1674 894 1753 appellavere.
954 1674 1256 1735 Proxumis
1291 1683 1482 1734 autem
1514 1673 1781 1735 faucibus
1815 1674 2101 1753 utrimque

105 1759 345 1839 inpositi
374 1767 601 1819 montes
637 1766 917 1819 coercent
948 1758 1230 1836 claustra,
1276 1757 1468 1834 Abyla
1503 1757 1772 1843 Africae,
1826 1755 2102 1837 Europae

41 1841 315 1924 zoCalpe‚
351 1843 616 1904 laborum
643 1841 911 1903 Herculis
939 1852 1166 1918 metae,
1222 1860 1389 1922 quam
1419 1842 1494 1902 ob
1532 1860 1760 1903 causam
1793 1843 2102 1920 indigenae

108 1928 407 1988 columnas
435 1928 561 1987 eius
585 1928 682 1988 dei
702 1935 933 2003 vocant,
963 1928 1319 2006 creduntque
1344 1927 1643 2006 perfossas
1670 1926 1909 1988 exclusa
1932 1936 2100 2043 antea

107 2010 412 2073 admisisse
442 2012 620 2071 maria
652 2019 712 2070 et
739 2030 930 2071 rerum
959 2020 1198 2071 naturae
1228 2019 1481 2070 mutasse
1511 2011 1740 2071 faciem.
2140 2022 2151 2033 ·

231 2096 428 2172 (Sect.
465 2095 552 2173 1.)
588 2094 848 2165 Primum
872 2112 1017 2172 ergo
1064 2095 1137 2155 de
1179 2094 1414 2171 Europa
1456 2094 1658 2155 altrice
1698 2093 1937 2154 victoris
1981 2108 2098 2152 om·
2125 2111 2159 2163 5

106 2180 258 2238 nium
286 2177 545 2254 gentium
573 2178 775 2256 populi
806 2178 1100 2256 longeque
1142 2187 1424 2238 terrarum
1468 2178 1883 2256 pulcherrima,
1932 2195 2100 2256 quam

44 2276 93 2317 25
111 2262 377 2360 plerique
409 2262 613 2321 merito
645 2279 759 2321 non
787 2263 1012 2321 tertiam
1035 2263 1361 2339 portionem
1383 2261 1586 2325 fecere
1612 2280 1810 2321 verum
1833 2279 2097 2340 aequam,

107 2347 165 2405 in
192 2346 337 2406 duas
371 2346 554 2424 partis
605 2345 676 2405 ab
708 2363 871 2415 amne
903 2344 1078 2406 Tanai
1118 2345 1190 2405 ad
1223 2343 1557 2405 Gaditanum
1586 2345 1795 2404 fretum
1827 2346 2098 2405 universo

109 2428 254 2490 orbe
304 2429 546 2490 diviso.
580 2427 847 2489 Oceanus
890 2446 923 2488 a
968 2446 1082 2507 quo
1128 2429 1341 2488 dictum
1387 2437 1476 2488 est
1518 2430 1706 2507 spatio
1749 2428 2099 2488 Atlanticum

107 2531 264 2574 mare
295 2513 604 2573 infundens
639 2521 698 2572 et
726 2506 893 2574 avido
925 2522 1114 2572 meatu
1146 2521 1336 2572 terras
1364 2530 1742 2590 quaecunque
1772 2513 2100 2572 venientem

109 2614 407 2676 expavere
473 2595 824 2673 demergens
879 2597 1206 2656 resistentis
1252 2612 1490 2675 quoque
1547 2595 1817 2655 flexuoso
1869 2595 2101 2654 litorum

45 2680 391 2745 &amaneu
435 2679 663 2755 lambit,
717 2680 1009 2758 Europam
1053 2680 1151 2739 vel
1194 2697 1455 2740 maxume
1498 2678 1833 2739 recessibus
1875 2679 2101 2739 crebris

110 2780 423 2839 excavata,
457 2763 611 2823 sed
594 2782 653 2822 ιιι
681 2773 948 2842 quattuor
968 2764 1321 2842 praecipuos
1354 2764 1531 2838 sinus,
1565 2779 1809 2840 quorum
1830 2763 2047 2839 primus
2068 2778 2103 2820 a

110 2844 294 2926 Calpe
312 2836 628 2925 Hispaniae
660 2851 889 2906 extumo
921 2848 1012 2925 (ιιι
1044 2848 1256 2908 dictum
1289 2847 1407 2924 est)
1441 2855 1633 2905 monte
1664 2845 1906 2922 Locros,
1938 2845 2100 2904 Brut·
2182 2890 2203 2910 Ι

107 2931 255 2993 tium
275 2948 463 3009 usque
494 2932 963 3028 promontorium,
994 2931 1253 2993 inmenso
1284 2929 1497 2991 ambitu
1527 2930 1796 2990 flectitur.

236 3013 365 3093 (2.)
399 3012 464 3072 In
492 3031 567 3073 eo
600 3016 783 3092 prima
809 3014 1081 3093 Hispania
1112 3024 1399 3075 terrarum
1431 3022 1563 3088 est,
1611 2998 1865 3073 ulterior
1900 3011 2102 3090 appel·
2118 3029 2166 3093 6
2261 3014 2265 3025 '

45 3095 224 3158 &lata
254 3097 464 3157 eadem
492 3096 747 3172 Baetica,
801 3115 938 3157 mox
971 3117 1004 3158 a
1046 3098 1158 3158 fine
1189 3097 1465 3175 Urgitano
1511 3097 1745 3156 citerior
1779 3096 2100 3174 eademque

111 3179 569 3240 Tarraconensis
600 3181 671 3242 ad
701 3181 1031 3257 Pyrenaei
1015 3200 1168 3257 iuga.
1230 3181 1534 3241 Ulterior
1518 3200 1573 3239 m
1605 3181 1745 3241 duas
1778 3199 1885 3259 per
1914 3180 2099 3258 longi-

109 3263 367 3337 tudinem
388 3265 714 3342 provincias
737 3266 1025 3340 dividitur,
1054 3265 1337 3343 siquidem
1359 3264 1630 3341 Baeticae
1658 3264 1842 3324 latere
1868 3273 2101 3345 septen·

111 3346 345 3419 tr‘mffali
373 3348 767 3427 praetenditur
798 3347 1085 3410 Lusitania
1118 3366 1284 3421 amne
1316 3348 1444 3408 Ana
1487 3347 1755 3409 discreta.
1809 3356 1968 3406 ortus
2009 3345 2102 3404 hic
