2320 3650
170 87 248 145 54
584 81 591 88 ’
856 95 914 143 c.
942 96 1153 141 PLINI
1201 94 1501 141 saeuum

80 263 147 318 61
303 250 471 329 (22.)
518 250 679 310 Haec
722 251 893 310 fidem
939 259 997 309 et
1037 250 1374 309 Democrito
1421 249 1687 308 adferunt
1734 249 1831 326 qui
1863 248 2213 309 Thoantem
2317 307 2318 312 ,

167 339 221 395 in
267 335 531 435 Arcadiax
568 331 859 395 servatum
902 354 934 395 a
966 335 1219 393 dracone
1263 342 1473 393 narrat.
1552 333 1832 391 nutrierat
1878 349 2017 391 eum
2058 352 2212 411 puer

169 420 446 480 dilectum
499 418 833 494 admodum,
882 437 1212 496 parensque
1256 419 1544 496 serpentis
1577 427 1831 475 naturam
1881 426 1943 475 et
1974 419 2210 494 mag-ni·

168 504 420 564 tudinem
450 513 713 563 metuens
751 506 806 562 in
834 504 1177 563 solitudines
1201 502 1432 578 tulerat,
1472 503 1527 559 in
1551 501 1757 579 quibus
1789 502 2209 562 circumvento

167 588 461 647 latronum’
499 589 719 647 insidiis
768 589 1079 666 agnitoque
1114 607 1267 647 voce
1324 587 1610 645 subvenit.
1644 603 1772 645 nam
1798 602 1954 661 quae
1989 586 2073 645 de
2125 589 2239 645 in-⁵

168 672 418 731 fantibus
453 672 704 731 ferarum
735 672 890 731 lacte
921 672 1169 747 nutritis,
1217 690 1342 731 cum
1378 680 1576 730 essent
1612 670 1888 748 expositi,
1934 671 2206 747 produn·

167 751 466 836 tur,⁴sicut
501 757 573 815 de
609 756 1004 816 conditoribus
1036 758 1252 815 nostris
1286 775 1318 815 a
1351 756 1511 832 lupa,
1536 753 1907 830 magnitudini
1942 754 2206 813 fatorum

169 850 418 919 accepta
452 840 593 898 ferri
624 841 867 917 aequius
902 859 1069 917 quam
1105 842 1357 899 ferarum
1402 848 1642 897 naturae
1676 836 1945 896 arbitror.

87 927 155 981 62
298 924 467 1003 (23.)
515 923 799 982 Panthera
832 929 888 981 et
924 925 1089 999 tigris
1112 924 1461 983 macularum
1492 924 1770 981 varietate
1798 938 1992 999 prope
2028 922 2200 981 solae

171 1008 486 1067 bestiarum
529 1015 899 1085 spectantur,
960 1010 1176 1067 ceteris
1222 1027 1365 1067 unus
1411 1026 1479 1066 ac
1522 1025 1660 1066 suus
1716 1007 1926 1083 cuique
1984 1008 2202 1082 generi
2215 1027 2250 1067 ιο

173 1091 341 1150 color
373 1099 496 1164 est,
565 1091 798 1150 leonum
831 1102 1041 1151 tantum
1085 1094 1140 1150 in
1177 1094 1343 1166 Syria
1376 1093 1561 1167 niger.
1625 1088 1920 1168 pantheris
1967 1092 2027 1148 in
2066 1095 2210 1150 can-'
2315 1127 2318 1204 4

172 1174 306 1233 dido
341 1175 555 1233 breves
588 1175 939 1235 macularum
971 1176 1143 1236 oculi.
1196 1176 1413 1235 Ferunt
1447 1171 1629 1235 odore
1664 1190 1859 1233 earum
1891 1175 2043 1232 mire
2082 1175 2198 1233 sol·

172 1258 380 1318 licitari
436 1259 829 1338 quadripedes
884 1270 1150 1334 cunctas,
1214 1261 1319 1319 sed
1379 1261 1583 1338 capitis
1627 1260 1899 1340 torvitate
1954 1259 2195 1317 terreri.

173 1344 548 1421 quamobrem
602 1345 894 1404 occultato
942 1362 1012 1403 eo
1054 1345 1278 1421 reliqua
1322 1343 1630 1403 dulcedine
1686 1342 1953 1401 invitatas
2001 1345 2194 1402 conri-

176 1428 353 1504 piunt.
413 1438 541 1487 sunt
574 1430 670 1504 qui
704 1429 929 1488 tradant
965 1431 1017 1486 in
1049 1446 1208 1486 armo
1247 1429 1314 1486 iis
1346 1428 1588 1485 similem
1618 1426 1788 1485 lunae
1822 1442 1958 1483 esse
1991 1444 2244 1486 maen—1⁵

88 1510 286 1570 63lam
320 1522 688 1571 crescentem
731 1514 788 1571 in
820 1511 979 1570 orbis
1025 1521 1082 1570 et
1124 1520 1421 1571 cavantem
1465 1512 1589 1588 pari
1619 1511 1814 1569 modo.
1880 1508 2054 1568 Nunc
2098 1530 2192 1570 va·

172 1596 287 1655 rias
333 1606 390 1654 et
435 1597 683 1675 pardos,
741 1613 849 1674 qua
893 1614 1079 1654 mares
1126 1605 1284 1670 sunt,
1338 1594 1633 1673 appellant
1676 1597 1732 1652 in
1780 1611 1851 1652 eo
1900 1596 2060 1653 omni
2092 1613 2190 1673 ge·

174 1697 313 1739 nere
350 1680 710 1739 creberrimo
745 1682 800 1738 in
831 1679 1030 1739 Africa
1054 1681 1359 1758 Syriaque.
1423 1679 1650 1757 quidam
1677 1677 1747 1738 ab
1772 1679 1840 1735 iis
1869 1681 2189 1755 pantheras

176 1766 430 1824 candore
460 1764 590 1822 solo
618 1763 971 1839 discernunt,
998 1782 1108 1822 nec
1140 1764 1327 1823 adhuc
1358 1743 1525 1822 asiam
1559 1762 1937 1823 differentiam
1972 1763 2184 1822 inveni.
2307 1797 2316 1855 4

90 1853 160 1906 64
309 1848 477 1926 (24.)
527 1848 1100 1907 Senatusconsultum
1145 1849 1251 1907 fuit
1291 1858 1456 1908 vetus
1501 1867 1573 1906 ne
1615 1848 1826 1907 liceret
1873 1846 2242 1907 Africanaszo

173 1932 230 1988 in
265 1930 486 1990 ltaliam
534 1931 848 1991 advehere.
916 1941 1115 1990 contra
1163 1931 1277 1991 hoc
1307 1933 1433 1991 tulit
1464 1932 1533 1991 ad
1578 1932 1852 2009 populum
1885 1928 1992 1989 Gn.
2030 1931 2187 1991 Aufi—
2315 1928 2316 1985 l

174 2015 300 2074 dius
334 2015 591 2074 tribunus
624 2015 835 2093 plebis,
871 2017 1247 2093 permisitque
1283 2018 1624 2075 circensium
1647 2017 1831 2097 gratia
1867 2016 2186 2092 inportare.

174 2100 391 2178 primus
422 2109 610 2159 autem
642 2101 892 2159 Scaurus
921 2099 1215 2159 aedilitate
1259 2119 1361 2159 sua
1394 2101 1583 2159 varias
1634 2108 1859 2157 centum
1906 2101 2184 2178 quinqua—

180 2185 338 2260 ginta
375 2185 674 2242 universas
711 2184 882 2258 misit,
918 2184 1051 2244 dein
1092 2184 1404 2262 Pompeius
1445 2182 1685 2260 Magnus
1733 2181 2184 2262 quadringentas

89 2269 413 2341 65decem,
462 2268 627 2326 divos
668 2267 965 2343 Augustus
1024 2268 1469 2347 quadringentas
1510 2269 1729 2343 viginti.
1806 2266 1975 2345 (25.)
2033 2268 2241 2330 idemzs

175 2351 247 2424 Q.
296 2351 608 2410 Tuberone
651 2350 832 2410 Fabio
869 2351 1135 2428 Maxumo
1188 2372 1341 2412 coss.
1387 2367 1480 2412 IV.
1513 2369 1694 2411 nonas
1745 2349 1924 2410 Maias
1975 2350 2180 2410 theatri

172 2433 439 2494 Marcelli
473 2435 839 2494 dedicatione
890 2438 1078 2512 tigrim
1114 2439 1342 2513 primusr
1361 2437 1611 2495 omnium
1657 2434 1877 2495 Romae
1929 2436 2180 2494 ostendit

174 2519 231 2576 in
270 2536 450 2578 cavea
486 2520 958 2594 mansuefactum,
995 2521 1158 2579 divos
1188 2538 1332 2579 vero
1373 2517 1646 2579 Claudius
1682 2519 1847 2578 simul
1889 2528 2175 2597 quattuor.

89 2612 157 2666 66
310 2601 405 2661 18.
474 2601 689 2679 Tigrim
742 2602 992 2678 Hyrcani
1048 2613 1106 2661 et
1159 2603 1281 2663 Indi
1323 2604 1545 2679 ferunt,
1601 2602 1806 2663 animal
1849 2603 2175 2661 velocitatis
2310 2594 2312 2705 1

172 2686 507 2746 tremendae
548 2696 606 2745 et
641 2704 903 2765 maxume
942 2690 1234 2763 cognitae,
1264 2689 1394 2748 dum
1439 2688 1663 2765 capitur
1722 2687 2050 2745 totus'eius
2091 2686 2235 2744 fe·3n

172 2781 286 2846 tuS,
322 2772 419 2848 qui
464 2768 1084 2848 sempersnumerosus
1115 2781 1224 2831 est.
1290 2772 1717 2837 ab'insidiante
1764 2771 1986 2848 rapitur
2029 2787 2174 2848 equo

174 2873 343 2933 quam
372 2872 635 2913 maxume
668 2856 922 2932 pernici,
975 2864 1147 2932 atque
1183 2858 1238 2914 in
1270 2857 1525 2915 recentis
1549 2853 1791 2914 subinde
1815 2853 2170 2913 transfertur.

173 2947 229 2997 at
258 2938 355 2996 ubi
386 2956 631 2997 vacuum
665 2938 857 3018 cubile
887 2941 1107 3016 reperit
1136 2939 1277 3016 feta,
1319 2939 1575 3013 maribus
1603 2940 1752 2998 enim
1784 2938 2009 2999 subolis
2045 2955 2173 2998 cura

175 3038 288 3079 non
316 3031 443 3094 est,
477 3021 661 3080 fertur
693 3040 982 3100 praeceps
1016 3023 1200 3082 odore
1244 3025 1560 3100 vestigans.
1623 3030 1825 3100 raptor
1865 3022 2170 3101 adpropin-

177 3113 385 3179 quante
419 3104 647 3164 fremitu
683 3105 861 3165 abicit
889 3124 1057 3164 unum
1086 3126 1118 3166 e
1153 3108 1376 3166 catulis·
1409 3107 1562 3167 tollit
1590 3106 1689 3166 illa
1717 3122 1913 3166 morsu
1945 3114 2003 3165 et
2037 3123 2229 3185 pon-³5

176 3184 318 3244 dere
350 3188 518 3246 etiam
555 3190 721 3248 ocior
758 3190 887 3248 acta
930 3199 1150 3249 remeat
1179 3193 1501 3269 iterumque
1536 3191 1911 3267 consequitur
1945 3208 2016 3249 ac
2045 3189 2169 3249 sub·

176 3268 343 3339 inde,
386 3268 575 3328 donec
618 3272 674 3329 in
704 3274 891 3331 navim
930 3291 1210 3349 regresso
1243 3275 1407 3334 inrita
1442 3274 1643 3333 feritas
1674 3275 1860 3348 saevit
1892 3275 1950 3332 in
1983 3274 2165 3333 litore.

91 3355 157 3410 67
310 3350 480 3427 (26.)
530 3350 804 3413 Camelos
841 3356 991 3414 inter
1021 3365 1277 3416 armenta
1307 3359 1497 3434 pascit
1539 3358 1756 3433 oriens,
1792 3375 2030 3436 quarum
2059 3348 2167 3419 ¹duo
2203 3393 2212 3402 ·

17 3498 153 3554 .-
932 3531 965 3558 s
