2320 3650
223 115 342 177 100
575 141 580 148 -
895 122 957 170 c.
999 123 1196 170 Pnnu
1240 121 1540 171 suculam

217 281 425 340 tiorem
456 294 710 356 purpura
727 319 745 351 ,
796 292 988 354 neque
1031 291 1244 354 aspero
1288 292 1484 354 neque
1528 272 1775 336 rotundo
1806 289 1913 334 ore
1945 290 2135 352 neque
2163 275 2211 333 in

220 363 466 440 angulos
511 361 834 439 prodeunte
866 368 1082 435 rostr0,
1114 358 1221 419 sed
1244 360 1331 418 sic
1359 357 1585 418 concha
1605 366 1855 436 utroque
1879 357 2069 419 latere
2092 377 2210 420 sese

221 446 562 523 colligente,
590 442 795 523 quibus
825 442 1256 503 inhaerentibus
1279 441 1511 521 plenam
1536 443 1726 506 ventis
1759 444 1994 503 stetisse
2025 461 2213 505 navem

217 538 544 610 portantem
577 539 590 564 ⁷
611 526 925 589 Periandro
984 536 1044 586 ut
1086 536 1478 587 castrareutur
1532 525 1748 587 nobilis
1790 544 2046 604 pueros,
2090 545 2210 588 con·
2256 521 2266 564 ⁴

217 615 475 692 chasque
509 630 659 691 quae
689 612 746 671 id
781 612 1173 690 praestiterint
1204 610 1356 690 apud
1387 608 1723 674 Cnidiorum
1756 609 2057 672 Venerem
2091 610 2241 673 coli-s

217 697 466 760 Trebius
507 696 691 773 Niger
731 695 1001 775 pedalem
1045 713 1181 756 esse
1213 704 1271 754 et
1294 694 1695 766 ,crassitudine
1729 697 1988 777 quinqne
2021 697 2210 773 digito·

213 798 374 858 rum,
398 783 561 852 navis
592 782 826 854 morari,
858 789 1168 857 praeterea
1199 779 1346 839 hanc
1378 797 1514 838 esse
1543 779 1658 838 vim
1692 781 1818 839 eius
1847 779 2142 852 adservati
2166 780 2213 839 in

215 867 340 928 sale
394 876 456 925 ut
497 883 695 925 aurum
732 863 890 943 quod
919 864 1204 925 deciderit
1249 864 1306 922 in
1353 863 1665 923 altissimos
1712 873 1931 941 puteos
1966 865 2212 932 admotus
2244 913 2265 956 t

218 950 499 1011 extrahat.
1537 992 1549 1004 .

130 1044 198 1099 81
350 1032 450 1095 26.
479 1031 647 1110 (42.)
684 1030 899 1091 Mutant
924 1031 1186 1092 colorem
1207 1031 1506 1100 candidum
1528 1048 1733 1100 menae
1758 1040 1817 1091 et
1843 1033 1984 1116 finnt
2006 1042 2252 1098 aestates

217 1118 527 1194 nigriores.
602 1123 779 1174 mutat
826 1125 883 1175 et
912 1115 1150 1193 phycis,
1196 1115 1424 1194 reliquo
1455 1124 1722 1192 tempore
1760 1115 2047 1193 candida,
2088 1135 2211 1186 vere

219 1201 398 1261 varia.
443 1198 648 1259 eadem
672 1201 915 1277 piscium
927 1199 1056 1259 sola
1078 1199 1329 1259 nidificat
1355 1217 1431 1260 ex
1454 1199 1589 1276 alga
1613 1208 1793 1278 atque
1816 1202 1875 1260 in
1896 1201 2037 1262 nido
2062 1202 2209 1279 parii·
2254 1239 2266 1286 ⁴

130 1294 203 1349 82
347 1283 516 1362 (43.)
563 1282 738 1344 Volat
783 1283 1060 1358 hirundo,
1127 1301 1268 1344 sane
1315 1300 1594 1361 perquam
1638 1284 1841 1343 similis
1890 1285 2117 1346 volucri
2140 1279 2209 1344 hf-

217 1367 476 1444 rundini,
507 1369 644 1426 item
691 1367 918 1426 milvos.
1002 1366 1102 1426 27.
1152 1368 1319 1430 Subit
1367 1368 1425 1425 in
1465 1384 1682 1428 summa
1723 1369 1923 1444 maria.
1947 1371 2123 1448 piscis
2149 1386 2211 1428 ex

218 1460 559 1530 argumento
605 1451 931 1530 appellatus
974 1450 1244 1526 lucerua,
1285 1451 1594 1529 linguaque
1640 1452 1817 1527 ignea
1855 1471 1966 1530 per
2002 1453 2079 1513 os
2126 1465 2255 1512 ems

218 1546 377 1597 serta
419 1535 745 1614 tranquillis
786 1534 1055 1595 noctibus
1093 1535 1341 1596 relucet.
1407 1534 1621 1595 attollit
1658 1553 1711 1594 e
1734 1538 1883 1610 mari
1925 1533 2210 1617 sesquilib-
2242 1593 2257 1628 1

219 1620 405 1681 danea
445 1620 575 1680 fere
614 1637 828 1679 cornua
859 1637 1009 1697 quae
1055 1619 1127 1679 ab
1165 1618 1255 1679 his
1296 1637 1506 1679 nomen
1548 1620 1738 1679 traxit.
1806 1624 2014 1682 rui-sus
2057 1621 2209 1682 draco

217 1705 467 1765 marinus
504 1712 707 1781 captus
742 1713 916 1782 atque
948 1703 1215 1766 inmissus
1248 1705 1306 1762 in
1335 1704 1607 1765 harenam
1637 1721 1955 1770 cavernam
1998 1705 2108 1766 sibi
2130 1722 2210 1806 ro·-

220 1797 341 1849 stro
372 1788 513 1848 mira
545 1787 848 1848 celeritate
882 1796 1143 1849 excavat.
1458 1848 1461 1859 ,

133 1880 205 1936 83
342 1871 443 1932 28..
489 1872 655 1951 (44.)
705 1871 951 1932 Piscium
1000 1873 1277 1949 sanguine
1334 1881 1536 1934 carent
1579 1870 1653 1932 de
1695 1871 1910 1950 quibus
1956 1875 2256 1945 dicemus.»

220 1964 351 2015 sunt
401 1963 593 2015 autem
633 1957 743 2015 tria
781 1974 1035 2032 genera:
1091 1957 1331 2034 primum
1381 1973 1531 2034 quae
1586 1955 1787 2017 mollia
1833 1958 2208 2039 appellantur,

218 2039 355 2100 dein
412 2048 712 2101 contecta.
742 2041 951 2101 crustis
1007 2040 1307 2117 tenuibus,
1373 2049 1669 2118 postremo
1721 2043 1893 2102 testis
1958 2041 2209 2105 conclu·

219 2123 395 2184 duris.
443 2123 641 2185 mollia
676 2133 805 2183 sunt
833 2123 1062 2202 lolligo,
1096 2127 1318 2204 saepia,
1353 2123 1606 2203 polypus
1642 2133 1702 2187 et
1738 2134 1952 2197 ,cetera
1994 2124 2208 2204 genen's

219 2210 366 2269 eius.
437 2209 527 2268 his
559 2217 731 2286 caput
760 2209 911 2267 inter
937 2209 1125 2286 pedes
1157 2218 1217 2268 et
1244 2217 1528 2286 ventrem,
1576 2208 1841 2288 pediculi.
1869 2212 2074 2271 octoni
2110 2226 2206 2269 on·

218 2292 407 2353 nibus.
467 2294 705 2371 saepiae
753 2301 811 2351 et
859 2292 1108 2370 lolligini
1148 2293 1332 2369 pedes
1375 2292 1490 2353 duo
1557 2310 1634 2355 ex
1678 2291 1768 2352 his
1813 2293 2143 2373 longissimi
2158 2300 2255 2367 ent

219 2378 417 2454 asperi
452 2376 659 2456 quibus
702 2376 773 2436 ad
821 2393 925 2436 ora
949 2377 1277 2437 admovent
1323 2376 1490 2449 cibos
1532 2387 1591 2437 et
1632 2377 1691 2435 in
1732 2375 1912 2438 fluctu
1960 2399 2030 2443 sc
2070 2375 2208 2441 vel&

220 2462 453 2521 ancoris
488 2459 801 2535 stabiliunt,
837 2469 1036 2521 cetera
1068 2461 1202 2519 cirri
1238 2460 1447 2541 quibus
1469 2470 1766 2529 venantur.

135 2551 208 2607 84
345 2542 445 2603 29.
485 2544 652 2624 (45.)
700 2542 930 2622 Lolligo
963 2545 1132 2604 etiam
1163 2545 1368 2607 volitat
1399 2555 1565 2606 extra
1594 2563 1804 2624 aquam
1830 2564 1902 2619 se
1949 2544 2207 2623 efferens,

222 2627 380 2706 quod
410 2636 468 2687 et
498 2629 829 2707 pectunculi
856 2628 1095 2705 faciunt,
1131 2631 1380 2706 sagittae
1411 2630 1605 2691 modo.
1650 2630 1998 2708 Saepiarum
2016 2628 2209 2711 generi

218 2729 409 2772 mares
451 2714 593 2771 varii
622 2721 681 2771 et
731 2713 1022 2790 nigriores
1074 2714 1552 2793 constantiaeque
1593 2715 1846 2779 maioris.
1904 2712 2266 2795 perennem

220 2795 469 2857 tridente
502 2795 749 2857 feminae
782 2797 1146 2873 auxiliantur,
1181 2807 1239 2859 at
1271 2797 1483 2875 femina
1511 2800 1631 2858 icto
1661 2796 2027 2877 mai-elugit.
2058 2794 2208 2877 ῴο

218 2890 442 2955 autem,
487 2878 587 2939 ubi
622 2897 865 2939 sensere
907 2899 974 2940 se
1009 2881 1401 2960 adprehendi,
1444 2883 1657 2945 effuso
1694 2891 2021 2947 atramento
2064 2877 2210 2965 md

222 2982 329 3042 pro
359 2964 638 3042 sanguine
667 2963 757 3025 his
795 2973 885 3025 est
915 2965 1199 3039 infuscata
1228 2984 1383 3045 aqua
1408 2966 1857 3037 absconduntur.
2108 2998 2153 3043 ς.

134 3052 230 3119 85,
346 3049 515 3127 (46.)
574 3047 928 3126 Polyporum
966 3050 1141 3111 multa
1181 3045 1455 3127 generas
1484 3053 1705 3112 terreni
1754 3053 2019 3115 maiores
2060 3064 2211 3132 ffi-

222 3129 457 3204 pelagii.
497 3149 697 3192 omnes
725 3132 1013 3195 bracchiis
1043 3143 1102 3193 ut
1124 3135 1372 3213 pedibus
1395 3153 1465 3195 ac
1488 3135 2031 3213 manibusutnnlm,
2049 3128 2249 3231 c*

221 3225 390 3284 vero,
424 3230 572 3288 quae
601 3224 689 3274 est
718 3215 943 3284 bisulca
972 3227 1031 3276 et
1066 3227 1254 3294 acuta,
1287 3220 1345 3277 in
1368 3220 1544 3279 coitu.
1581 3231 1671 3281 est
1694 3218 2204 3300 polypisfistulw

224 3288 401 3348 dorso
433 3311 544 3368 qua
586 3300 895 3359 tramittunt
931 3319 1122 3376 mare,
1165 3319 1409 3380 eamque
1455 3305 1628 3369 modo
1663 3306 1722 3367 in
1752 3304 2075 3383 ,dexteram
2098 3317 2200 3383 ff·

224 3376 360 3445 tem,
402 3375 572 3443 modo
618 3380 674 3436 in
720 3382 1005 3443 sinistram
1037 3387 1405 3449 transferunt.
1460 3398 1653 3449 natant
1684 3388 1910 3468 obliqui
1944 3390 2005 3450 in
2034 3390 2200 3467 ειμι
