2320 3650
143 107 267 170 252
451 121 644 168 Pmm
666 121 825 167 ΝΑΤ.
862 119 1043 167 msT.
1075 119 1227 166 xm.
1254 117 1352 169 25„
1376 103 1558 186 (xm.
1597 103 1875 188 49—52.)

151 276 424 353 quasdam
457 274 617 335 ferre
661 276 718 333 in
749 274 906 349 alto,
954 274 1249 351 naufragis
1292 273 1443 333 haec
1483 273 1854 352 deprehensa
1899 274 2173 334 urinanti-

63 370 170 424 138
199 361 446 438 busque.
525 357 602 418 Et
647 358 796 419 aliae
837 358 1137 418 traduntur
1176 357 1578 435 praegrandes
1630 358 1787 417 circa
1830 359 2172 434 Sicyonem,

146 446 287 504 vitis·
322 444 471 502 enim
516 445 734 521 passim
773 443 1060 518 nascitur,
1105 443 1210 501 sed
1245 443 1391 523 ficus
1423 443 1548 502 sine
1573 441 1768 518 foliis,
1824 441 2011 500 rubro
2045 461 2172 502 cor-

144 529 283 587 tice.
349 527 410 586 fit
462 536 523 587 et
566 528 755 605 palma
797 526 1063 586 fruticum
1097 527 1357 604 generis.
1416 525 1596 586 Extra
1629 525 1907 585 Herculis
1956 527 2173 586 colum·

144 605 260 671 nas'
282 613 443 691 porri
477 611 685 671 fronde
725 612 980 673 nascitur
1020 610 1213 671 frutex
1257 619 1318 670 et
1358 610 1503 670 alius
1534 611 1681 670 tauri
1713 627 1785 672 ac
1815 610 2038 686 thy-i,
2076 612 2171 690 qui
2195 632 2216 669 5

143 695 317 757 ambo
347 697 520 756 eiecti
550 697 606 754 in
636 696 923 774 pumicem
951 695 1448 772 transfigurantur.

61 790 166 845 139
317 781 485 859 (50.)
532 780 608 839 At
640 781 696 838 in
730 782 959 839 oriente
996 780 1198 838 mirum
1230 787 1319 837 est
1365 780 1553 839 statim
1586 774 1856 857 a‘Copto
1888 797 2002 857 per
2038 779 2171 840 soli·

141 865 370 924 tudites
412 864 551 923 nihil
596 864 756 941 gigni
797 871 1034 942 praeter
1073 866 1302 942 spinam
1339 881 1495 940 quae
1540 863 1745 923 sitiens
1775 873 2064 939 vocatur,
2118 874 2173 924 et

142 948 293 1008 hanc
322 966 508 1008 raram
546 947 881 1023 admodum,
914 949 973 1007 in
1002 949 1141 1006 mari
1173 966 1318 1007 vero
1352 946 1553 1007 Rubro
1580 946 1760 1006 silvas
1781 949 1982 1007 virere
2002 993 2020 1023 ,
2054 949 2169 1007 lau·

141 1051 267 1092 rum
296 1050 563 1092 maxume
597 1041 657 1091 et
687 1032 897 1092 olivam
927 1031 1168 1092 ferentis
1200 1032 1380 1092 bacas
1398 1040 1491 1107 et,
1526 1050 1655 1091 cum
1682 1031 1884 1110 pluat,
1929 1032 2231 1110 fungos,1o

142 1119 240 1196 qui
265 1117 396 1176 sole
426 1118 571 1176 tacti
597 1125 891 1176 mutum
918 1119 976 1174 in
1006 1117 1310 1194 pumicem.
1366 1115 1636 1175 fruticum
1663 1116 1929 1194 ipsorum
1952 1117 2170 1193 magui-

140 1201 280 1261 tudo
311 1210 537 1260 ternum
562 1200 882 1260 cubitorum
919 1207 1042 1276 est,
1079 1197 1147 1236 ¹⁸²*
1177 1201 1457 1260 caniculis
1495 1201 1755 1275 referta,
1793 1202 1896 1260 vix
1939 1210 2008 1260 ut
2039 1217 2171 1279 pro·

144 1288 383 1364 spicere
427 1302 461 1344 e
500 1302 650 1345 nave
691 1294 870 1344 tutum
916 1286 990 1344 sit
1038 1301 1238 1344 remos
1287 1283 1634 1363 plerumque
1679 1285 1851 1362 ipsos
1892 1285 2169 1345 invaden-

141 1369 316 1429 tibus.

61 1464 166 1517 140
286 1453 490 1534 .'(51·)
536 1451 649 1525 Qui
679 1455 1036 1530 navigavere
1065 1453 1127 1510 in
1153 1451 1328 1512 ludo-s
1359 1451 1681 1513 Alexandri
1723 1453 1979 1528 milites,
2014 1453 2227 1514 fron-15

145 1538 277 1599 dem·
318 1539 695 1597 mar-inarum
709 1537 983 1596 arborum*
1018 1536 1313 1596 tradidere
1362 1537 1421 1594 in
1471 1553 1622 1614 aqua
1663 1536 1910 1596 viridem
1961 1537 2167 1611 finisse,

145 1631 476 1700 exemptam
517 1621 646 1681 sole
690 1622 952 1699 protinus
994 1622 1053 1680 iu
1094 1621 1280 1681 salem
1322 1629 1725 1696 arescentem,
1747 1622 1990 1680 iuncos
2033 1639 2169 1701 ‹fuo-

146 1724 260 1783 que
291 1706 561 1784 lapideos
589 1722 871 1784 perquam
902 1706 1103 1766 similis
1124 1706 1284 1764 veris
1308 1722 1417 1783 per
1445 1704 1639 1780 litora,
1666 1714 1727 1763 et
1758 1706 1819 1763 in
1848 1705 1978 1764 alto
2004 1723 2168 1784 quas-

148 1792 281 1850 dam
320 1789 662 1852 arbusculas
707 1790 911 1850 colore
953 1790 1153 1850 bubuli
1198 1805 1412 1850 cornus
1451 1805 1718 1849 ramosas
1751 1798 1812 1849 et
1860 1791 2167 1850 cacumini-

143 1874 255 1934 bus
286 1874 576 1948 rubentis,
624 1891 751 1933 cum
792 1883 1214 1949 tractarentur,
1259 1876 1389 1933 vitri
1430 1874 1612 1934 modo
1648 1874 1913 1951 fragilis,
1968 1876 2028 1933 in
2056 1876 2227 1952 ignia

146 1967 338 2018 autem
364 1967 425 2017 ut
451 1957 671 2017 ferram
693 1959 1140 2034 inardescentis,
1165 1960 1459 2038 restinctis
1485 1958 1690 2018 colore
1717 1975 1825 2017 suo
1861 1959 2166 2018 redeunte.

63 2051 159 2106 141
186 2044 416 2104 Eodem
426 2050 620 2102 ,tractu
646 2043 958 2103 insularum
983 2042 1166 2104 silvas
1179 2043 1376 2121 operit
1388 2051 1606 2117 aestum,
1627 2045 1982 2120 quamquam
2005 2044 2168 2104 altio-

142 2145 245 2187 res
275 2128 524 2206 platanis
556 2126 907 2205 populisque
938 2128 1252 2187 altissimis.
1298 2127 1441 2186 folia
1464 2127 1534 2184 iis
1566 2126 1800 2201 laurea,
1837 2126 1951 2186 flos
1976 2117 2171 2187 uiolae

146 2221 204 2270 et
251 2212 437 2271 odore
474 2220 533 2270 et
565 2210 801 2288 colore,
845 2212 1030 2271 bacae
1062 2220 1132 2274 ut
1162 2211 1347 2286 oleis,
1395 2220 1455 2270 et
1483 2211 1647 2289 ipsae
1674 2210 1877 2270 odoris
1911 2212 2168 2288 incundi,

147 2304 415 2355 autumno
461 2304 808 2372 nascentes,
857 2314 1002 2354 vere
1046 2296 1420 2369 decidentes,
1464 2294 1621 2354 feliis
1656 2310 1968 2372 numquam
2015 2296 2229 2355 deci-25

148 2380 295 2440 duis.
355 2380 556 2439 harum
589 2380 846 2439 minores
885 2389 1038 2439 totas
1072 2380 1282 2457 integit
1321 2396 1500 2439 mare.
1562 2396 1956 2438 maxumarum
2003 2397 2170 2439 cacu-

145 2465 301 2523 mina
328 2472 559 2523 exstant
577 2508 595 2539 ,
635 2463 708 2523 ad
740 2481 890 2542 quae
919 2471 1109 2523 naves
1132 2464 1491 2541 religantur,
1529 2471 1592 2524 et
1621 2481 1747 2522 cum
1786 2465 2049 2523 recessit
2074 2481 2170 2522 ae·

148 2556 302 2623 stus,
341 2548 412 2607 ad
442 2548 692 2608 radices·
753 2546 918 2607 Alias
950 2563 1184 2626 quoque
1215 2548 1460 2607 arbores
1490 2547 1547 2606 in
1577 2546 1799 2606 altoab
1827 2547 2049 2607 iisdem
2078 2564 2171 2607 ae·

151 2634 412 2711 cepimus
450 2631 707 2692 eodem
689 2650 745 2690 ιιι
775 2633 917 2691 mari
947 2632 1140 2709 visas,
1176 2645 1411 2710 semper
1433 2631 1576 2691 folia
1609 2632 1947 2706 retinentis,
1981 2631 2172 2691 fructu

152 2733 351 2777 earum
378 2716 576 2795 lupino
610 2716 804 2776 simili.
2188 2733 2231 2772 ιο

62 2808 166 2864 142
317 2799 485 2879 (52.)
528 2800 668 2859 Iuba
704 2800 878 2861 tradit
930 2802 1088 2860 circa
1132 2798 1600 2877 Trogodytarum
1636 2796 1860 2859 insulas
1900 2799 2172 2858 frutiem

149 2886 207 2943 in
233 2885 354 2952 alto
379 2885 582 2946 vocari
612 2884 787 2943 Isidis
810 2885 1060 2959 crinem,
1095 2885 1315 2944 curalio
1338 2883 1587 2943 similem
1607 2884 1736 2941 sine
1767 2882 1966 2957 foliis,
2006 2900 2172 2962 prae-

151 2970 333 3029 cisum
363 2976 579 3030 mutato
612 2967 901 3027 colorein
924 2969 1149 3045 nigrum
1177 2969 1496 3028 durescere
1514 3013 1533 3043 ,
1566 2984 1695 3026 cum
1720 2965 1925 3042 cadat,
1963 2967 2169 3045 frangi.

150 3053 289 3111 item
317 3053 509 3128 alium,
535 3053 633 3130 qui
654 3059 902 3111 vocetur
925 3051 1187 3112 chariton
1209 3051 1565 3130 blepharon,
1595 3051 1906 3110 efficacem
1934 3052 1997 3111 in
2025 3068 2172 3111 am-

152 3135 337 3192 toriis.
403 3136 649 3212 spatalia
680 3152 754 3194 eo
785 3135 988 3195 facere
1025 3146 1086 3195 et
1113 3136 1345 3196 monilia
1376 3137 1638 3195 feminas.
1671 3136 1912 3195 sentire
1933 3153 2077 3196 eum
2109 3153 2226 3200 sess

155 3216 318 3288 capi,
363 3216 670 3295 durarique
701 3235 913 3277 cornus
948 3219 1125 3279 modo
1156 3229 1222 3279 et
1260 3219 1541 3279 hebetare
1577 3219 1763 3279 aciem
1795 3219 1960 3280 ferri.
2026 3217 2171 3299 quod

158 3295 206 3350 si
236 3294 556 3373 fefellerint
584 3302 862 3377 insidiae,
895 3304 951 3362 in
985 3304 1237 3382 lapidem
1269 3304 1687 3381 transfigurari.
