<?xml version="1.0" encoding="UTF-8"?>
<!DOCTYPE html PUBLIC "-//W3C//DTD XHTML 1.0 Transitional//EN"
    "http://www.w3.org/TR/xhtml1/DTD/xhtml1-transitional.dtd">
<html xmlns="http://www.w3.org/1999/xhtml" xml:lang="en" lang="en">
 <head>
  <title>
</title>
<meta http-equiv="Content-Type" content="text/html;charset=utf-8" />
  <meta name='ocr-system' content='tesseract 3.04.00' />
  <meta name='ocr-capabilities' content='ocr_page ocr_carea ocr_par ocr_line ocrx_word'/>
</head>
<body>
  <div class='ocr_page' id='page_1' title='image "./cplinisecundina00eldegoog_0531.png"; bbox 0 0 2320 3650; ppageno 0'>
   <div class='ocr_carea' id='block_1_1' title="bbox 145 62 1420 126">
    <p class='ocr_par' dir='ltr' id='par_1_1' title="bbox 145 62 1420 126">
     <span class='ocr_line' id='line_1_1' title="bbox 145 62 1420 126; baseline -0.003 -3"><span class='ocrx_word' id='word_1_1' title='bbox 145 62 262 126; x_wconf 91' lang='grc'><strong>188</strong></span> <span class='ocrx_word' id='word_1_2' title='bbox 796 74 857 120; x_wconf 80' lang='lat' dir='ltr'><strong>o,</strong></span> <span class='ocrx_word' id='word_1_3' title='bbox 895 74 1086 122; x_wconf 64' lang='lat' dir='ltr'><strong>emm</strong></span> <span class='ocrx_word' id='word_1_4' title='bbox 1115 72 1420 121; x_wconf 59' lang='lat' dir='ltr'><strong>seem-’m</strong></span> 
     </span>
    </p>
   </div>
   <div class='ocr_carea' id='block_1_2' title="bbox 58 226 2223 3248">
    <p class='ocr_par' dir='ltr' id='par_1_2' title="bbox 59 226 2173 559">
     <span class='ocr_line' id='line_1_2' title="bbox 59 226 2173 308; baseline -0.004 -11"><span class='ocrx_word' id='word_1_5' title='bbox 59 240 159 296; x_wconf 83' lang='grc'><strong>175</strong></span> <span class='ocrx_word' id='word_1_6' title='bbox 268 231 436 308; x_wconf 80' lang='grc'><strong>(66.)</strong></span> <span class='ocrx_word' id='word_1_7' title='bbox 484 228 782 287; x_wconf 70' lang='lat' dir='ltr'><strong>Tonsillae</strong></span> <span class='ocrx_word' id='word_1_8' title='bbox 814 230 871 286; x_wconf 89' lang='grc'><strong>111</strong></span> <span class='ocrx_word' id='word_1_9' title='bbox 902 228 1165 303; x_wconf 76' lang='lat' dir='ltr'><strong>bomine,</strong></span> <span class='ocrx_word' id='word_1_10' title='bbox 1196 230 1253 287; x_wconf 90' lang='lat' dir='ltr'><strong>in</strong></span> <span class='ocrx_word' id='word_1_11' title='bbox 1285 246 1390 288; x_wconf 84' lang='lat' dir='ltr'><strong>sne</strong></span> <span class='ocrx_word' id='word_1_12' title='bbox 1422 226 1758 305; x_wconf 63' lang='lat' dir='ltr'><strong>glandulae.</strong></span> <span class='ocrx_word' id='word_1_13' title='bbox 1820 228 1984 306; x_wconf 79' lang='lat' dir='ltr'><strong>qnod</strong></span> <span class='ocrx_word' id='word_1_14' title='bbox 2016 230 2173 288; x_wconf 83' lang='lat' dir='ltr'><strong>inter</strong></span> 
     </span>
     <span class='ocr_line' id='line_1_3' title="bbox 142 311 2164 390; baseline -0.002 -14"><span class='ocrx_word' id='word_1_15' title='bbox 142 334 242 376; x_wconf 88' lang='lat' dir='ltr'><strong>eas</strong></span> <span class='ocrx_word' id='word_1_16' title='bbox 273 331 424 373; x_wconf 71' lang='lat' dir='ltr'><strong>uvae</strong></span> <span class='ocrx_word' id='word_1_17' title='bbox 466 313 698 372; x_wconf 86' lang='lat' dir='ltr'><strong>nomine</strong></span> <span class='ocrx_word' id='word_1_18' title='bbox 739 311 938 371; x_wconf 81' lang='lat' dir='ltr'><strong>ultimo</strong></span> <span class='ocrx_word' id='word_1_19' title='bbox 975 312 1270 390; x_wconf 77' lang='lat' dir='ltr'><strong>dependet</strong></span> <span class='ocrx_word' id='word_1_20' title='bbox 1312 313 1510 390; x_wconf 82' lang='lat' dir='ltr'><strong>palato</strong></span> <span class='ocrx_word' id='word_1_21' title='bbox 1551 311 1771 372; x_wconf 78' lang='lat' dir='ltr'><strong>homini</strong></span> <span class='ocrx_word' id='word_1_22' title='bbox 1800 321 2026 372; x_wconf 81' lang='lat' dir='ltr'><strong>tantum</strong></span> <span class='ocrx_word' id='word_1_23' title='bbox 2054 320 2164 372; x_wconf 80' lang='lat' dir='ltr'><strong>est.</strong></span> 
     </span>
     <span class='ocr_line' id='line_1_4' title="bbox 141 394 2163 476; baseline -0.002 -18"><span class='ocrx_word' id='word_1_24' title='bbox 141 399 249 459; x_wconf 85' lang='lat' dir='ltr'><strong>sub</strong></span> <span class='ocrx_word' id='word_1_25' title='bbox 293 416 366 458; x_wconf 86' lang='lat' dir='ltr'><strong>ea</strong></span> <span class='ocrx_word' id='word_1_26' title='bbox 409 399 595 456; x_wconf 85' lang='lat' dir='ltr'><strong>minor</strong></span> <span class='ocrx_word' id='word_1_27' title='bbox 639 396 835 472; x_wconf 76' lang='lat' dir='ltr'><strong>lingna</strong></span> <span class='ocrx_word' id='word_1_28' title='bbox 861 394 1026 455; x_wconf 79' lang='lat' dir='ltr'><strong>nulli</strong></span> <span class='ocrx_word' id='word_1_29' title='bbox 1047 412 1160 455; x_wconf 85' lang='lat' dir='ltr'><strong>ova</strong></span> <span class='ocrx_word' id='word_1_30' title='bbox 1195 398 1615 473; x_wconf 78' lang='lat' dir='ltr'><strong>generantium.</strong></span> <span class='ocrx_word' id='word_1_31' title='bbox 1681 414 1889 476; x_wconf 84' lang='lat' dir='ltr'><strong>opera·</strong></span> <span class='ocrx_word' id='word_1_32' title='bbox 1902 398 2034 454; x_wconf 86' lang='lat' dir='ltr'><strong>eius</strong></span> <span class='ocrx_word' id='word_1_33' title='bbox 2063 413 2163 473; x_wconf 82' lang='lat' dir='ltr'><strong>ge-</strong></span> 
     </span>
     <span class='ocr_line' id='line_1_5' title="bbox 141 480 2169 580; baseline -0.001 -38"><span class='ocrx_word' id='word_1_34' title='bbox 141 485 289 542; x_wconf 88' lang='lat' dir='ltr'><strong>mina</strong></span> <span class='ocrx_word' id='word_1_35' title='bbox 333 481 553 542; x_wconf 85' lang='lat' dir='ltr'><strong>duabus</strong></span> <span class='ocrx_word' id='word_1_36' title='bbox 592 481 972 558; x_wconf 76' lang='lat' dir='ltr'><strong>interpositae</strong></span> <span class='ocrx_word' id='word_1_37' title='bbox 1014 480 1240 540; x_wconf 80' lang='lat' dir='ltr'><strong>fistulis.</strong></span> <span class='ocrx_word' id='word_1_38' title='bbox 1301 482 1543 540; x_wconf 80' lang='lat' dir='ltr'><strong>interior</strong></span> <span class='ocrx_word' id='word_1_39' title='bbox 1581 497 1782 540; x_wconf 81' lang='lat' dir='ltr'><strong>earum</strong></span> <span class='ocrx_word' id='word_1_40' title='bbox 1828 480 2169 580; x_wconf 78' lang='lat' dir='ltr'><strong>appellatur</strong></span> 
     </span>
    </p>

    <p class='ocr_par' dir='ltr' id='par_1_3' title="bbox 62 565 2223 1215">
     <span class='ocr_line' id='line_1_6' title="bbox 62 565 2213 644; baseline -0.004 -15"><span class='ocrx_word' id='word_1_41' title='bbox 62 577 160 633; x_wconf 87' lang='grc'><strong>176</strong></span> <span class='ocrx_word' id='word_1_42' title='bbox 179 567 389 627; x_wconf 85' lang='lat' dir='ltr'><strong>arteria</strong></span> <span class='ocrx_word' id='word_1_43' title='bbox 434 566 507 626; x_wconf 88' lang='lat' dir='ltr'><strong>ad</strong></span> <span class='ocrx_word' id='word_1_44' title='bbox 551 565 877 644; x_wconf 75' lang='lat' dir='ltr'><strong>pul-onem</strong></span> <span class='ocrx_word' id='word_1_45' title='bbox 918 573 1094 643; x_wconf 85' lang='lat' dir='ltr'><strong>atque</strong></span> <span class='ocrx_word' id='word_1_46' title='bbox 1139 581 1246 624; x_wconf 89' lang='lat' dir='ltr'><strong>cor</strong></span> <span class='ocrx_word' id='word_1_47' title='bbox 1281 567 1600 644; x_wconf 76' lang='lat' dir='ltr'><strong>pertinens.</strong></span> <span class='ocrx_word' id='word_1_48' title='bbox 1676 566 1827 624; x_wconf 85' lang='lat' dir='ltr'><strong>hanc</strong></span> <span class='ocrx_word' id='word_1_49' title='bbox 1870 566 2065 643; x_wconf 85' lang='lat' dir='ltr'><strong>operit</strong></span> <span class='ocrx_word' id='word_1_50' title='bbox 2108 565 2213 623; x_wconf 77' lang='lat' dir='ltr'><strong>ins</strong></span> 
     </span>
     <span class='ocr_line' id='line_1_7' title="bbox 142 648 2167 729; baseline -0.002 -18"><span class='ocrx_word' id='word_1_51' title='bbox 142 650 431 729; x_wconf 87' lang='lat' dir='ltr'><strong>epulando</strong></span> <span class='ocrx_word' id='word_1_52' title='bbox 462 650 664 728; x_wconf 84' lang='lat' dir='ltr'><strong>spiritu</strong></span> <span class='ocrx_word' id='word_1_53' title='bbox 696 657 757 708; x_wconf 89' lang='lat' dir='ltr'><strong>et</strong></span> <span class='ocrx_word' id='word_1_54' title='bbox 784 666 938 708; x_wconf 81' lang='lat' dir='ltr'><strong>voce</strong></span> <span class='ocrx_word' id='word_1_55' title='bbox 974 648 1075 709; x_wconf 87' lang='lat' dir='ltr'><strong>illa</strong></span> <span class='ocrx_word' id='word_1_56' title='bbox 1109 657 1375 725; x_wconf 79' lang='lat' dir='ltr'><strong>meante,</strong></span> <span class='ocrx_word' id='word_1_57' title='bbox 1407 667 1512 725; x_wconf 83' lang='lat' dir='ltr'><strong>ne,</strong></span> <span class='ocrx_word' id='word_1_58' title='bbox 1541 651 1590 707; x_wconf 89' lang='lat' dir='ltr'><strong>si</strong></span> <span class='ocrx_word' id='word_1_59' title='bbox 1619 657 1792 728; x_wconf 76' lang='lat' dir='ltr'><strong>potus</strong></span> <span class='ocrx_word' id='word_1_60' title='bbox 1831 648 2074 707; x_wconf 82' lang='lat' dir='ltr'><strong>cibusve</strong></span> <span class='ocrx_word' id='word_1_61' title='bbox 2109 651 2167 707; x_wconf 85' lang='grc'><strong>111</strong></span> 
     </span>
     <span class='ocr_line' id='line_1_8' title="bbox 144 733 2165 811; baseline -0.002 -16"><span class='ocrx_word' id='word_1_62' title='bbox 144 735 392 795; x_wconf 83' lang='lat' dir='ltr'><strong>alienum</strong></span> <span class='ocrx_word' id='word_1_63' title='bbox 434 734 793 794; x_wconf 77' lang='lat' dir='ltr'><strong>deerraverit</strong></span> <span class='ocrx_word' id='word_1_64' title='bbox 835 733 1152 807; x_wconf 79' lang='lat' dir='ltr'><strong>tramitem,</strong></span> <span class='ocrx_word' id='word_1_65' title='bbox 1194 741 1521 811; x_wconf 86' lang='lat' dir='ltr'><strong>torqueat.</strong></span> <span class='ocrx_word' id='word_1_66' title='bbox 1549 733 1736 793; x_wconf 84' lang='lat' dir='ltr'><strong>altera</strong></span> <span class='ocrx_word' id='word_1_67' title='bbox 1766 733 2034 792; x_wconf 77' lang='lat' dir='ltr'><strong>exterior</strong></span> <span class='ocrx_word' id='word_1_68' title='bbox 2061 748 2165 811; x_wconf 85' lang='lat' dir='ltr'><strong>ap·</strong></span> 
     </span>
     <span class='ocr_line' id='line_1_9' title="bbox 142 816 2169 899; baseline -0.002 -20"><span class='ocrx_word' id='word_1_69' title='bbox 142 820 395 899; x_wconf 82' lang='lat' dir='ltr'><strong>pelletur</strong></span> <span class='ocrx_word' id='word_1_70' title='bbox 433 837 574 879; x_wconf 84' lang='lat' dir='ltr'><strong>sane</strong></span> <span class='ocrx_word' id='word_1_71' title='bbox 620 818 790 895; x_wconf 72' lang='lat' dir='ltr'><strong>gula,</strong></span> <span class='ocrx_word' id='word_1_72' title='bbox 844 834 960 894; x_wconf 75' lang='lat' dir='ltr'><strong>qua</strong></span> <span class='ocrx_word' id='word_1_73' title='bbox 1000 816 1164 876; x_wconf 86' lang='lat' dir='ltr'><strong>cibus</strong></span> <span class='ocrx_word' id='word_1_74' title='bbox 1206 826 1381 896; x_wconf 78' lang='lat' dir='ltr'><strong>atque</strong></span> <span class='ocrx_word' id='word_1_75' title='bbox 1433 826 1606 896; x_wconf 73' lang='lat' dir='ltr'><strong>potus</strong></span> <span class='ocrx_word' id='word_1_76' title='bbox 1659 817 1921 877; x_wconf 84' lang='lat' dir='ltr'><strong>devolat.</strong></span> <span class='ocrx_word' id='word_1_77' title='bbox 1954 816 2169 875; x_wconf 71' lang='lat' dir='ltr'><strong>&#39;tendit</strong></span> 
     </span>
     <span class='ocr_line' id='line_1_10' title="bbox 141 901 2162 981; baseline -0.002 -18"><span class='ocrx_word' id='word_1_78' title='bbox 141 904 293 970; x_wconf 87' lang='lat' dir='ltr'><strong>haec</strong></span> <span class='ocrx_word' id='word_1_79' title='bbox 334 904 404 963; x_wconf 90' lang='lat' dir='ltr'><strong>ad</strong></span> <span class='ocrx_word' id='word_1_80' title='bbox 449 902 835 975; x_wconf 77' lang='lat' dir='ltr'><strong>stomachum,</strong></span> <span class='ocrx_word' id='word_1_81' title='bbox 876 901 929 958; x_wconf 89' lang='lat' dir='ltr'><strong>is</strong></span> <span class='ocrx_word' id='word_1_82' title='bbox 971 901 1042 960; x_wconf 87' lang='lat' dir='ltr'><strong>ad</strong></span> <span class='ocrx_word' id='word_1_83' title='bbox 1080 910 1364 961; x_wconf 81' lang='lat' dir='ltr'><strong>ventrem.</strong></span> <span class='ocrx_word' id='word_1_84' title='bbox 1425 902 1574 961; x_wconf 86' lang='lat' dir='ltr'><strong>hane</strong></span> <span class='ocrx_word' id='word_1_85' title='bbox 1615 909 1726 981; x_wconf 77' lang='lat' dir='ltr'><strong>pe‘r</strong></span> <span class='ocrx_word' id='word_1_86' title='bbox 1761 901 1912 960; x_wconf 82' lang='lat' dir='ltr'><strong>vicis</strong></span> <span class='ocrx_word' id='word_1_87' title='bbox 1944 902 2162 979; x_wconf 75' lang='lat' dir='ltr'><strong>operit,</strong></span> 
     </span>
     <span class='ocr_line' id='line_1_11' title="bbox 143 986 2223 1064; baseline -0.002 -17"><span class='ocrx_word' id='word_1_88' title='bbox 143 1005 271 1048; x_wconf 86' lang='lat' dir='ltr'><strong>cum</strong></span> <span class='ocrx_word' id='word_1_89' title='bbox 313 987 546 1064; x_wconf 83' lang='lat' dir='ltr'><strong>spiritns</strong></span> <span class='ocrx_word' id='word_1_90' title='bbox 592 995 804 1060; x_wconf 82' lang='lat' dir='ltr'><strong>tantum</strong></span> <span class='ocrx_word' id='word_1_91' title='bbox 847 995 945 1044; x_wconf 86' lang='lat' dir='ltr'><strong>aut</strong></span> <span class='ocrx_word' id='word_1_92' title='bbox 972 1002 1094 1044; x_wconf 84' lang='lat' dir='ltr'><strong>vox</strong></span> <span class='ocrx_word' id='word_1_93' title='bbox 1133 995 1401 1047; x_wconf 77' lang='lat' dir='ltr'><strong>conmeat</strong></span> <span class='ocrx_word' id='word_1_94' title='bbox 1417 1029 1434 1062; x_wconf 82' lang='lat'>‚</span> <span class='ocrx_word' id='word_1_95' title='bbox 1462 1002 1537 1046; x_wconf 78' lang='lat' dir='ltr'><strong>ae</strong></span> <span class='ocrx_word' id='word_1_96' title='bbox 1564 987 1926 1063; x_wconf 74' lang='lat' dir='ltr'><strong>restagnatio</strong></span> <span class='ocrx_word' id='word_1_97' title='bbox 1957 986 2163 1045; x_wconf 81' lang='lat' dir='ltr'><strong>intem-</strong></span> <span class='ocrx_word' id='word_1_98' title='bbox 2180 994 2223 1034; x_wconf 78' lang='lat'><strong>¹·</strong></span> 
     </span>
     <span class='ocr_line' id='line_1_12' title="bbox 141 1069 2164 1151; baseline -0.001 -20"><span class='ocrx_word' id='word_1_99' title='bbox 141 1074 371 1151; x_wconf 85' lang='lat' dir='ltr'><strong>pestiva</strong></span> <span class='ocrx_word' id='word_1_100' title='bbox 416 1071 530 1131; x_wconf 88' lang='lat' dir='ltr'><strong>alvi</strong></span> <span class='ocrx_word' id='word_1_101' title='bbox 571 1070 892 1147; x_wconf 71' lang='lat' dir='ltr'><strong>ohstrepat.</strong></span> <span class='ocrx_word' id='word_1_102' title='bbox 957 1081 1033 1129; x_wconf 83' lang='lat' dir='ltr'><strong>ex</strong></span> <span class='ocrx_word' id='word_1_103' title='bbox 1080 1070 1422 1147; x_wconf 66' lang='lat' dir='ltr'><strong>cartilagine</strong></span> <span class='ocrx_word' id='word_1_104' title='bbox 1453 1079 1513 1130; x_wconf 90' lang='lat' dir='ltr'><strong>et</strong></span> <span class='ocrx_word' id='word_1_105' title='bbox 1544 1073 1719 1130; x_wconf 79' lang='lat' dir='ltr'><strong>carne</strong></span> <span class='ocrx_word' id='word_1_106' title='bbox 1755 1071 1995 1145; x_wconf 83' lang='lat' dir='ltr'><strong>arteria,</strong></span> <span class='ocrx_word' id='word_1_107' title='bbox 2026 1069 2164 1147; x_wconf 79' lang='lat' dir='ltr'><strong>gula</strong></span> 
     </span>
     <span class='ocr_line' id='line_1_13' title="bbox 142 1162 1062 1215; baseline -0.002 0"><span class='ocrx_word' id='word_1_108' title='bbox 142 1175 176 1215; x_wconf 90' lang='lat' dir='ltr'><strong>e</strong></span> <span class='ocrx_word' id='word_1_109' title='bbox 206 1167 386 1215; x_wconf 76' lang='lat' dir='ltr'><strong>nervo</strong></span> <span class='ocrx_word' id='word_1_110' title='bbox 420 1163 480 1214; x_wconf 90' lang='lat' dir='ltr'><strong>et</strong></span> <span class='ocrx_word' id='word_1_111' title='bbox 512 1173 684 1214; x_wconf 86' lang='lat' dir='ltr'><strong>carne</strong></span> <span class='ocrx_word' id='word_1_112' title='bbox 716 1162 962 1214; x_wconf 87' lang='lat' dir='ltr'><strong>constat.</strong></span> <span class='ocrx_word' id='word_1_113' title='bbox 1057 1181 1062 1190; x_wconf 91' lang='lat'><strong>·</strong></span> 
     </span>
    </p>

    <p class='ocr_par' dir='ltr' id='par_1_4' title="bbox 58 1236 2220 1569">
     <span class='ocr_line' id='line_1_14' title="bbox 58 1236 2159 1318; baseline -0.003 -16"><span class='ocrx_word' id='word_1_114' title='bbox 58 1246 158 1303; x_wconf 87' lang='grc'><strong>177</strong></span> <span class='ocrx_word' id='word_1_115' title='bbox 270 1239 439 1318; x_wconf 90' lang='grc'><strong>(67.)</strong></span> <span class='ocrx_word' id='word_1_116' title='bbox 489 1236 706 1298; x_wconf 86' lang='lat' dir='ltr'><strong>Cervix</strong></span> <span class='ocrx_word' id='word_1_117' title='bbox 735 1238 1008 1297; x_wconf 72' lang='grc'><strong>1111111111111</strong></span> <span class='ocrx_word' id='word_1_118' title='bbox 1036 1237 1248 1316; x_wconf 82' lang='lat' dir='ltr'><strong>quibus</strong></span> <span class='ocrx_word' id='word_1_119' title='bbox 1279 1246 1524 1317; x_wconf 77' lang='lat' dir='ltr'><strong>utraque</strong></span> <span class='ocrx_word' id='word_1_120' title='bbox 1555 1238 1726 1299; x_wconf 82' lang='lat' dir='ltr'><strong>baec.</strong></span> <span class='ocrx_word' id='word_1_121' title='bbox 1794 1239 2017 1298; x_wconf 85' lang='lat' dir='ltr'><strong>ceteris</strong></span> <span class='ocrx_word' id='word_1_122' title='bbox 2041 1237 2159 1296; x_wconf 90' lang='lat' dir='ltr'><strong>col·</strong></span> 
     </span>
     <span class='ocr_line' id='line_1_15' title="bbox 144 1321 2160 1401; baseline -0.001 -19"><span class='ocrx_word' id='word_1_123' title='bbox 144 1324 290 1399; x_wconf 79' lang='grc'><strong>111111,</strong></span> <span class='ocrx_word' id='word_1_124' title='bbox 325 1323 530 1401; x_wconf 85' lang='lat' dir='ltr'><strong>quibus</strong></span> <span class='ocrx_word' id='word_1_125' title='bbox 562 1331 777 1383; x_wconf 86' lang='lat' dir='ltr'><strong>tantum</strong></span> <span class='ocrx_word' id='word_1_126' title='bbox 809 1322 965 1398; x_wconf 73' lang='lat' dir='ltr'><strong>gula.</strong></span> <span class='ocrx_word' id='word_1_127' title='bbox 1026 1322 1132 1381; x_wconf 90' lang='lat' dir='ltr'><strong>sed</strong></span> <span class='ocrx_word' id='word_1_128' title='bbox 1164 1321 1373 1400; x_wconf 81' lang='lat' dir='ltr'><strong>quibus</strong></span> <span class='ocrx_word' id='word_1_129' title='bbox 1403 1325 1640 1398; x_wconf 81' lang='lat' dir='ltr'><strong>cervix,</strong></span> <span class='ocrx_word' id='word_1_130' title='bbox 1674 1341 1709 1381; x_wconf 89' lang='lat' dir='ltr'><strong>e</strong></span> <span class='ocrx_word' id='word_1_131' title='bbox 1740 1323 1935 1382; x_wconf 75' lang='lat' dir='ltr'><strong>multis</strong></span> <span class='ocrx_word' id='word_1_132' title='bbox 1968 1329 2160 1381; x_wconf 82' lang='lat' dir='ltr'><strong>verte-</strong></span> 
     </span>
     <span class='ocr_line' id='line_1_16' title="bbox 140 1405 2220 1486; baseline -0.003 -19"><span class='ocrx_word' id='word_1_133' title='bbox 140 1408 439 1486; x_wconf 84' lang='lat' dir='ltr'><strong>bratisque</strong></span> <span class='ocrx_word' id='word_1_134' title='bbox 471 1406 838 1467; x_wconf 79' lang='lat' dir='ltr'><strong>orbiculatim</strong></span> <span class='ocrx_word' id='word_1_135' title='bbox 870 1406 1100 1465; x_wconf 79' lang='lat' dir='ltr'><strong>ossibus</strong></span> <span class='ocrx_word' id='word_1_136' title='bbox 1129 1405 1357 1466; x_wconf 84' lang='lat' dir='ltr'><strong>flexilis</strong></span> <span class='ocrx_word' id='word_1_137' title='bbox 1384 1407 1456 1467; x_wconf 89' lang='lat' dir='ltr'><strong>ad</strong></span> <span class='ocrx_word' id='word_1_138' title='bbox 1496 1409 1991 1485; x_wconf 84' lang='lat' dir='ltr'><strong>circumspectum</strong></span> <span class='ocrx_word' id='word_1_139' title='bbox 2028 1407 2220 1464; x_wconf 79' lang='lat' dir='ltr'><strong>arti-1⁶</strong></span> 
     </span>
     <span class='ocr_line' id='line_1_17' title="bbox 147 1489 2161 1569; baseline -0.001 -18"><span class='ocrx_word' id='word_1_140' title='bbox 147 1493 408 1551; x_wconf 81' lang='lat' dir='ltr'><strong>culorum</strong></span> <span class='ocrx_word' id='word_1_141' title='bbox 446 1491 613 1552; x_wconf 87' lang='lat' dir='ltr'><strong>nodis</strong></span> <span class='ocrx_word' id='word_1_142' title='bbox 654 1491 939 1567; x_wconf 83' lang='lat' dir='ltr'><strong>iungitur,</strong></span> <span class='ocrx_word' id='word_1_143' title='bbox 990 1489 1145 1549; x_wconf 91' lang='lat' dir='ltr'><strong>leoni</strong></span> <span class='ocrx_word' id='word_1_144' title='bbox 1178 1498 1388 1550; x_wconf 83' lang='lat' dir='ltr'><strong>tantum</strong></span> <span class='ocrx_word' id='word_1_145' title='bbox 1424 1499 1483 1550; x_wconf 88' lang='lat' dir='ltr'><strong>et</strong></span> <span class='ocrx_word' id='word_1_146' title='bbox 1526 1491 1665 1569; x_wconf 89' lang='lat' dir='ltr'><strong>lupo</strong></span> <span class='ocrx_word' id='word_1_147' title='bbox 1700 1500 1763 1551; x_wconf 87' lang='lat' dir='ltr'><strong>et</strong></span> <span class='ocrx_word' id='word_1_148' title='bbox 1792 1491 2061 1565; x_wconf 75' lang='lat' dir='ltr'><strong>hyaenae</strong></span> <span class='ocrx_word' id='word_1_149' title='bbox 2084 1507 2161 1549; x_wconf 77' lang='lat' dir='ltr'><strong>ex</strong></span> 
     </span>
    </p>

    <p class='ocr_par' dir='ltr' id='par_1_5' title="bbox 61 1574 2218 1907">
     <span class='ocr_line' id='line_1_18' title="bbox 61 1574 2189 1654; baseline -0.002 -18"><span class='ocrx_word' id='word_1_150' title='bbox 61 1582 163 1638; x_wconf 88' lang='grc'><strong>178</strong></span> <span class='ocrx_word' id='word_1_151' title='bbox 186 1576 428 1652; x_wconf 84' lang='lat' dir='ltr'><strong>singulis</strong></span> <span class='ocrx_word' id='word_1_152' title='bbox 477 1577 773 1653; x_wconf 78' lang='lat' dir='ltr'><strong>rectisque</strong></span> <span class='ocrx_word' id='word_1_153' title='bbox 801 1575 1034 1634; x_wconf 82' lang='lat' dir='ltr'><strong>ossibus</strong></span> <span class='ocrx_word' id='word_1_154' title='bbox 1065 1576 1282 1651; x_wconf 73' lang='lat' dir='ltr'><strong>rigens.</strong></span> <span class='ocrx_word' id='word_1_155' title='bbox 1344 1583 1561 1634; x_wconf 85' lang='lat' dir='ltr'><strong>cetero·</strong></span> <span class='ocrx_word' id='word_1_156' title='bbox 1580 1576 1787 1654; x_wconf 79' lang='lat' dir='ltr'><strong>spinae</strong></span> <span class='ocrx_word' id='word_1_157' title='bbox 1813 1574 2189 1648; x_wconf 53' lang='lat' dir='ltr'><strong>adnectitur„</strong></span> 
     </span>
     <span class='ocr_line' id='line_1_19' title="bbox 116 1658 2160 1739; baseline -0.003 -16"><span class='ocrx_word' id='word_1_158' title='bbox 116 1662 310 1739; x_wconf 79' lang='lat' dir='ltr'><strong>spina</strong></span> <span class='ocrx_word' id='word_1_159' title='bbox 344 1660 582 1734; x_wconf 85' lang='lat' dir='ltr'><strong>lumbis,</strong></span> <span class='ocrx_word' id='word_1_160' title='bbox 617 1676 791 1719; x_wconf 82' lang='lat' dir='ltr'><strong>ossea</strong></span> <span class='ocrx_word' id='word_1_161' title='bbox 821 1658 926 1719; x_wconf 85' lang='lat' dir='ltr'><strong>sed</strong></span> <span class='ocrx_word' id='word_1_162' title='bbox 954 1660 1126 1718; x_wconf 84' lang='lat' dir='ltr'><strong>tereti</strong></span> <span class='ocrx_word' id='word_1_163' title='bbox 1156 1666 1477 1734; x_wconf 81' lang='lat' dir='ltr'><strong>structura,</strong></span> <span class='ocrx_word' id='word_1_164' title='bbox 1513 1675 1625 1737; x_wconf 82' lang='lat' dir='ltr'><strong>per</strong></span> <span class='ocrx_word' id='word_1_165' title='bbox 1656 1658 1850 1718; x_wconf 83' lang='lat' dir='ltr'><strong>media</strong></span> <span class='ocrx_word' id='word_1_166' title='bbox 1886 1659 2160 1717; x_wconf 73' lang='lat' dir='ltr'><strong>foramina</strong></span> 
     </span>
     <span class='ocr_line' id='line_1_20' title="bbox 148 1742 2158 1803; baseline -0.001 0"><span class='ocrx_word' id='word_1_167' title='bbox 148 1762 179 1803; x_wconf 87' lang='lat' dir='ltr'><strong>a</strong></span> <span class='ocrx_word' id='word_1_168' title='bbox 228 1743 479 1803; x_wconf 86' lang='lat' dir='ltr'><strong>cerebro</strong></span> <span class='ocrx_word' id='word_1_169' title='bbox 525 1742 777 1803; x_wconf 81' lang='lat' dir='ltr'><strong>medulla</strong></span> <span class='ocrx_word' id='word_1_170' title='bbox 838 1742 1253 1803; x_wconf 78' lang='lat' dir='ltr'><strong>descendente.</strong></span> <span class='ocrx_word' id='word_1_171' title='bbox 1332 1742 1576 1803; x_wconf 84' lang='lat' dir='ltr'><strong>eandem</strong></span> <span class='ocrx_word' id='word_1_172' title='bbox 1620 1760 1761 1803; x_wconf 88' lang='lat' dir='ltr'><strong>esse</strong></span> <span class='ocrx_word' id='word_1_173' title='bbox 1806 1744 1873 1801; x_wconf 74' lang='lat' dir='ltr'><strong>ei</strong></span> <span class='ocrx_word' id='word_1_174' title='bbox 1904 1751 2158 1802; x_wconf 77' lang='lat' dir='ltr'><strong>naturam</strong></span> 
     </span>
     <span class='ocr_line' id='line_1_21' title="bbox 147 1823 2218 1907; baseline -0 -20"><span class='ocrx_word' id='word_1_175' title='bbox 147 1846 315 1906; x_wconf 85' lang='lat' dir='ltr'><strong>quam</strong></span> <span class='ocrx_word' id='word_1_176' title='bbox 346 1827 594 1887; x_wconf 89' lang='lat' dir='ltr'><strong>cerebro</strong></span> <span class='ocrx_word' id='word_1_177' title='bbox 644 1828 956 1904; x_wconf 84' lang='lat' dir='ltr'><strong>colligunt,</strong></span> <span class='ocrx_word' id='word_1_178' title='bbox 1002 1829 1271 1906; x_wconf 85' lang='lat' dir='ltr'><strong>qnoniam</strong></span> <span class='ocrx_word' id='word_1_179' title='bbox 1310 1828 1613 1907; x_wconf 79' lang='lat' dir='ltr'><strong>praetenui</strong></span> <span class='ocrx_word' id='word_1_180' title='bbox 1662 1830 1787 1887; x_wconf 86' lang='lat' dir='ltr'><strong>eius</strong></span> <span class='ocrx_word' id='word_1_181' title='bbox 1826 1823 2218 1887; x_wconf 64' lang='lat' dir='ltr'><strong>membrana</strong></span> 
     </span>
    </p>

    <p class='ocr_par' dir='ltr' id='par_1_6' title="bbox 93 1912 2158 2156">
     <span class='ocr_line' id='line_1_22' title="bbox 93 1912 2158 1989; baseline -0.001 -17"><span class='ocrx_word' id='word_1_182' title='bbox 93 1917 98 1922; x_wconf 83' lang='grc'><em>’</em></span> <span class='ocrx_word' id='word_1_183' title='bbox 144 1912 318 1973; x_wconf 87' lang='lat' dir='ltr'><strong>modo</strong></span> <span class='ocrx_word' id='word_1_184' title='bbox 361 1913 543 1971; x_wconf 87' lang='lat' dir='ltr'><strong>incisa</strong></span> <span class='ocrx_word' id='word_1_185' title='bbox 573 1914 762 1971; x_wconf 79' lang='lat' dir='ltr'><strong>statim</strong></span> <span class='ocrx_word' id='word_1_186' title='bbox 794 1913 1187 1988; x_wconf 73' lang='lat' dir='ltr'><strong>exspiretur.</strong></span> <span class='ocrx_word' id='word_1_187' title='bbox 1207 1912 1428 1986; x_wconf 82' lang='lat' dir='ltr'><strong>Quibus</strong></span> <span class='ocrx_word' id='word_1_188' title='bbox 1459 1913 1637 1989; x_wconf 80' lang='lat' dir='ltr'><strong>longa</strong></span> <span class='ocrx_word' id='word_1_189' title='bbox 1668 1929 1839 1971; x_wconf 85' lang='lat' dir='ltr'><strong>crura</strong></span> <span class='ocrx_word' id='word_1_190' title='bbox 1874 1914 1945 1970; x_wconf 89' lang='lat' dir='ltr'><strong>iis</strong></span> <span class='ocrx_word' id='word_1_191' title='bbox 1990 1912 2158 1988; x_wconf 76' lang='lat' dir='ltr'><strong>longa</strong></span> 
     </span>
     <span class='ocr_line' id='line_1_23' title="bbox 149 1995 2158 2075; baseline 0 -21"><span class='ocrx_word' id='word_1_192' title='bbox 149 2006 208 2055; x_wconf 85' lang='lat' dir='ltr'><strong>et</strong></span> <span class='ocrx_word' id='word_1_193' title='bbox 251 1995 440 2071; x_wconf 80' lang='lat' dir='ltr'><strong>eolla,</strong></span> <span class='ocrx_word' id='word_1_194' title='bbox 486 1997 622 2055; x_wconf 79' lang='lat' dir='ltr'><strong>item</strong></span> <span class='ocrx_word' id='word_1_195' title='bbox 669 1996 949 2075; x_wconf 88' lang='lat' dir='ltr'><strong>aquaticis</strong></span> <span class='ocrx_word' id='word_1_196' title='bbox 1005 1999 1266 2073; x_wconf 78' lang='lat' dir='ltr'><strong>quamvis</strong></span> <span class='ocrx_word' id='word_1_197' title='bbox 1305 1996 1523 2056; x_wconf 81' lang='lat' dir='ltr'><strong>brevia</strong></span> <span class='ocrx_word' id='word_1_198' title='bbox 1567 2013 1735 2056; x_wconf 84' lang='lat' dir='ltr'><strong>crura</strong></span> <span class='ocrx_word' id='word_1_199' title='bbox 1790 1995 2158 2067; x_wconf 79' lang='lat' dir='ltr'><strong>habentibus,</strong></span> 
     </span>
     <span class='ocr_line' id='line_1_24' title="bbox 148 2080 990 2156; baseline -0.002 -16"><span class='ocrx_word' id='word_1_200' title='bbox 148 2080 316 2140; x_wconf 87' lang='lat' dir='ltr'><strong>simili</strong></span> <span class='ocrx_word' id='word_1_201' title='bbox 346 2080 520 2140; x_wconf 87' lang='lat' dir='ltr'><strong>modo</strong></span> <span class='ocrx_word' id='word_1_202' title='bbox 553 2096 732 2140; x_wconf 85' lang='lat' dir='ltr'><strong>uncos</strong></span> <span class='ocrx_word' id='word_1_203' title='bbox 764 2081 990 2156; x_wconf 80' lang='lat' dir='ltr'><strong>unguis.</strong></span> 
     </span>
    </p>

    <p class='ocr_par' dir='ltr' id='par_1_7' title="bbox 67 2112 2213 2495">
     <span class='ocr_line' id='line_1_25' title="bbox 67 2112 2160 2243; baseline -0.001 -17"><span class='ocrx_word' id='word_1_204' title='bbox 67 2172 166 2228; x_wconf 88' lang='grc'><strong>179</strong></span> <span class='ocrx_word' id='word_1_205' title='bbox 284 2163 452 2243; x_wconf 86' lang='lat'>(68.)</span> <span class='ocrx_word' id='word_1_206' title='bbox 499 2164 704 2225; x_wconf 81' lang='lat' dir='ltr'><strong>Guttur</strong></span> <span class='ocrx_word' id='word_1_207' title='bbox 733 2163 946 2223; x_wconf 78' lang='lat' dir='ltr'><strong>homini</strong></span> <span class='ocrx_word' id='word_1_208' title='bbox 986 2173 1201 2224; x_wconf 83' lang='lat' dir='ltr'><strong>tantum</strong></span> <span class='ocrx_word' id='word_1_209' title='bbox 1230 2172 1292 2223; x_wconf 90' lang='lat' dir='ltr'><strong>et</strong></span> <span class='ocrx_word' id='word_1_210' title='bbox 1321 2164 1499 2223; x_wconf 87' lang='lat' dir='ltr'><strong>subus</strong></span> <span class='ocrx_word' id='word_1_211' title='bbox 1530 2112 1862 2223; x_wconf 73' lang='lat' dir='ltr'><strong>intumescit</strong></span> <span class='ocrx_word' id='word_1_212' title='bbox 1891 2180 2160 2243; x_wconf 72' lang='lat' dir='ltr'><strong>aquaram</strong></span> 
     </span>
     <span class='ocr_line' id='line_1_26' title="bbox 149 2247 2213 2327; baseline -0.001 -19"><span class='ocrx_word' id='word_1_213' title='bbox 149 2266 298 2327; x_wconf 84' lang='lat' dir='ltr'><strong>quae</strong></span> <span class='ocrx_word' id='word_1_214' title='bbox 327 2257 593 2325; x_wconf 85' lang='lat' dir='ltr'><strong>potantur</strong></span> <span class='ocrx_word' id='word_1_215' title='bbox 614 2248 959 2325; x_wconf 84' lang='lat' dir='ltr'><strong>plerumque</strong></span> <span class='ocrx_word' id='word_1_216' title='bbox 991 2248 1151 2307; x_wconf 83' lang='lat' dir='ltr'><strong>vitio.</strong></span> <span class='ocrx_word' id='word_1_217' title='bbox 1220 2265 1496 2307; x_wconf 78' lang='lat' dir='ltr'><strong>summum</strong></span> <span class='ocrx_word' id='word_1_218' title='bbox 1517 2247 1927 2325; x_wconf 64' lang='lat' dir='ltr'><strong>gulaesauces</strong></span> <span class='ocrx_word' id='word_1_219' title='bbox 1947 2261 2213 2307; x_wconf 65' lang='lat' dir='ltr'><strong>veen-2⁸</strong></span> 
     </span>
     <span class='ocr_line' id='line_1_27' title="bbox 146 2331 2160 2405; baseline 0 -14"><span class='ocrx_word' id='word_1_220' title='bbox 146 2342 270 2405; x_wconf 80' lang='grc'><strong>1111,</strong></span> <span class='ocrx_word' id='word_1_221' title='bbox 322 2341 640 2391; x_wconf 86' lang='lat' dir='ltr'><strong>extremum</strong></span> <span class='ocrx_word' id='word_1_222' title='bbox 685 2332 1035 2392; x_wconf 74' lang='lat' dir='ltr'><strong>stomachus.</strong></span> <span class='ocrx_word' id='word_1_223' title='bbox 1112 2331 1229 2391; x_wconf 87' lang='lat' dir='ltr'><strong>boe</strong></span> <span class='ocrx_word' id='word_1_224' title='bbox 1271 2334 1626 2399; x_wconf 85' lang='lat' dir='ltr'><strong>nomineest</strong></span> <span class='ocrx_word' id='word_1_225' title='bbox 1665 2331 1774 2391; x_wconf 84' lang='lat' dir='ltr'><strong>sub</strong></span> <span class='ocrx_word' id='word_1_226' title='bbox 1805 2334 2049 2391; x_wconf 76' lang='lat' dir='ltr'><strong>arteria</strong></span> <span class='ocrx_word' id='word_1_227' title='bbox 2058 2334 2160 2392; x_wconf 73' lang='lat' dir='ltr'><strong>ian</strong></span> 
     </span>
     <span class='ocr_line' id='line_1_28' title="bbox 151 2415 2157 2495; baseline -0 -20"><span class='ocrx_word' id='word_1_228' title='bbox 151 2432 401 2475; x_wconf 87' lang='lat' dir='ltr'><strong>carnosa</strong></span> <span class='ocrx_word' id='word_1_229' title='bbox 428 2416 671 2475; x_wconf 83' lang='lat' dir='ltr'><strong>inanitas</strong></span> <span class='ocrx_word' id='word_1_230' title='bbox 701 2416 925 2476; x_wconf 80' lang='lat' dir='ltr'><strong>adnexa</strong></span> <span class='ocrx_word' id='word_1_231' title='bbox 957 2417 1160 2495; x_wconf 88' lang='lat' dir='ltr'><strong>spinae</strong></span> <span class='ocrx_word' id='word_1_232' title='bbox 1182 2460 1199 2491; x_wconf 83' lang='lat'>‚</span> <span class='ocrx_word' id='word_1_233' title='bbox 1250 2417 1321 2476; x_wconf 84' lang='lat' dir='ltr'><strong>ad</strong></span> <span class='ocrx_word' id='word_1_234' title='bbox 1358 2416 1812 2475; x_wconf 77' lang='lat' dir='ltr'><strong>latitudinem-ac</strong></span> <span class='ocrx_word' id='word_1_235' title='bbox 1852 2415 2157 2493; x_wconf 67' lang='lat' dir='ltr'><strong>longitndi-</strong></span> 
     </span>
    </p>

    <p class='ocr_par' dir='ltr' id='par_1_8' title="bbox 66 2498 2211 3078">
     <span class='ocr_line' id='line_1_29' title="bbox 66 2498 2159 2575; baseline -0.003 -12"><span class='ocrx_word' id='word_1_236' title='bbox 66 2509 169 2563; x_wconf 86' lang='grc'><strong>180</strong></span> <span class='ocrx_word' id='word_1_237' title='bbox 183 2517 314 2559; x_wconf 89' lang='lat' dir='ltr'><strong>nem</strong></span> <span class='ocrx_word' id='word_1_238' title='bbox 345 2499 588 2561; x_wconf 86' lang='lat' dir='ltr'><strong>lacunae</strong></span> <span class='ocrx_word' id='word_1_239' title='bbox 619 2500 793 2560; x_wconf 84' lang='lat' dir='ltr'><strong>modo</strong></span> <span class='ocrx_word' id='word_1_240' title='bbox 820 2499 966 2560; x_wconf 84' lang='lat' dir='ltr'><strong>fusa.</strong></span> <span class='ocrx_word' id='word_1_241' title='bbox 1034 2498 1259 2575; x_wconf 80' lang='lat' dir='ltr'><strong>Quibus</strong></span> <span class='ocrx_word' id='word_1_242' title='bbox 1290 2501 1492 2560; x_wconf 75' lang='lat' dir='ltr'><strong>fauces</strong></span> <span class='ocrx_word' id='word_1_243' title='bbox 1522 2516 1637 2558; x_wconf 80' lang='lat' dir='ltr'><strong>non</strong></span> <span class='ocrx_word' id='word_1_244' title='bbox 1671 2508 1804 2558; x_wconf 81' lang='lat' dir='ltr'><strong>sunt</strong></span> <span class='ocrx_word' id='word_1_245' title='bbox 1832 2517 1911 2558; x_wconf 89' lang='lat' dir='ltr'><strong>ne</strong></span> <span class='ocrx_word' id='word_1_246' title='bbox 1948 2509 2159 2558; x_wconf 75' lang='lat' dir='ltr'><strong>stoma·</strong></span> 
     </span>
     <span class='ocr_line' id='line_1_30' title="bbox 149 2582 2157 2662; baseline -0.001 -19"><span class='ocrx_word' id='word_1_247' title='bbox 149 2584 292 2644; x_wconf 89' lang='lat' dir='ltr'><strong>chus</strong></span> <span class='ocrx_word' id='word_1_248' title='bbox 323 2583 556 2662; x_wconf 79' lang='lat' dir='ltr'><strong>quidem</strong></span> <span class='ocrx_word' id='word_1_249' title='bbox 587 2593 712 2658; x_wconf 81' lang='lat' dir='ltr'><strong>est,</strong></span> <span class='ocrx_word' id='word_1_250' title='bbox 755 2602 867 2643; x_wconf 90' lang='lat' dir='ltr'><strong>nec</strong></span> <span class='ocrx_word' id='word_1_251' title='bbox 912 2584 1066 2643; x_wconf 86' lang='lat' dir='ltr'><strong>colla</strong></span> <span class='ocrx_word' id='word_1_252' title='bbox 1108 2601 1222 2643; x_wconf 88' lang='lat' dir='ltr'><strong>nec</strong></span> <span class='ocrx_word' id='word_1_253' title='bbox 1250 2592 1474 2661; x_wconf 77' lang='lat' dir='ltr'><strong>guttur,</strong></span> <span class='ocrx_word' id='word_1_254' title='bbox 1517 2583 1579 2644; x_wconf 83' lang='lat' dir='ltr'><strong>ut</strong></span> <span class='ocrx_word' id='word_1_255' title='bbox 1610 2582 1916 2661; x_wconf 79' lang='lat' dir='ltr'><strong>piscibus,</strong></span> <span class='ocrx_word' id='word_1_256' title='bbox 1970 2592 2034 2642; x_wconf 84' lang='lat' dir='ltr'><strong>et</strong></span> <span class='ocrx_word' id='word_1_257' title='bbox 2062 2598 2157 2641; x_wconf 82' lang='lat' dir='ltr'><strong>ora</strong></span> 
     </span>
     <span class='ocr_line' id='line_1_31' title="bbox 149 2666 2211 2745; baseline -0.001 -18"><span class='ocrx_word' id='word_1_258' title='bbox 149 2668 445 2728; x_wconf 85' lang='lat' dir='ltr'><strong>ventribus</strong></span> <span class='ocrx_word' id='word_1_259' title='bbox 471 2670 796 2745; x_wconf 80' lang='lat' dir='ltr'><strong>iunguntur.</strong></span> <span class='ocrx_word' id='word_1_260' title='bbox 853 2667 1149 2727; x_wconf 87' lang='lat' dir='ltr'><strong>Testudiui</strong></span> <span class='ocrx_word' id='word_1_261' title='bbox 1179 2670 1434 2727; x_wconf 87' lang='lat' dir='ltr'><strong>marinae</strong></span> <span class='ocrx_word' id='word_1_262' title='bbox 1465 2668 1659 2744; x_wconf 86' lang='lat' dir='ltr'><strong>lingua</strong></span> <span class='ocrx_word' id='word_1_263' title='bbox 1689 2666 1849 2726; x_wconf 88' lang='lat' dir='ltr'><strong>nulla</strong></span> <span class='ocrx_word' id='word_1_264' title='bbox 1877 2684 1993 2725; x_wconf 91' lang='lat' dir='ltr'><strong>nec</strong></span> <span class='ocrx_word' id='word_1_265' title='bbox 2024 2666 2211 2726; x_wconf 62' lang='lat' dir='ltr'><strong>deo-st</strong></span> 
     </span>
     <span class='ocr_line' id='line_1_32' title="bbox 148 2750 2156 2850; baseline -0.001 -38"><span class='ocrx_word' id='word_1_266' title='bbox 148 2762 275 2827; x_wconf 86' lang='lat' dir='ltr'><strong>tes,</strong></span> <span class='ocrx_word' id='word_1_267' title='bbox 306 2753 483 2812; x_wconf 88' lang='lat' dir='ltr'><strong>rostri</strong></span> <span class='ocrx_word' id='word_1_268' title='bbox 508 2754 636 2812; x_wconf 84' lang='lat' dir='ltr'><strong>acie</strong></span> <span class='ocrx_word' id='word_1_269' title='bbox 668 2753 992 2850; x_wconf 72' lang='lat' dir='ltr'><strong>conminuit</strong></span> <span class='ocrx_word' id='word_1_270' title='bbox 1007 2752 1215 2811; x_wconf 84' lang='lat' dir='ltr'><strong>omnia.</strong></span> <span class='ocrx_word' id='word_1_271' title='bbox 1278 2761 1483 2830; x_wconf 82' lang='lat' dir='ltr'><strong>postea</strong></span> <span class='ocrx_word' id='word_1_272' title='bbox 1509 2752 1719 2811; x_wconf 74' lang='lat' dir='ltr'><strong>arteria</strong></span> <span class='ocrx_word' id='word_1_273' title='bbox 1744 2760 1811 2809; x_wconf 90' lang='lat' dir='ltr'><strong>et</strong></span> <span class='ocrx_word' id='word_1_274' title='bbox 1828 2750 2156 2810; x_wconf 77' lang='lat' dir='ltr'><strong>stomachus</strong></span> 
     </span>
     <span class='ocr_line' id='line_1_33' title="bbox 152 2826 2181 2899; baseline -0.002 -2"><span class='ocrx_word' id='word_1_275' title='bbox 152 2837 533 2897; x_wconf 78' lang='lat' dir='ltr'><strong>denticulatus</strong></span> <span class='ocrx_word' id='word_1_276' title='bbox 575 2835 731 2899; x_wconf 86' lang='lat' dir='ltr'><strong>callo</strong></span> <span class='ocrx_word' id='word_1_277' title='bbox 776 2837 833 2894; x_wconf 88' lang='grc'><strong>111</strong></span> <span class='ocrx_word' id='word_1_278' title='bbox 866 2836 1097 2896; x_wconf 84' lang='lat' dir='ltr'><strong>modum</strong></span> <span class='ocrx_word' id='word_1_279' title='bbox 1134 2835 1262 2895; x_wconf 90' lang='lat' dir='ltr'><strong>rubi</strong></span> <span class='ocrx_word' id='word_1_280' title='bbox 1301 2836 1375 2896; x_wconf 78' lang='lat' dir='ltr'><strong>a&#39;d</strong></span> <span class='ocrx_word' id='word_1_281' title='bbox 1408 2833 1804 2896; x_wconf 78' lang='lat' dir='ltr'><strong>conficiendos</strong></span> <span class='ocrx_word' id='word_1_282' title='bbox 1850 2833 2023 2894; x_wconf 85' lang='lat' dir='ltr'><strong>eibos</strong></span> <span class='ocrx_word' id='word_1_283' title='bbox 2062 2826 2181 2893; x_wconf 70' lang='lat' dir='ltr'><strong>de-</strong></span> 
     </span>
     <span class='ocr_line' id='line_1_34' title="bbox 150 2919 2154 2999; baseline -0.001 -20"><span class='ocrx_word' id='word_1_284' title='bbox 150 2920 550 2981; x_wconf 71' lang='lat' dir='ltr'><strong>crescentibus</strong></span> <span class='ocrx_word' id='word_1_285' title='bbox 585 2921 792 2981; x_wconf 83' lang='lat' dir='ltr'><strong>taeniis</strong></span> <span class='ocrx_word' id='word_1_286' title='bbox 816 2919 1091 2998; x_wconf 82' lang='lat' dir='ltr'><strong>quidquid</strong></span> <span class='ocrx_word' id='word_1_287' title='bbox 1122 2919 1548 2999; x_wconf 80' lang='lat' dir='ltr'><strong>adpropinquat</strong></span> <span class='ocrx_word' id='word_1_288' title='bbox 1579 2920 1788 2978; x_wconf 75' lang='lat' dir='ltr'><strong>ventri.</strong></span> <span class='ocrx_word' id='word_1_289' title='bbox 1847 2919 2154 2977; x_wconf 72' lang='lat' dir='ltr'><strong>novi-sin·</strong></span> 
     </span>
     <span class='ocr_line' id='line_1_35' title="bbox 152 3002 2201 3078; baseline 0.003 -19"><span class='ocrx_word' id='word_1_290' title='bbox 152 3005 438 3078; x_wconf 83' lang='lat' dir='ltr'><strong>asperitas</strong></span> <span class='ocrx_word' id='word_1_291' title='bbox 473 3013 535 3064; x_wconf 87' lang='lat' dir='ltr'><strong>ut</strong></span> <span class='ocrx_word' id='word_1_292' title='bbox 564 3002 808 3064; x_wconf 87' lang='lat' dir='ltr'><strong>scobina</strong></span> <span class='ocrx_word' id='word_1_293' title='bbox 840 3003 1083 3063; x_wconf 79' lang='lat' dir='ltr'><strong>fabrilis.</strong></span> <span class='ocrx_word' id='word_1_294' title='bbox 2198 3030 2201 3037; x_wconf 91' lang='lat'>·</span> 
     </span>
    </p>

    <p class='ocr_par' dir='ltr' id='par_1_9' title="bbox 69 3034 2205 3248">
     <span class='ocr_line' id='line_1_36' title="bbox 69 3034 2205 3165; baseline -0.002 -20"><span class='ocrx_word' id='word_1_295' title='bbox 69 3091 168 3145; x_wconf 94' lang='grc'><strong>181</strong></span> <span class='ocrx_word' id='word_1_296' title='bbox 286 3085 455 3162; x_wconf 83' lang='lat'>(69.)</span> <span class='ocrx_word' id='word_1_297' title='bbox 505 3084 625 3145; x_wconf 85' lang='lat' dir='ltr'><strong>Cor</strong></span> <span class='ocrx_word' id='word_1_298' title='bbox 649 3087 987 3147; x_wconf 75' lang='lat' dir='ltr'><strong>animalibus</strong></span> <span class='ocrx_word' id='word_1_299' title='bbox 1019 3088 1239 3146; x_wconf 89' lang='lat' dir='ltr'><strong>ceteris</strong></span> <span class='ocrx_word' id='word_1_300' title='bbox 1279 3087 1474 3147; x_wconf 88' lang='lat' dir='ltr'><strong>medio</strong></span> <span class='ocrx_word' id='word_1_301' title='bbox 1505 3094 1753 3165; x_wconf 84' lang='lat' dir='ltr'><strong>pectore</strong></span> <span class='ocrx_word' id='word_1_302' title='bbox 1787 3095 1917 3160; x_wconf 73' lang='lat' dir='ltr'><strong>est,</strong></span> <span class='ocrx_word' id='word_1_303' title='bbox 1948 3034 2205 3145; x_wconf 57' lang='lat' dir='ltr'><strong>boniba</strong></span> 
     </span>
     <span class='ocr_line' id='line_1_37' title="bbox 154 3169 2152 3248; baseline 0.004 -28"><span class='ocrx_word' id='word_1_304' title='bbox 154 3171 364 3222; x_wconf 87' lang='lat' dir='ltr'><strong>tantum</strong></span> <span class='ocrx_word' id='word_1_305' title='bbox 414 3169 560 3227; x_wconf 83' lang='lat' dir='ltr'><strong>infra</strong></span> <span class='ocrx_word' id='word_1_306' title='bbox 615 3169 840 3229; x_wconf 74' lang='lat' dir='ltr'><strong>laevam</strong></span> <span class='ocrx_word' id='word_1_307' title='bbox 889 3170 1164 3248; x_wconf 83' lang='lat' dir='ltr'><strong>papillam</strong></span> <span class='ocrx_word' id='word_1_308' title='bbox 1195 3169 1482 3230; x_wconf 85' lang='lat' dir='ltr'><strong>turbinato</strong></span> <span class='ocrx_word' id='word_1_309' title='bbox 1526 3187 1806 3230; x_wconf 82' lang='lat' dir='ltr'><strong>mucrene</strong></span> <span class='ocrx_word' id='word_1_310' title='bbox 1859 3170 1941 3229; x_wconf 83' lang='lat' dir='ltr'><strong>in</strong></span> <span class='ocrx_word' id='word_1_311' title='bbox 1964 3170 2152 3248; x_wconf 77' lang='lat' dir='ltr'><strong>priora</strong></span> 
     </span>
    </p>
   </div>
   <div class='ocr_carea' id='block_1_3' title="bbox 156 3245 2153 3414">
    <p class='ocr_par' dir='ltr' id='par_1_10' title="bbox 156 3245 2153 3414">
     <span class='ocr_line' id='line_1_38' title="bbox 157 3245 2153 3335; baseline 0.007 -35"><span class='ocrx_word' id='word_1_312' title='bbox 157 3245 434 3303; x_wconf 70' lang='lat' dir='ltr'><strong>eminens„</strong></span> <span class='ocrx_word' id='word_1_313' title='bbox 497 3252 770 3324; x_wconf 86' lang='lat' dir='ltr'><strong>piscibus</strong></span> <span class='ocrx_word' id='word_1_314' title='bbox 787 3253 933 3313; x_wconf 86' lang='lat' dir='ltr'><strong>solis</strong></span> <span class='ocrx_word' id='word_1_315' title='bbox 962 3253 1037 3313; x_wconf 87' lang='lat' dir='ltr'><strong>ad</strong></span> <span class='ocrx_word' id='word_1_316' title='bbox 1063 3271 1135 3313; x_wconf 85' lang='lat' dir='ltr'><strong>os</strong></span> <span class='ocrx_word' id='word_1_317' title='bbox 1168 3263 1416 3335; x_wconf 84' lang='lat' dir='ltr'><strong>spectat.</strong></span> <span class='ocrx_word' id='word_1_318' title='bbox 1486 3253 1627 3314; x_wconf 77' lang='lat' dir='ltr'><strong>Hoc·</strong></span> <span class='ocrx_word' id='word_1_319' title='bbox 1644 3256 1891 3332; x_wconf 76' lang='lat' dir='ltr'><strong>primun</strong></span> <span class='ocrx_word' id='word_1_320' title='bbox 1916 3269 2153 3313; x_wconf 75' lang='lat' dir='ltr'><strong>nascen-</strong></span> 
     </span>
     <span class='ocr_line' id='line_1_39' title="bbox 156 3324 2151 3414; baseline 0.01 -34"><span class='ocrx_word' id='word_1_321' title='bbox 156 3324 308 3381; x_wconf 89' lang='lat' dir='ltr'><strong>tibus</strong></span> <span class='ocrx_word' id='word_1_322' title='bbox 338 3324 571 3388; x_wconf 73' lang='lat' dir='ltr'><strong>formari</strong></span> <span class='ocrx_word' id='word_1_323' title='bbox 602 3334 658 3391; x_wconf 89' lang='lat' dir='ltr'><strong>in</strong></span> <span class='ocrx_word' id='word_1_324' title='bbox 688 3344 855 3395; x_wconf 87' lang='lat' dir='ltr'><strong>utero</strong></span> <span class='ocrx_word' id='word_1_325' title='bbox 875 3337 1132 3412; x_wconf 85' lang='lat' dir='ltr'><strong>tradunt,</strong></span> <span class='ocrx_word' id='word_1_326' title='bbox 1167 3337 1377 3399; x_wconf 71' lang='lat' dir='ltr'><strong>deinde</strong></span> <span class='ocrx_word' id='word_1_327' title='bbox 1410 3337 1737 3414; x_wconf 74' lang='lat' dir='ltr'><strong>cerebrum,</strong></span> <span class='ocrx_word' id='word_1_328' title='bbox 1770 3339 1931 3397; x_wconf 70' lang='lat' dir='ltr'><strong>sicat</strong></span> <span class='ocrx_word' id='word_1_329' title='bbox 1956 3335 2151 3398; x_wconf 73' lang='lat' dir='ltr'><strong>tardis·-</strong></span> 
     </span>
    </p>
   </div>
  </div>
 </body>
</html>
