2320 3650
693 58 850 106 ΝΑΤ.
887 56 1067 105 ms‘r.
1101 58 1212 104 xv.
1249 55 1334 109 28.
1374 48 1460 109 294
1495 41 1797 126 (34—38.)
2119 42 2245 121 299

243 230 376 292 pus,
409 212 589 272 altera
621 213 865 289 patricias
881 212 1199 291 appellata,
1230 212 1412 273 altera
1437 210 1686 291 plebeia.
1743 211 1981 290 patricia
2009 210 2201 270 multis
2228 222 2277 274 15

244 298 408 358 annis
435 292 1126 375 praevaluit-‘exuberans
1168 313 1238 355 ac
1270 296 1439 356 laeta.
1507 296 1771 373 quamdiu
1814 304 2048 357 senatus
2101 312 2241 372 quo-

245 380 373 460 que'
404 380 627 455 floruit,
669 380 769 439 illa
798 380 1032 457 ingens,
1070 374 1311 458 plebeia
1339 380 1624 440 retorrida
1656 397 1726 440 ac
1755 378 2037 458 squalida.
2096 396 2245 456 quae

246 473 556 543 postquam
587 463 802 523 evaluit
826 463 1181 524 flavescente
1208 465 1470 543 patricia,
1498 461 1750 523 Marsico
1781 463 1942 523 bello
1974 462 2242 539 languida

88 602 103 615 x
194 567 223 603 5
246 549 562 608 auctoritas
593 555 812 625 patrum
841 548 992 608 facta
1021 556 1141 624 est,
1188 567 1259 608 ac
1287 548 1557 626 paulatim
1587 547 1643 606 in
1672 545 2034 606 sterilitatem
2061 565 2245 606 emar·

244 634 366 691 cuit
403 633 696 691 maiestas.
763 630 914 704 Quin
952 629 1151 693 et'ara
1186 642 1356 692 vetus
1386 631 1490 691 fuit
1512 630 1728 691 Veneri
1760 629 2041 707 Myrteae‚
2075 648 2243 710 quam

242 734 395 775 nunc
425 714 688 775 Murtiam
721 724 950 774 vocant.

373 800 542 878 (37.)
600 796 742 858 Cato
783 801 892 859 tria
935 817 1155 876 genera
1186 800 1356 874 myrti
1396 799 1677 877 prodidit,
1717 799 1969 876 nigram,
2014 799 2202 859 candi·
2229 810 2277 862 15

176 919 190 934 ·
244 885 394 960 dam,
428 882 814 961 coniugulam,
853 883 1121 943 fortassis
1153 901 1187 944 a
1224 884 1530 961 coniugiis,
1561 901 1637 942 ex
1667 883 1769 942 illo
1797 879 2111 943 Cluacinae
2140 902 2242 960 ge-

164 985 222 1027 10
242 987 409 1028 ner-e.
462 985 611 1026 nunc
639 976 697 1026 et
728 966 840 1027 alia
868 966 1155 1028 distinctio
1200 968 1421 1028 sativae
1458 975 1553 1027 aut
1580 966 1867 1027 silvestris
1899 976 1958 1027 et
1995 968 2053 1026 in
2093 977 2241 1027 utra-

243 1071 358 1131 que
410 1050 710 1124 latifoliae.
788 1051 845 1109 in
891 1051 1144 1117 silvestri
1191 1053 1428 1130 propria
1473 1051 1895 1126 oxymyrsine„
1936 1052 2244 1111 sativarum

241 1148 465 1214 genera
503 1135 734 1213 topiarii
775 1134 990 1195 faciunt
1032 1135 1395 1196 Tarentinam
1434 1134 1576 1195 folio
1618 1135 1867 1210 minuto,
1924 1144 2243 1194 nostratem

240 1219 477 1299 patulo,
532 1218 927 1279 hexasticham
978 1220 1357 1295 densissimo,
1417 1221 1574 1279 senis
1627 1218 1898 1278 foliorum
1952 1212 2240 1279 versibus.

242 1305 392 1364 haec
422 1319 536 1362 non
566 1312 656 1363 est
685 1305 742 1362 in
770 1320 1165 1379 usu,-ramosa
1204 1313 1265 1363 ut
1293 1308 1441 1382 quae
1471 1305 1654 1362 minus
1687 1302 1822 1362 alta.
1879 1302 2242 1381 coniugalem

163 1411 219 1451 15
244 1388 513 1448 existimo
580 1405 731 1447 nunc
793 1397 1110 1447 nostratem
1164 1388 1299 1464 dici.
1349 1385 1611 1462 ‘Myrtus
1674 1387 2075 1446 odoratissima
2145 1388 2200 1446 in
2226 1397 2279 1450 15

239 1472 539 1553 Aegypto.
609 1468 754 1531 Cato
801 1472 996 1531 docuit
1039 1473 1232 1531 vinum
1264 1472 1391 1531 fieri
1429 1490 1462 1531 e
1507 1471 1670 1547 nigra
1710 1463 1927 1531 siccata
1972 1472 2246 1550 usquein

240 1555 564 1616 ariditatem
605 1555 663 1614 in
703 1552 899 1616 umbra
937 1565 1108 1632 atque
1151 1556 1227 1615 ita
1260 1564 1445 1615 musto
1470 1555 1667 1619 indita.
1724 1556 1773 1613 si
1812 1571 1925 1613 non
1952 1556 2246 1615 siccentur

198 1656 203 1659 “
240 1638 459 1713 bacae,
494 1638 681 1699 oleum
711 1639 890 1716 gigni.
945 1649 1154 1717 postea
1186 1648 1521 1718 conpertum
1548 1646 1605 1699 et
1635 1656 1710 1699 ex
1740 1637 1873 1699 alba
1902 1640 2092 1699 vinum
2118 1639 2256 1699 fieri*

242 1721 466 1797 album,
515 1722 738 1784 duobus
779 1724 1048 1783 sextariis
1088 1724 1258 1798 myrti
1300 1732 1505 1784 tunsae
1547 1724 1606 1783 in
1634 1723 1748 1781 vini
1783 1722 1962 1783 tribus
2002 1723 2245 1783 heminis

164 1824 220 1865 ρο
237 1814 568 1882 maceratae
612 1825 1072 1888 expressaeque.
1141 1808 1285 1869 folia
1327 1816 1388 1868 et
1425 1827 1533 1887 per
1581 1827 1647 1869 se
1684 1808 1971 1869 siccantur
2013 1808 2068 1868 in
2109 1807 2242 1868 fari-

239 1909 372 1951 nam
409 1891 481 1950 ad
522 1891 783 1952 ulcerum
809 1894 1068 1953 remedia
1102 1895 1158 1953 in
1181 1910 1447 1971 corpore
1480 1894 1723 1954 humano
1752 1892 1961 1953 leniter
1988 1892 2245 1953 mordaci

172 2035 179 2040 ,
239 1975 486 2055 pulvere
518 1992 588 2035 ac
616 1975 1032 2054 refrigerandis
1063 1977 1391 2037 sudoribus.
1452 1978 1757 2055 quinimmo
1790 1977 1927 2038 oleo
1951 1994 2207 2056 quoque,
2231 1983 2281 2041 li

237 2061 443 2120 mirum
471 2059 645 2135 dictu,
675 2061 828 2120 inest
858 2059 1082 2138 quidam
1109 2059 1226 2119 vini
1254 2078 1432 2139 sapor
1460 2059 1744 2139 simulque
1773 2061 2001 2139 pinguis
2032 2061 2244 2139 liquor,

238 2144 557 2222 praecipua
598 2144 656 2202 vi
683 2144 755 2204 ad
788 2144 1134 2221 corrigenda
1156 2146 1296 2204 vina
1324 2144 1514 2204 saccis
1546 2153 1676 2204 ante
1705 2144 1979 2222 perfusis.
2032 2146 2245 2204 retinet

160 2246 217 2285 25
240 2228 381 2306 quip
428 2246 461 2287 e
497 2227 753 2302 faecem,
796 2246 908 2288 nec
952 2237 1188 2306 praeter
1216 2246 1419 2306 purum
1446 2228 1730 2306 liquorem
1756 2228 2001 2287 transire
2030 2230 2244 2307 patitur

239 2312 336 2371 dat
422 2330 454 2370 e
485 2329 551 2370 se
583 2313 847 2372 comitem
876 2314 1190 2391 praecipua
1217 2311 1713 2384 commendatione
1743 2312 1982 2390 liquato.
2041 2313 2245 2389 virgae

241 2413 478 2474 quoque
517 2397 640 2455 eius
684 2406 949 2473 gestatae
992 2395 1166 2456 modo
1212 2397 1420 2456 viatori
1459 2405 1702 2474 prosunt
1730 2396 1787 2455 in
1821 2396 1998 2473 longo
2035 2396 2245 2456 itinere

239 2478 441 2558 pediti.
501 2480 636 2557 quin
676 2490 736 2540 et
776 2480 963 2559 virgei
1004 2480 1158 2540 anuli
1206 2490 1484 2560 expertes
1530 2480 1672 2541 ferri
1717 2481 2008 2559 inguinum
2035 2482 2244 2541 tumori

236 2562 560 2623 medentur.
1921 2594 1932 2602 ο

159 2664 218 2704 3ο
369 2646 536 2726 (38.)
579 2647 1080 2727 Bellicisquoque
1112 2653 1188 2709 se'
1220 2647 1398 2710 rebus
1429 2648 1702 2725 inseruit,
1735 2649 2203 2728 triumphansque
2227 2661 2281 2715 15

236 2732 311 2791 de
344 2731 573 2791 Sabinis
600 2732 921 2792 Postumius
955 2732 1246 2793 Tubertus
1276 2734 1334 2792 in
1367 2733 1665 2794 consulatu
1685 2777 1704 2809 ,
1750 2734 1848 2811 qui
1875 2733 2090 2811 primus
2122 2751 2240 2794 om-

232 2815 389 2874 nium
434 2832 613 2875 ovans
657 2817 956 2891 ingressus
997 2817 1199 2876 urbem
1233 2826 1360 2894 est,
1403 2819 1673 2896 quoniam
1718 2836 1842 2877 rem
1873 2816 2082 2878 leniter
2116 2820 2243 2878 sine

235 2916 448 2959 cruore
507 2909 781 2976 gesserat
824 2909 1011 2974 myrto
1048 2901 1299 2961 Veneris
1341 2902 1599 2961 victricis
1649 2910 1959 2961 coronatus
2001 2901 2245 2962 incessit

234 2982 670 3061 optabilemque
722 2982 992 3043 arborem
1050 2987 1221 3045 etiam
1275 2984 1537 3045 hostibus
1589 2984 1749 3045 fecit.
1819 2984 1998 3046 Haecs
2033 2994 2243 3063 postea

155 3067 526 3126 ssovantium
565 3066 670 3127 fuit
715 3084 931 3126 corona
975 3078 1230 3148 excepto
1269 3066 1345 3127 Μ.
1383 3068 1598 3129 Crasso
1631 3070 1726 3147 qui
1765 3069 1838 3129 de
1880 3068 2136 3147 fugitivis
2186 3078 2244 3128 et

233 3152 519 3228 Spartaco
564 3151 760 3211 laurea
809 3153 1423 3212 coronatusincessit.
1507 3151 1795 3212 Masurius
1853 3163 2056 3213 auctor
2110 3161 2202 3211 est
2226 3165 2281 3216 12

234 3249 405 3293 curru
438 3251 673 3313 quoque
701 3234 1098 3312 triumphantis
1128 3245 1351 3311 myrtea
1396 3253 1615 3296 corona
1647 3254 1807 3297 usos.
1861 3235 1924 3296 L.
1960 3237 2094 3297 Piso
2126 3244 2239 3295 tra·

233 3318 316 3378 dit
350 3318 635 3397 Papirium
673 3318 1002 3394 Masonem,
1053 3321 1148 3397 qui
1186 3322 1401 3398 primus
1444 3320 1502 3380 in
1544 3330 1737 3381 monte
1772 3320 2003 3382 Albano
2045 3320 2238 3382 trium-

2159 3493 2281 3581 Δ
