2320 3650
625 97 781 142 NAT.
818 70 1000 144 ms'r:
1031 96 1153 145 ΧΠ.
1187 94 1273 146 13.
1310 93 1399 145 142
1429 84 1732 164 (ue—32.)
1890 146 1893 155 ,
2078 84 2200 144 217

193 251 406 310 merois
421 251 654 327 augeri.
718 250 945 327 quidam
986 252 1376 327 promiscuum
1416 254 1611 311 tusiis
1650 254 1881 331 populis
1902 269 2046 312 esse
2080 261 2198 311 m·

194 337 334 395 dunt
374 336 432 394 in
464 334 658 408 silvis,
694 333 790 393 alii
823 350 938 412 pen
958 336 1105 393 vicis
1137 348 1413 394 amorum
1442 335 1637 395 dividi.
2074 364 2077 369 ·

324 419 491 496 (31.)
539 416 667 479 Nec
708 417 934 477 arboris
963 418 1145 496 ipsius
1184 435 1336 497 quae
1367 421 1442 479 sit
1475 419 1661 479 facies
1695 428 1940 479 coastat.
1998 437 2113 480 ¹res
2140 421 2198 478 in
2218 428 2290 481 55

189 503 406 562 Arabia
439 503 730 579 gessimus
762 511 823 561 et
851 501 1110 563 Romana
1133 505 1375 564 armain
1403 521 1666 580 magnam
1693 512 1914 582 partem
1943 504 2074 562 eius
2098 521 2201 581 pe-

136 597 534 661 5-,uetravere
577 585 751 646 Gaius
807 588 984 647 etiam
1025 585 1247 648 Caesar
1286 586 1535 666 Augusti
1577 589 1727 648 filius
1775 586 2200 664 in‘degloriam

186 673 386 752 petiit,
419 686 531 730 nec
559 679 751 730 tamen
781 670 857 730 ab
885 671 1060 746 ullo,
1080 672 1238 751 quod
1263 673 1529 749 equidem
1562 670 2230 747 sciam,Latinota1-bo-

186 774 312 816 rum
353 768 549 814 earum
590 753 799 815 tradita
845 764 940 814 est
977 754 1181 815 facies.
1257 754 1623 816 Graecorum
1638 717 1928 834 {exempla
1960 757 2197 817 variant.
2221 764 2289 818 56

139 850 142 855 ’
187 840 286 900 alii
318 839 468 899 folio
495 838 627 917 piri,
660 840 883 899 minore
914 840 1208 900 dumtaxat
1237 848 1297 898 et
1326 840 1556 901 herbidi
1589 842 1828 913 coloris,
1862 832 2199 918 prodidere.

188 924 288 983 alii
333 923 600 983 lentisco
651 923 895 983 similem
959 923 1256 984 subrufflo
1290 924 1456 984 folio.
1535 927 1764 1003 quidam
1816 924 2203 983 terebinthum

116 1039 174 1079 w
191 1024 361 1082 esse,
395 1017 454 1067 et
481 1008 600 1066 hoc
624 1009 810 1068 visum
835 1007 1132 1086 Antigono
1153 1010 1285 1084 regi
1315 1010 1515 1070 adlato
1531 1011 1760 1070 frutice.
1827 1008 1969 1068 Iuba
1999 1025 2107 1067 rex
2132 1010 2202 1066 iis

188 1090 577 1152 voluminibus
611 1108 766 1169 quae
793 1093 1035 1170 scripsit
1073 1092 1145 1152 ad
1180 1091 1245 1151 C.
1279 1091 1593 1153 Caesarem
1624 1095 1875 1171 Augusti
1901 1093 2076 1152 filium
2113 1109 2202 1152 ar-

188 1175 599 1260 dentemfama
631 1176 883 1239 Arabiae
906 1176 1082 1236 tradit
1104 1178 1358 1236 contorti
1389 1195 1523 1237 esse
1551 1180 1840 1256 caudicis,
1872 1180 2042 1238 ramis
2067 1194 2201 1236 aee-

186 1262 272 1320 ris
292 1274 559 1331 maxume
580 1260 822 1336 Pontici,
843 1278 1050 1320 -sucum
1076 1261 1419 1338 amygdalae
1443 1263 1616 1321 modo
1642 1263 1932 1335 emittere,
1951 1261 2202 1339 talisque

187 1348 246 1403 in
283 1342 587 1404 Carmania
620 1345 922 1422 adparere·
938 1354 997 1404 te
1032 1346 1090 1403 iu
1112 1344 1394 1423 Aegypto
1422 1354 1581 1405 satas
1616 1346 1807 1406 studio
1835 1345 2199 1405 Ptolemaeo-

117 1455 171 1496 15
188 1447 314 1489 rum
347 1429 727 1504 regnantium.
790 1431 1010 1488 cortice
1044 1430 1187 1488 lauri
1219 1447 1357 1488 esse
1382 1439 1630 1505 constat,
1665 1431 1892 1507 quidam
1914 1439 1972 1489 et
1999 1429 2199 1489 folium
2221 1436 2286 1492 57

189 1513 381 1574 simile
406 1513 629 1572 dixere.
691 1513 825 1572 talis
861 1522 1023 1572 certe
1059 1514 1173 1572 fuit
1205 1515 1382 1573 arbor
1411 1513 1709 1574 Sardibus.
1771 1532 1899 1575 nam
1934 1522 1993 1572 et
2023 1513 2204 1573 Asiae

188 1598 844 1674 regesserendi-curam
872 1597 1215 1658 hahuerunt.
1256 1599 1503 1676 quirnea
1532 1608 1723 1658 aetate
1749 1599 1926 1676 legati
1953 1616 2028 1657 ex
2055 1596 2200 1656 Ara-

187 1681 284 1741 bia
313 1690 602 1740 venerunt
640 1683 826 1740 omnia
866 1683 1181 1742 incertiora
1216 1681 1514 1757 fecerunt,
1564 1682 1720 1760 quod
1749 1685 1875 1741 iure
1905 1683 2198 1755 miremur,

186 1767 370 1844 virgis
405 1767 574 1827 etiam
615 1767 758 1825 turis
787 1766 859 1827 ad
900 1784 1010 1828 nos
1037 1767 1522 1843 commeantibus,
1567 1767 1777 1846 quibus
1805 1767 1974 1828 credi
2004 1773 2204 1845 potest

114 1860 428 1914 wmatrem
458 1868 692 1929 quoque
721 1860 910 1912 terete
944 1862 1006 1911 et
1033 1852 1208 1912 enodi
1237 1853 1513 1912 fruticare
1542 1862 1769 1912 trunco.
1896 1873 1899 1878 >
1926 1912 1931 1917 ,

318 1925 483 2014 (32.)
530 1933 670 1994 Meti
722 1936 906 1995 semel
950 1953 1098 1995 anno
1144 1936 1379 1997 solebat
1429 1939 1653 1997 minore
1704 1938 2018 1997 occasione
2061 1952 2203 1994 ven-
2178 1940 2290 1995 -58

187 2019 381 2088 dendi.
444 2020 554 2078 iam
585 2029 862 2097 quaestus
895 2020 1137 2081 alteram
1169 2022 1510 2081 vindemiam
1550 2021 1757 2080 adfert.
1837 2022 1999 2100 prior
2026 2028 2203 2096 atque

186 2103 463 2163 naturalis
496 2104 782 2163 vindemia
814 2106 969 2164 circa
1000 2106 1159 2164 canis
1193 2115 1378 2165 ortum
1404 2105 1849 2181 flagrantissimo
1882 2113 2081 2177 aestu,
2119 2103 2199 2160 in-

189 2187 512 2248 cidentibus
552 2203 665 2265 qua
709 2205 973 2248 maxume
1004 2189 1267 2248 videatur
1299 2205 1435 2247 esse
1475 2205 1767 2266 praegnas
1801 2188 2199 2247 tenuissimus-

112 2288 304 2351 2sque
332 2272 492 2330 tendi
521 2280 745 2330 cortex.
809 2272 1037 2332 laxatur
1055 2272 1149 2331 hic
1172 2273 1379 2351 plaga,
1412 2289 1527 2330 non
1559 2272 1841 2334 adimitur.
1902 2271 2032 2331 inde
2066 2285 2200 2347 pro-

186 2356 304 2416 sila
337 2373 539 2434 spuma
569 2356 819 2433 pinguis.
876 2355 1026 2416 haec
1055 2365 1335 2415 concreta
1368 2355 1676 2432 densatur,
1725 2355 1820 2415 ubi
1856 2353 1973 2414 loci
2002 2363 2205 2413 natura

185 2449 395 2517 poscat
437 2448 635 2517 tegete
686 2441 913 2518 palmea
958 2441 1328 2519 excipiente,
1377 2439 1551 2499 aliubi
1597 2457 1735 2499 area
1769 2439 2200 2516 circumpavita.

185 2524 387 2603 purius
415 2523 518 2583 illo
552 2524 761 2598 modo,
794 2525 900 2584 sed
929 2524 1045 2584 boo
1074 2515 1483 2602 ponderosius.
1544 2524 1747 2601 quod
1729 2542 1786 2582 ιιι
1815 2523 2029 2582 arbore
2060 2522 2198 2580 hae·

185 2608 261 2667 sit
310 2606 471 2667 ferro
516 2608 875 2686 depectitur,
928 2608 1063 2667 ideo
1120 2608 1492 2668 corticosum.
1578 2608 1738 2667 Silva
1792 2607 1974 2667 divisa
2019 2606 2197 2665 certis
2218 2610 2295 2665 59

53 2695 68 2714 ²
114 2691 553 2771 aoportionibus
586 2701 778 2752 mutua
806 2693 1283 2753 innocentia-tnta
1317 2701 1438 2767 est,
1483 2709 1655 2751 nemo
1687 2691 1917 2751 saucias
1957 2690 2201 2750 arbores

185 2775 467 2854 custodit,
513 2794 682 2835 nemo
731 2776 951 2836 furatur
1007 2778 1195 2836 alteri.
1274 2786 1366 2852 at,
1417 2775 1736 2851 HerculeS,
1777 2774 2197 2845 Alexandriae,

185 2860 286 2919 ubi
325 2869 451 2919 tura
498 2860 954 2939 interpolantur,
999 2860 1158 2920 nulla
1202 2862 1343 2921 satis
1391 2860 1648 2922 custodit
1683 2860 1981 2936 diligentia
2013 2856 2195 2916 offici-
2240 2872 2244 2876 ·

182 2961 308 3004 uas,
376 2944 689 3022 subligaria
718 2946 1016 3021 signantur
1047 2945 1275 3023 opifici,
1310 2960 1563 3023 persona
1598 2945 1824 3005 additur
1854 2944 2031 3021 capiti
2059 2941 2196 3000 deu-

185 3045 362 3088 susve
402 3030 717 3105 reticulus,
750 3029 884 3088 nudi
917 3030 1266 3088 emittuntur.
1327 3037 1489 3088 tanto
1517 3029 1702 3087 minus
1738 3028 1873 3087 fidei
1907 3027 2060 3105 apud
2090 3041 2199 3082 nos

110 3127 377 3190 aspoena
408 3130 580 3190 quam
623 3114 774 3191 apud
818 3113 954 3173 illos
1001 3113 1188 3172 silvae
1228 3113 1461 3173 habent.
1540 3112 1830 3172 Autumno
1866 3111 2081 3188 legitur
2122 3107 2285 3168 abso

185 3198 411 3256 aestivo
447 3206 628 3275 partu.
664 3198 777 3257 hoc
811 3198 1213 3276 purissimum,
1247 3196 1566 3256 candidum.
1631 3196 1886 3257 secunda
1914 3193 2199 3255 vindemia
2308 3211 2309 3228 ¹

184 3289 280 3341 est
302 3295 468 3356 vere,
502 3282 573 3340 ad
599 3297 724 3341 eam
748 3282 938 3341 hieme
969 3281 1327 3341 corticibus
1309 3281 1527 3340 incisis.
1569 3280 1763 3340 rufum
1781 3280 1895 3340 hoc
1920 3281 2059 3354 exit,
2085 3292 2198 3336 nec
2240 3347 2243 3356 .
2308 3267 2309 3310 ¹

186 3365 618 3442 conparandum
660 3365 858 3443 priori.
930 3364 1074 3425 illud
1118 3365 1487 3440 carflathum,
1534 3365 1649 3425 hoc
1702 3364 2051 3427 dathiathum
2090 3375 2195 3418 vo·
2306 3325 2309 3448 1

1466 3457 1467 3460 ’
2308 3453 2309 3496 1
