2320 3650
573 135 733 182 NAT.
768 135 949 182 fflsr.
981 135 1079 182 xi.
1115 130 1356 184 21—-24-
1398 106 1704 198 (24—28'.)
2022 119 2133 178 171

0 330 12 368 2
124 292 254 354 bui.
317 299 435 350 tum
463 288 536 350 ab
567 288 798 349 homine
830 288 957 349 tolli
1001 286 1391 366 fictilibusque
1435 288 1590 351 vasis
1633 296 1840 366 tepore
1874 295 1933 346 et
1964 286 2143 347 furfu-
2158 293 2226 349 78

0 413 14 453 ,
123 395 257 436 rum
296 392 434 437 esca
467 375 699 447 nutriri,
734 384 908 450 atque
940 374 1017 432 ita
1048 372 1320 432 subnasci
1353 373 1440 431 sui
1469 373 1707 448 generis
1737 370 1983 449 pluma8‚
2021 373 2138 449 qui·

0 500 8 537 κ,
124 460 241 520 bus
274 460 521 518 vestitos
550 457 623 517 ad
654 457 767 517 alia
799 475 984 534 pensa
1012 457 1232 518 dimitti.
1301 473 1450 533 quae
1479 472 1623 517 vero
1661 463 1829 533 capta
1857 457 1966 515 sint
1999 456 2138 516 lani-

0 586 15 615 ‚2
124 544 242 604 fica
274 560 475 602 umore
509 540 880 615 lentescere,
924 557 1061 601 mox
1089 542 1147 599 in
1179 540 1275 599 iila
1307 541 1528 601 tenuari
1563 541 1770 599 iunceo
1807 538 1959 598 fuso.
2015 538 2140 601 Nec

73 628 330 707 spuduit
370 625 476 686 has
534 626 717 685 vestis
775 643 1058 702 usurpare
1116 625 1287 684 etiam
1336 625 1496 684 viros
1550 624 1848 684 levitatem
1900 633 2140 703 propter

122 713 425 772 aestivam.
516 711 575 768 in
613 717 824 769 tantum
866 728 898 768 a
940 709 1125 769 lorica
1168 709 1431 784 gerenda
1473 708 1806 768 discessere
1853 724 2046 767 mores
2079 716 2140 767 ut

122 796 293 855 oneri
324 797 398 854 sit
427 793 599 854 etiam
624 794 825 852 vestis.
883 791 1127 867 Assyria
1155 801 1347 853 tamen
1376 792 1668 867 bombyce
1703 789 1892 852 adbuc·
1914 791 2140 850 feminis

123 879 410 939 cedimus.
1207 933 1221 945 ,
1620 930 1624 935 .

254 961 354 1021 24.
391 960 564 1040 (28.)
592 960 959 1021 =Araneorum
991 962 1080 1021 his
1111 978 1227 1021 non
1263 959 1512 1024 absurde
1548 961 1813 1037 iungatur
1837 968 2037 1033 natura
2061 958 2228 1021 ‹ii-79

33 1062 97 1104 ιο
120 1065 241 1125 gna
271 1046 369 1106 vel
402 1047 719 1124 praecipue
754 1045 1149 1105 admiratione.
1204 1045 1370 1124 plura
1399 1054 1590 1104 autem
1620 1053 1749 1103 sunt
1778 1061 1999 1120 genera
2031 1061 2141 1102 nec

121 1132 283 1207 dictu
314 1131 651 1190 necessaria
698 1130 755 1187 in
797 1137 953 1190 tanta
981 1130 1199 1193 notitia.
1260 1128 1575 1205 Phalangia
1611 1146 1688 1188 ex
1718 1129 1808 1190 his
1840 1127 2138 1206 appellan-

120 1210 216 1274 tur
248 1229 492 1293 quorum
521 1214 679 1272 noxii
709 1229 958 1288 morsuS,
993 1230 1210 1291 corpus
1241 1213 1533 1289 exiguum,
1570 1213 1810 1288 varium,
1850 1213 2138 1272 acumina·

120 1309 264 1373 tum,
294 1297 564 1360 adsultim
591 1297 1055 1372 ingredientium.
1092 1297 1279 1357 altera
1310 1314 1510 1357 eorum
1534 1297 1772 1373 species
1803 1297 1949 1373 nigri
1984 1298 2137 1375 prio·
2224 1303 2239 1311 “

119 1381 284 1443 ribus
313 1380 580 1441 cruribus
610 1380 983 1456 longissimis,
1031 1381 1296 1442 omnibus
1322 1380 1646 1441 internodia
1676 1388 1837 1440 terna
1872 1381 1927 1438 in
1961 1382 2137 1440 cruri·

38 1476 97 1518 ¹5
121 1467 254 1526 bus.
281 1465 568 1544 Luporum
590 1465 822 1531 minumi
839 1481 955 1524 non
977 1474 1197 1526 texunt.
1233 1465 1486 1526 maiores
1509 1465 1567 1524 in
1590 1473 1767 1539 terra,
1793 1473 1851 1523 et
1875 1464 2225 1527 cavernis80

122 1552 346 1626 exigua.
368 1548 655 1608 vestibula
687 1549 1103 1625 praepandunt.
1166 1551 1397 1609 tertium
1440 1548 1755 1610 eorundem
1791 1567 1977 1625 genus
2009 1566 2137 1607 eru·

123 1634 244 1693 dita
267 1634 614 1711 operatione
648 1633 1040 1710 conspicuum.
1084 1633 1306 1694 orditur
1338 1632 1488 1694 telas
1510 1634 1768 1710 tantique
1791 1634 1989 1710 operis
2020 1651 2136 1693 ma-

0 1772 10 1814 Ι
123 1718 311 1777 teriae
343 1726 541 1777 uterus
563 1716 752 1794 ipsius
786 1715 1017 1792 sufficit,
1054 1719 1181 1778 sive
1204 1719 1284 1777 ita
1304 1725 1579 1796 corrupta
1610 1716 1725 1778 alvi
1757 1726 1955 1777 natura
1986 1725 2136 1776 stato

0 1857 8 1898 ‚
121 1811 415 1879 tempore,
442 1809 501 1861 ut
523 1799 862 1862 Democrito
888 1800 1104 1879 placet,
1129 1803 1255 1862 sive
1280 1810 1371 1864 est
1393 1802 1678 1881 quaedam
1699 1801 1850 1862 intus
1876 1801 2139 1878 lanigera

1 1927 8 1981 ἱ,
35 1899 98 1940 20
120 1886 425 1960 fertilitas,
457 1895 573 1946 tam
601 1885 902 1948 moderato
938 1905 1160 1964 ungue,
1194 1895 1310 1947 tam
1343 1888 1513 1947 tereti
1543 1886 1642 1947 filo
1676 1896 1734 1947 et
1762 1895 1876 1954 tam
1908 1884 2138 1963 aequali

112 1970 362 2036 ‚deducit
394 1970 657 2044 stamina,
696 1970 826 2048 ipso
857 1988 923 2029 se
956 1971 1217 2048 pondere
1252 1988 1410 2032 usus.
1471 1980 1678 2033 texere
1700 1989 1745 2030 ‘a
1775 1970 1966 2031 medio
1999 1970 2138 2029 inci·
2152 1979 2219 2033 81

0 2027 8 2066 ²
117 2055 204 2133 pit
239 2054 518 2114 circinato
557 2051 703 2113 orbe
738 2053 1058 2113 subtemina
1089 2055 1443 2131 adnectens,
1489 2054 1864 2133 maculasque
1900 2052 2137 2131 paribus

1 2197 4 2232 ³
116 2155 357 2216 semper
386 2137 705 2198 intervallis
738 2136 844 2197 sed
885 2137 1129 2198 subinde
1160 2138 1565 2200 crescentibus
1599 2156 1676 2198 ex
1716 2146 1963 2215 angusto
1994 2136 2133 2197 dila-

1 2263 4 2318 }
115 2231 248 2281 tans
281 2220 671 2282 indissolubili
701 2221 856 2282 nodo
889 2222 1145 2300 inplicat.
1210 2231 1420 2299 quanta
1462 2231 1587 2282 arte
1634 2221 1789 2282 celat
1821 2221 2062 2299 pedicas
2104 2238 2138 2277 a

3 2347 4 2350 κ
36 2316 97 2358 25
119 2305 411 2366 scutulato
443 2314 572 2365 rete
602 2305 951 2382 grassantis!
1006 2323 1174 2383 quam
1194 2323 1311 2365 non
1347 2306 1419 2365 ad
1447 2305 1564 2367 boc
1587 2304 1813 2366 videtur
1843 2305 2136 2382 pertinere

0 662 14 709 l

1 754 14 795 ι

0 834 14 879 ι

0 924 13 967 l

3 992 14 1047 l

1 1094 12 1135 ε

1 1164 12 1219 i

1 1264 12 1303 ι

1 1350 11 1390 i

1 1434 11 1475 ι

1 1518 11 1561 ε

0 1600 10 1645 ι

120 2388 436 2450 crebratae
466 2390 695 2467 pexitas
733 2388 888 2450 telae
921 2398 977 2449 et
1003 2389 1245 2467 quadam
1285 2390 1574 2468 politurae
1629 2397 1753 2449 arte
1790 2390 1917 2467 ipsa
1950 2406 2015 2447 se
2049 2396 2134 2447 te·

51 2526 57 2532 .
117 2491 235 2533 nax
265 2474 411 2533 ratio
445 2472 689 2533 tramae!
724 2490 894 2551 quam
918 2473 1082 2533 laxus
1112 2473 1185 2536 ad
1206 2473 1375 2533 flatus
1399 2492 1470 2533 ac
1493 2491 1607 2533 non
1629 2472 1962 2551 respuenda
1987 2490 2136 2550 quae

115 2557 354 2616 veniant
385 2556 575 2616 sinus!
608 2556 889 2616 derelicta
914 2558 1071 2617 lasso
1091 2558 1396 2635 praetendi
1418 2575 1636 2618 summa
1660 2566 1826 2635 parte
1851 2556 2135 2616 arbitrere
2151 2564 2221 2617 82

116 2641 272 2711 licia.
335 2650 392 2700 at
427 2639 794 2701 illa=difficile
827 2649 1137 2701 cernuntur
1159 2651 1335 2719 atque
1359 2642 1498 2702 utin
1523 2642 1713 2721 plagis
1747 2641 1917 2702 liniae
1950 2639 2131 2699 offen-

35 2737 95 2782 ao
115 2742 221 2785 sac
253 2726 640 2802 praecipitant
667 2726 725 2782 in
754 2725 957 2783 sinum.
1020 2743 1238 2803 specus
1267 2727 1396 2803 ipse
1429 2744 1541 2804 qua
1575 2734 2015 2786 concamaratur
2043 2742 2131 2783 ar·

28 2851 40 2866 s
115 2808 468 2868 chitectura!
515 2817 575 2870 et
606 2816 808 2870 contra
837 2808 1059 2886 frigora
1090 2818 1303 2888 quanto
1339 2809 1631 2872 villosior!
1677 2827 1844 2887 quam
1877 2817 2133 2868 remotus

112 2911 149 2953 a
171 2891 362 2954 medio
385 2891 659 2971 aliudque
690 2893 918 2968 agentis
944 2894 1167 2968 similiS‚
1190 2894 1446 2956 inclusus
1467 2911 1613 2956 vero
1645 2894 1731 2953 sic
1757 2901 1818 2952 ut
1839 2893 1912 2952 sit
1942 2909 2130 2951 necne

1 2363 4 2400 ἱ

1 2445 4 2484 ἱ

1 2533 3 2564 s

111 2978 265 3036 intus
298 2976 507 3054 aliquis
544 2978 703 3040 cerni
735 2993 850 3036 non
880 2976 1099 3054 possit!
1157 2993 1268 3054 age
1302 2977 1570 3053 firmitas,
1603 2977 1832 3056 quando
1863 2993 2130 3053 rumpen-

110 3059 267 3122 tibus
297 3060 516 3120 ventis!
571 3078 683 3138 qua
728 3060 1031 3138 pulverum
1071 3060 1227 3121 mole
1260 3060 1647 3138 degravante!
1677 3061 1944 3124 'latitudo
1974 3059 2216 3122 telae83

19 3141 92 3205 ‘ss
109 3161 297 3221 saepe
328 3145 477 3204 inter
506 3144 649 3208 duas
671 3143 940 3220 arbores,
975 3162 1102 3205 cum
1130 3154 1376 3206 exercet
1405 3154 1589 3208 artem
1617 3154 1676 3205 et
1699 3145 1871 3205 discit
1898 3154 2126 3221 texere,

112 3226 415 3304 longitudo
448 3227 528 3286 fili
559 3246 593 3288 a
627 3228 875 3289 culmine
906 3246 975 3288 ac
1006 3247 1209 3288 rursus
1237 3247 1271 3288 a
1297 3238 1471 3289 terra.
1506 3248 1614 3308 per
1642 3228 1783 3290 illud
1814 3230 1996 3307 ipsum
2023 3248 2125 3289 ve·

111 3312 217 3374 lox
246 3311 673 3388 reciprocatio,
710 3312 979 3390 subitque
1015 3314 1232 3390 pariter
1268 3331 1338 3372 ac
1383 3313 1478 3373 iila
1514 3313 1765 3373 deducit.
1826 3331 1950 3373 cum
1984 3331 2125 3373 vero

110 3403 352 3473 captura
380 3394 612 3469 incidit,
650 3412 818 3472 quam
858 3397 1105 3472 vigilans
1136 3405 1194 3457 et
1223 3406 1458 3476 paratus
1489 3396 1561 3457 ad
1592 3397 1824 3478 cursusi
1862 3396 1999 3460 licet
2027 3414 2127 3455 ex—
