2320 3650
172 56 269 125 ‘84
728 66 732 71 ’
942 69 1135 130 rum
1176 66 1477 145 securim

124 265 176 302 ὅ,
196 243 310 307 quo
340 242 513 285 nemo
537 223 720 301 magis
749 223 1174 303 adprobaverit
1192 222 1594 301 cognationem
1616 240 1743 281 cum
1765 221 1993 281 homine
2018 221 2176 283 side-

84 347 88 351 <
188 329 313 372 rum
343 311 674 387 animasque
703 317 928 367 nostras
960 315 1181 385 partem
1224 324 1359 365 esse
1396 306 1577 381 caeli,
1620 323 1827 365 novam
1858 305 2082 365 stellam
2116 315 2179 366 et

120 446 121 449 ,
191 394 359 455 aliam
395 395 451 453 in
483 409 630 452 aevo
673 409 777 451 sno
817 392 1066 469 genitam
1111 388 1524 467 deprehendit,
1579 390 1819 468 eiusque
1863 398 2016 447 motu
2059 407 2176 468 qua

191 478 288 539 die
329 476 490 537 fulsit
531 476 603 536 ad
649 475 1058 535 dubitationem
1103 482 1197 533 est
1236 473 1545 548 adductus,
1599 491 1745 533 anne
1787 468 1902 532 hoc
1938 473 2177 550 saepius

191 563 363 621 fieret
392 568 875 636 moverenturque
920 567 978 618 et
1020 572 1127 616 eae
1159 574 1303 635 quas
1336 565 1594 634 putamus
1630 556 1872 616 adfixas.
1921 555 2225 635 ideoques

193 662 366 705 ausus
395 662 520 703 rem
550 645 720 703 etiam
749 642 862 701 deo
893 636 1191 720 inprobam
1210 683 1228 715 ,
1283 640 1656 713 adnumerare
1690 640 1942 718 posteris
1977 639 2180 699 stellas

192 746 265 789 ac
296 727 490 788 sidera
522 727 594 786 ad
623 743 832 789 nomen
864 742 1203 804 expungere
1240 724 1845 800 organis-excdgitatis
1885 741 1994 801 per
2027 741 2179 801 quae

191 811 540 890 singularum
584 810 717 869 loca
746 818 938 888 'atque
975 806 1393 885 magnitudines
1424 809 1709 884 signaret,
1757 817 1817 866 ut
1849 806 2023 867 facile
2063 807 2180 865 dis-

193 897 354 957 cerni
397 902 599 973 posset
644 897 720 952 ex
763 910 872 970 ec,
916 910 1030 952 non
1067 891 1239 951 modo
1282 909 1354 951 an
1392 891 1621 951 obirent
1662 899 2177 968 nascerenturque,

192 980 300 1039 sed
331 997 402 1039 an
432 977 657 1037 omnino
690 976 879 1055 aliqua
908 976 1216 1037 transirent
1243 968 1753 1056 moverenturque,
1781 975 1919 1034 item
1950 991 2020 1034 an
2051 991 2181 1032 cre·
2201 988 2253 1030 10

192 1071 426 1124 scerent
454 1063 988 1140 minuerenturque,
1037 1059 1206 1120 caelo
1249 1060 1306 1119 in
1338 1058 1661 1123 hereditate
1695 1059 1916 1118 cunctis
1944 1057 2179 1133 relicto,

194 1147 243 1205 si
275 1146 572 1228 quisquam
605 1145 702 1223 qui
732 1145 1046 1203 cretionem
1077 1161 1205 1202 eam
1240 1151 1481 1222 caperet
1512 1140 1774 1201 inventus
1797 1151 1982 1202 esset.

110 1245 182 1303 95
318 1229 486 1309 (25.)
512 1227 774 1299 Emicant
796 1237 854 1288 et
875 1228 1040 1288 faces
1062 1243 1178 1286 non
1200 1226 1308 1285 nisi
1332 1245 1459 1285 cum
1482 1227 1751 1286 decidunt
1770 1227 1954 1300 visae,
1991 1224 2181 1302 qualis
2233 1272 2236 1273 ν

196 1311 535 1376 Germanico
572 1310 829 1372 Caesare
863 1312 1240 1389 gladiatorum
1275 1310 1669 1388 spectaculum
1700 1310 1910 1370 edente
1942 1312 2203 1387 praeter'

195 1415 300 1458 ora
324 1396 533 1476 populi
562 1397 876 1456 meridiano
910 1395 1334 1456 transcucurrit.
1388 1393 1517 1452 Duo
1548 1412 1766 1470 genera
1793 1410 2006 1452 earum.
2038 1391 2178 1452 lam·
2203 1405 2255 1447 15

195 1482 380 1562 padas
402 1489 612 1541 vocant
637 1481 808 1559 plane
830 1480 996 1555 facis,
1026 1479 1266 1539 alterum
1290 1476 1537 1552 holidas,
1572 1477 1742 1555 quale
1766 1475 2184 1536 Mutinensibus

195 1566 362 1627 malis
403 1566 585 1625 visum
628 1574 735 1624 est.
799 1565 1006 1626 distant
1037 1562 1205 1640 -quod
1251 1561 1416 1621 faces
1464 1562 1710 1638 vestigia
1755 1559 1927 1636 longa
1968 1559 2187 1619 faciunt

196 1651 394 1730 priore
427 1650 664 1710 ardente
698 1658 897 1727 parte,
943 1647 1095 1708 bolis
1123 1663 1268 1705 vero
1300 1646 1584 1724 perpetua
1614 1645 1823 1705 ardens
1857 1643 2187 1720 longiorem

194 1733 366 1794 trahit
394 1733 648 1793 limitem.
1713 1778 1726 1791 .

318 1815 484 1897 (26.)
517 1814 776 1877 Emicant
811 1823 869 1876 et
896 1812 1094 1874 trabes
1128 1813 1297 1875 simili
1327 1812 1521 1892 modo,
1552 1831 1694 1893 quas
1718 1802 1928 1885 δοκοὺς
1947 1818 2182 1886 vocant,
2202 1827 2258 1869 20

192 1901 386 1980 ,qualis
414 1918 542 1970 cum
570 1899 1009 1959 Lacedaemonii
1041 1898 1233 1960 classe
1255 1900 1391 1959 victi
1415 1899 1714 1977 imperium
1738 1895 2020 1957 Graeciae
2044 1896 2183 1955 ami-

202 2002 357 2044 sere.
422 1983 514 2043 Fit'
547 1992 605 2043 et
636 1984 787 2042 caeli
819 1983 999 2061 ipsius
1028 1982 1233 2059 hiatus,
1268 1983 1423 2061 quod
1452 1992 1667 2042 vocant
1698 1981 1948 2041 chasma.

117 2072 185 2128 97
319 2067 419 2129 27.
469 2065 636 2147 (27.)
681 2065 771 2126 Fit
818 2076 876 2125 et
918 2068 1230 2143 sanguinea
1278 2068 1483 2146 specie
1526 2067 1673 2144 (quo
1702 2065 1855 2144 nihil„
1873 2061 2187 2124 terribilius

201 2151 522 2211 mortalium
550 2152 738 2210 timori
769 2151 888 2229 est)
920 2150 1240 2210 incendium
1272 2151 1344 2210 ad
1373 2160 1560 2211 terras
1583 2150 1810 2214 ,cadens
1829 2148 2006 2223 inde,
2039 2147 2188 2206 sicut

205 2234 561 2313 Olympiadis
594 2232 767 2294 CVII.
806 2250 951 2293 anno
987 2236 1181 2311 tertio,
1216 2253 1388 2313 quumr
1414 2252 1522 2293 rex
1555 2233 1850 2311 Philippus
1882 2230 2260 2291 Graeciam2⁵

148 2374 155 2383 .
204 2327 484 2397 quateret.
530 2318 722 2396 Atque
753 2317 902 2378 haec
932 2336 1045 2395 ego
1078 2320 1246 2394 statisx
1267 2316 1624 2396 temporibus
1646 2325 1881 2376 naturae
1905 2324 1965 2374 ut
1989 2324 2192 2389 cetera

204 2402 452 2462 arbitror
487 2402 805 2477 exsistere,
851 2419 996 2477 non,
1042 2410 1104 2484 ut
1145 2402 1441 2480 plerique,
1485 2401 1660 2460 variis
1706 2399 1778 2460 de
1824 2398 2013 2459 causis
2042 2411 2189 2476 quas

204 2487 562 2564 ingeniorum
605 2504 844 2546 acumen
897 2483 1209 2562 excogitat.
1277 2487 1494 2565 qnippe
1549 2485 1861 2561 ingentium
1909 2481 2190 2541 malorum

203 2571 370 2631 fuere
402 2570 758 2648 praenuntia,
793 2569 897 2629 sed
932 2583 1003 2628 ea
1037 2567 1322 2629 accidisse
1353 2586 1468 2628 non
1513 2569 1645 2647 quia
1686 2568 1835 2629 haec
1876 2567 2027 2627 facta
2057 2573 2189 2624 sunt

204 2654 484 2729 arbitror,
527 2672 729 2713 verum
760 2652 911 2712 haec
935 2651 1069 2711 ideo
1101 2652 1253 2713 facta
1283 2653 1416 2732 quia
1445 2653 1710 2712 incasura
1742 2660 1903 2711 erant
1929 2648 2047 2710 illa.
2092 2666 2186 2708 ra·
2209 2667 2262 2709 so

204 2739 373 2798 ritate
396 2747 588 2799 autem
609 2736 893 2797 occultam
917 2747 1114 2795 eorum
1137 2755 1272 2796 esse
1300 2737 1597 2811 rationem,
1629 2735 1879 2814 ideoque
1901 2750 2016 2792 non
2038 2732 2193 2792 sicut

208 2830 444 2881 exortus
480 2839 653 2899 supra
688 2821 876 2880 dictos
907 2819 1288 2898 defectusque
1322 2830 1381 2879 et
1408 2819 1582 2880 multa
1617 2819 1728 2880 alia
1760 2819 1943 2878 nosci.

122 2917 192 2973 98
266 2925 269 2932 ·
329 2904 429 2965 28.
455 2904 624 2984 (28.)
652 2901 969 2963 Cernuntur
991 2911 1050 2963 et
1079 2903 1285 2963 stellae
1321 2922 1446 2963 cum
1478 2902 1604 2963 sole
1634 2903 1769 2963 totis
1799 2900 2024 2976 diebus,
2058 2900 2188 2978 ple-

206 3005 444 3065 rumque
494 2996 552 3046 et
597 2988 753 3046 circa
801 2986 943 3048 solis
986 2987 1190 3047 orbem
1222 3004 1327 3046 ceu
1359 2988 1598 3065 spiceae
1632 3004 1884 3047 coronae
1914 2993 1973 3043 et
2000 2984 2187 3043 versi-

208 3070 442 3130 colores
489 3069 720 3144 circuli,
771 3070 1016 3148 qualiter
1045 3071 1306 3147 Augusto
1340 3068 1595 3130 Caesare
1644 3072 1700 3129 in
1746 3070 1923 3148 prima
1949 3068 2261 3127 ,iuventatis

205 3152 407 3211 urbem
436 3153 678 3212 intrante
710 3162 844 3230 post
873 3152 1084 3214 obitum
1117 3155 1294 3233 patris
1323 3154 1394 3214 ad
1417 3171 1624 3213 nomen
1645 3155 1848 3230 ingens
1872 3168 2188 3228 capessen-

209 3236 358 3295 dum.
401 3235 500 3295 29.
524 3234 821 3295 Exsistunt
850 3237 1091 3298 eaedem
1124 3255 1376 3299 coronae
1410 3238 1561 3297 circa
1593 3236 1779 3298 lunam
1810 3244 1868 3297 et
1899 3235 2053 3297 circa
2082 3251 2187 3294 no·

208 3317 346 3380 bilia
375 3326 526 3380 astra
561 3318 845 3399 caeloque
879 3320 1250 3385 inhaerentia.
