2320 3650
160 61 243 123 94
846 71 904 118 c.
938 71 1130 118 nnn-11
1165 69 1468 117 suenum

160 227 468 306 apolectos
496 225 992 305 particulatimque
1039 236 1355 286 consectae
1384 228 1440 285 in
1469 243 1688 303 genera
1720 224 2038 299 cybiorum
2070 226 2189 289 dis-

203 312 497 369 ertiuntur.

74 329 196 456 49p
288 393 455 472 (19.)
502 393 748 453 Piscium
776 412 960 470 genus
996 411 1166 454 omne
1192 395 1506 473 praecipua
1532 393 1833 453 c'eleritate
1857 391 2187 472 adulescit,

160 496 420 536 maxume
463 480 519 536 in
565 477 765 537 Ponto.
836 497 1007 539 causa
1053 480 1353 539 multitudo
1399 480 1640 538 amnium
1682 476 1871 535 dulcis
1917 477 2186 560 inferenl-7

161 563 296 620 tium
342 579 541 639 aquas.
603 564 805 623 amiam
837 573 1049 622 vocant
1094 566 1253 622 cuius
1302 565 1726 621 incrementum·
1759 561 2010 637 singulis
2058 562 2230 621 die-⁵

159 644 265 703 bus
297 645 675 722 intellegitur.
738 664 866 704 cum
907 647 1135 721 thynnis
1178 647 1326 706 haec
1366 654 1424 705 et
1467 644 1804 722 pelamydes
1840 646 1897 702 in
1930 644 2182 704 Pontum

158 730 228 788 ad
255 729 516 789 dulciora
549 728 762 806 pabula
793 732 1002 790 intrant
1031 733 1316 807 gregatim
1356 731 1475 787 suis
1509 745 1775 808 quaeque
1808 727 2091 804 ducibuS,
2126 737 2183 787 et

158 815 324 890 primi
359 815 605 872 omnium
631 813 906 887 scombri,
946 815 1152 892 quibus
1198 823 1287 872 est
1333 816 1389 872 in
1427 830 1576 891 aqua
1619 812 1930 890 sulpureus
1981 812 2178 886 color;

161 906 325 956 extra
371 898 465 974 qui
501 899 736 956 ceteris.
808 895 1119 975 Hispaniae
1155 899 1405 957 cetarias
1438 896 1494 957 bi
1530 897 1762 974 replent
1791 895 2028 970 thynnis
2063 912 2179 955 non

162 980 616 1039 conmeantibus.
2197 990 2234 1031 ιο
2301 1013 2302 1026 ,

75 1071 145 1124 50
287 1062 456 1141 (20.)
511 1063 628 1122 Sed
675 1063 732 1122 in
778 1063 1015 1124 Pontum
1058 1064 1214 1125 nulla
1246 1065 1417 1124 intrat
1456 1064 1644 1123 bestia
1687 1063 1948 1141 piscibus
1992 1063 2176 1122 male*

160 1147 268 1206 lica
304 1155 541 1223 praeter
570 1147 873 1207 vitulos2et
903 1166 1116 1226 parvos
1146 1149 1475 1227 delphinos.
1538 1148 1735 1222 thynni
1765 1148 2014 1208 dextera
2047 1149 2177 1225 ripa

159 1232 388 1305 intrant,
426 1239 641 1290 exeunt
678 1232 864 1292 laeva.
929 1232 987 1292 id
1031 1232 1301 1292 accidere
1340 1234 1745 1305 existumatur,
1793 1232 1925 1307 quia
1959 1229 2175 1290 dextro

160 1314 334 1374 oculo
367 1315 497 1391 plus
522 1325 766 1375 cernant
786 1325 1259 1394 utroquegnatura
1283 1316 1499 1375 hebeti.
1536 1315 1642 1373 Est
1671 1316 1729 1372 in
1760 1316 1966 1392 euripo
1992 1314 2174 1374 Thra*

160 1399 234 1457 cii
274 1397 522 1476 Bospori
559 1418 672 1478 quo
716 1400 1023 1478 Propontis
1058 1399 1284 1459 Euxino
1328 1401 1577 1475 iungitur
1609 1399 1840 1476 inipsis
1869 1397 2168 1476 Europam
2192 1413 2229 1453 ιε

158 1481 470 1564 Asiamque
515 1487 841 1562 separantis
898 1485 1033 1545 freti
1086 1485 1366 1560 angustiis
1415 1500 1613 1542 saxum
1663 1483 1790 1541 miri
1821 1482 2114 1542 candoris
2143 1500 2172 1541 a

157 1565 307 1625 vado
329 1566 399 1625 ad
423 1585 636 1627 summa
659 1568 995 1645 perlucens,
1021 1569 1176 1626 iuxta
1208 1565 1722 1626 Chalcedonemin
1747 1566 1932 1624 latere
1964 1565 2170 1643 Asiae.

157 1648 324 1708 huius
382 1651 664 1729 adspectu
723 1662 968 1730 repente
1017 1653 1204 1711 territi
1261 1669 1494 1729 semper
1543 1650 1848 1709 adversum
1905 1649 2173 1724 Byzantii

161 1737 615 1810 promontorium
656 1754 732 1794 ex
776 1753 845 1795 ea
889 1752 1062 1796 causa
1103 1735 1457 1813 appellatum
1500 1736 1660 1795 aurei
1693 1750 1904 1792 cornus
1937 1733 2169 1812 praeci·

74 1816 260 1892 51piti
292 1825 493 1893 petunt
528 1820 773 1895 agmine.
828 1821 1022 1899 itaque
1055 1821 1237 1879 omnis
1269 1828 1511 1898 ‘captura
1536 1818 1794 1894 Byzantii
1840 1827 1931 1876 est
1961 1834 2225 1895 magnam

161 1897 548 1960 Chalcedonis
582 1904 888 1980 paenuria,
942 1918 997 1963 M
1026 1904 1293 1981 passibus
1327 1904 1497 1963 medii
1537 1902 1919 1962 interfluentis
1956 1903 2167 1980 euripi.

160 1985 539 2060 opperiuntur
572 1996 759 2046 autem
794 1988 1079 2064 aquilonis
1111 1988 1324 2062 ilatum,
1362 1997 1423 2046 ut
1453 1986 1712 2046 secun'do
1745 1986 1922 2045 fluctu
1954 1995 2171 2045 exeant

160 2085 192 2125 e
223 2066 427 2143 Ponto,
460 2087 572 2128 nec
601 2072 709 2129 nisi
739 2073 1016 2131 intrantes
1042 2081 1269 2150 portum
1293 2071 1549 2146 Byzantii
1581 2072 1901 2149 capiuntur.
1966 2069 2169 2129 bruma

156 2168 272 2210 non
301 2162 600 2228 vagantur.
634 2155 980 2234 ubicumque
1012 2156 1365 2234 deprehensi
1396 2173 1582 2233 usque
1615 2154 1686 2213 ad
1710 2154 2167 2232 aequinoctium,

158 2234 237 2294 ibi
269 2236 591 2298 hibernant.
659 2238 839 2300 Iidem
876 2257 1063 2319 saepe
1110 2235 1339 2316 navigia
1393 2238 1543 2297 velis
1586 2236 1776 2297 euntia
1820 2240 2222 2297 comitantesas

154 2321 295 2378 mira
342 2323 593 2398 quadam·
628 2323 940 2383 dulcedine
980 2342 1088 2400 per
1128 2323 1349 2401 aliquot
1389 2323 1658 2382 horarum
1700 2323 1886 2399 spatia
1940 2330 1999 2380 et
2033 2339 2165 2401 pas-

156 2420 318 2460 suum
348 2404 503 2464 milia
552 2425 584 2466 a
619 2407 1029 2483 gubernaculis
1062 2416 1398 2485 spectantur
1440 2425 1513 2465 ne
1555 2407 1801 2466 tridente
1849 2406 2081 2484 quidem
2112 2408 2166 2463 in

158 2502 264 2543 eos
296 2489 528 2565 saepius
572 2491 724 2550 iacto
769 2491 972 2551 territi.
1036 2492 1263 2569 quidam
1315 2507 1422 2550 eos
1467 2492 1563 2568 qui
1592 2490 1711 2549 hoc
1756 2508 1788 2548 e
1820 2489 2051 2564 thynnis
2083 2489 2164 2548 fa-

71 2577 139 2630 52
165 2571 317 2628 ciant
367 2574 659 2651 pompilos
695 2584 923 2634 vocant.
984 2573 1144 2633 Multi
1175 2577 1232 2632 in
1278 2574 1630 2652 Propontide
1673 2574 1979 2649 aestivant,
2019 2573 2161 2634 Pon-

154 2663 270 2712 tum
305 2672 419 2713 non
442 2658 669 2717 intrant.
730 2661 865 2718 item
898 2658 1120 2734 soleae,
1157 2677 1282 2717 cum
1307 2658 1531 2717 rhombi
1555 2659 1785 2717 intrent.
1821 2675 1936 2736 nec
1965 2657 2218 2735 saepias)

156 2746 267 2813 est,
313 2758 440 2799 cum
471 2741 678 2819 lolligo
713 2743 1057 2820 reperiatur.
1123 2743 1447 2802 saxatilium
1476 2741 1676 2801 turdus
1720 2750 1780 2800 et
1809 2742 2034 2801 merula
2066 2741 2158 2800 de-

156 2832 306 2899 sunt,
354 2826 502 2885 sicut
550 2826 886 2902 conchylia,
929 2844 1054 2884 cum
1088 2835 1323 2886 ostreae
1354 2825 1664 2886 abundent.
1737 2828 1926 2885 omnia
1975 2835 2161 2884 autem

153 2905 459 2968 hibernant
500 2911 556 2968 in
603 2910 867 2986 Aegaeo.
928 2912 1252 2969 intrantium
1297 2910 1537 2969 Pontum
1582 2910 1694 2969 soli
1737 2926 1853 2968 non
1903 2915 2159 2968 remeant

153 2990 518 3067 trichiae,——-
548 2993 788 3053 Graecis
824 2994 970 3053 enim
1002 2995 1057 3052 in
1087 2995 1389 3072 plerisque
1426 2994 1751 3057 nominihus
1782 2994 1861 3052 uti
1892 3011 1999 3071 par
2033 2994 2155 3066 erit,

144 3075 380 3146 quando
414 3077 541 3135 aliis
567 3086 740 3154 atque
771 3079 898 3137 aliis
928 3079 1165 3137 eosdem
1193 3078 1405 3138 diversi
1430 3077 1812 3156 appellavere
1835 3086 2208 3148 tractus-‚³5

70 3160 140 3212 53
164 3153 266 3209 sed
310 3153 366 3211 hi
413 3159 524 3216 soli
568 3162 623 3218 in
650 3160 899 3219 Histrum
960 3179 1180 3221 amnem
1226 3161 1493 3236 subeunt,
1530 3180 1605 3220 ex
1648 3177 1719 3219 eo
1765 3160 2154 3220 subterraneis

157 3233 281 3289 eius
315 3241 479 3295 venis
521 3243 577 3298 in
622 3243 1004 3304 Hadriaticum
1040 3263 1196 3303 mare
1229 3244 1515 3317 defluunt,
1562 3246 1756 3321 itaque
1814 3254 1871 3303 et
1903 3238 2027 3304 illic
2062 3243 2152 3301 de·

156 3316 503 3378 scendentes
542 3340 653 3383 nec
680 3342 947 3404 umquam
977 3328 1289 3390 subeuntes
1321 3345 1355 3384 e
1385 3330 1524 3386 mari
1558 3323 1835 3386 visuntur.
1892 3326 2151 3402 Thyrino-

15 3470 217 3558 h.
