<?xml version="1.0" encoding="UTF-8"?>
<!DOCTYPE html PUBLIC "-//W3C//DTD XHTML 1.0 Transitional//EN"
    "http://www.w3.org/TR/xhtml1/DTD/xhtml1-transitional.dtd">
<html xmlns="http://www.w3.org/1999/xhtml" xml:lang="en" lang="en">
 <head>
  <title>
</title>
<meta http-equiv="Content-Type" content="text/html;charset=utf-8" />
  <meta name='ocr-system' content='tesseract 3.04.00' />
  <meta name='ocr-capabilities' content='ocr_page ocr_carea ocr_par ocr_line ocrx_word'/>
</head>
<body>
  <div class='ocr_page' id='page_1' title='image "./cplinisecundina00eldegoog_0187.png"; bbox 0 0 2320 3650; ppageno 0'>
   <div class='ocr_carea' id='block_1_1' title="bbox 152 67 1527 128">
    <p class='ocr_par' dir='ltr' id='par_1_1' title="bbox 152 67 1527 128">
     <span class='ocr_line' id='line_1_1' title="bbox 152 67 1527 128; baseline -0.002 0"><span class='ocrx_word' id='word_1_1' title='bbox 152 67 272 128; x_wconf 84' lang='lat'>156</span> <span class='ocrx_word' id='word_1_2' title='bbox 902 75 965 126; x_wconf 65' lang='grc' dir='ltr'>(ε.</span> <span class='ocrx_word' id='word_1_3' title='bbox 1003 78 1196 127; x_wconf 78' lang='lat' dir='ltr'>Pmm</span> <span class='ocrx_word' id='word_1_4' title='bbox 1225 76 1527 126; x_wconf 65' lang='lat' dir='ltr'>saeuum</span> 
     </span>
    </p>
   </div>
   <div class='ocr_carea' id='block_1_2' title="bbox 94 229 2244 3411">
    <p class='ocr_par' dir='ltr' id='par_1_2' title="bbox 151 229 2165 461">
     <span class='ocr_line' id='line_1_2' title="bbox 151 229 2165 311; baseline 0 -18"><span class='ocrx_word' id='word_1_5' title='bbox 151 234 339 293; x_wconf 91' lang='lat' dir='ltr'>omnia</span> <span class='ocrx_word' id='word_1_6' title='bbox 373 248 475 291; x_wconf 91' lang='lat' dir='ltr'>sua</span> <span class='ocrx_word' id='word_1_7' title='bbox 506 229 860 291; x_wconf 87' lang='lat' dir='ltr'>mirantibus.</span> <span class='ocrx_word' id='word_1_8' title='bbox 915 231 975 290; x_wconf 94' lang='lat' dir='ltr'>in</span> <span class='ocrx_word' id='word_1_9' title='bbox 1005 232 1130 294; x_wconf 90' lang='lat' dir='ltr'>sinu</span> <span class='ocrx_word' id='word_1_10' title='bbox 1165 232 1440 311; x_wconf 91' lang='lat' dir='ltr'>oppidum</span> <span class='ocrx_word' id='word_1_11' title='bbox 1471 230 1799 293; x_wconf 86' lang='lat' dir='ltr'>Ambracia.</span> <span class='ocrx_word' id='word_1_12' title='bbox 1861 230 2165 294; x_wconf 90' lang='lat' dir='ltr'>Molosso-</span> 
     </span>
     <span class='ocr_line' id='line_1_3' title="bbox 151 314 2165 398; baseline 0.001 -21"><span class='ocrx_word' id='word_1_13' title='bbox 151 327 274 377; x_wconf 81' lang='lat' dir='ltr'>rum</span> <span class='ocrx_word' id='word_1_14' title='bbox 308 315 534 376; x_wconf 87' lang='lat' dir='ltr'>flumina</span> <span class='ocrx_word' id='word_1_15' title='bbox 565 314 790 395; x_wconf 89' lang='lat' dir='ltr'>Aphas,</span> <span class='ocrx_word' id='word_1_16' title='bbox 823 314 1129 391; x_wconf 90' lang='lat' dir='ltr'>Aratthus,</span> <span class='ocrx_word' id='word_1_17' title='bbox 1178 316 1381 376; x_wconf 85' lang='lat' dir='ltr'>civitas</span> <span class='ocrx_word' id='word_1_18' title='bbox 1422 314 1771 398; x_wconf 84' lang='lat' dir='ltr'>Anactoria,</span> <span class='ocrx_word' id='word_1_19' title='bbox 1812 316 1979 392; x_wconf 83' lang='lat' dir='ltr'>locus</span> <span class='ocrx_word' id='word_1_20' title='bbox 2006 316 2165 379; x_wconf 84' lang='lat' dir='ltr'>Pan·</span> 
     </span>
     <span class='ocr_line' id='line_1_4' title="bbox 152 401 336 461; baseline -0.022 0"><span class='ocrx_word' id='word_1_21' title='bbox 152 401 336 461; x_wconf 89' lang='lat' dir='ltr'>dosia.</span> 
     </span>
    </p>

    <p class='ocr_par' dir='ltr' id='par_1_3' title="bbox 94 478 2164 563">
     <span class='ocr_line' id='line_1_5' title="bbox 94 478 2164 563; baseline 0 -18"><span class='ocrx_word' id='word_1_22' title='bbox 94 495 129 545; x_wconf 84' lang='lat'>5</span> <span class='ocrx_word' id='word_1_23' title='bbox 278 483 403 563; x_wconf 87' lang='lat'>(2.)</span> <span class='ocrx_word' id='word_1_24' title='bbox 457 482 819 552; x_wconf 76' lang='lat' dir='ltr'>Acarnaniae</span> <span class='ocrx_word' id='word_1_25' title='bbox 867 500 1015 561; x_wconf 84' lang='lat' dir='ltr'>quae</span> <span class='ocrx_word' id='word_1_26' title='bbox 1066 491 1237 544; x_wconf 89' lang='lat' dir='ltr'>antea</span> <span class='ocrx_word' id='word_1_27' title='bbox 1278 478 1510 544; x_wconf 83' lang='lat' dir='ltr'><strong>Curetis</strong></span> <span class='ocrx_word' id='word_1_28' title='bbox 1562 480 1882 542; x_wconf 85' lang='lat' dir='ltr'>vocabatur</span> <span class='ocrx_word' id='word_1_29' title='bbox 1935 483 2164 563; x_wconf 87' lang='lat' dir='ltr'>oppida</span> 
     </span>
    </p>

    <p class='ocr_par' dir='ltr' id='par_1_4' title="bbox 149 565 2217 644">
     <span class='ocr_line' id='line_1_6' title="bbox 149 565 2217 644; baseline 0 -17"><span class='ocrx_word' id='word_1_30' title='bbox 149 567 438 641; x_wconf 86' lang='lat' dir='ltr'>Heraclia,</span> <span class='ocrx_word' id='word_1_31' title='bbox 470 565 746 642; x_wconf 82' lang='lat' dir='ltr'>Echinus,</span> <span class='ocrx_word' id='word_1_32' title='bbox 778 574 835 626; x_wconf 91' lang='lat' dir='ltr'>et</span> <span class='ocrx_word' id='word_1_33' title='bbox 864 567 921 625; x_wconf 91' lang='lat' dir='ltr'>in</span> <span class='ocrx_word' id='word_1_34' title='bbox 952 583 1057 627; x_wconf 88' lang='lat' dir='ltr'>ore</span> <span class='ocrx_word' id='word_1_35' title='bbox 1089 567 1220 643; x_wconf 90' lang='lat' dir='ltr'>ipso</span> <span class='ocrx_word' id='word_1_36' title='bbox 1254 566 1483 627; x_wconf 87' lang='lat' dir='ltr'>colonia</span> <span class='ocrx_word' id='word_1_37' title='bbox 1506 567 1751 644; x_wconf 80' lang='lat' dir='ltr'>Augusti</span> <span class='ocrx_word' id='word_1_38' title='bbox 1774 566 2000 642; x_wconf 75' lang='lat' dir='ltr'>Actium</span> <span class='ocrx_word' id='word_1_39' title='bbox 2026 585 2162 629; x_wconf 85' lang='lat' dir='ltr'>cum</span> <span class='ocrx_word' id='word_1_40' title='bbox 2186 587 2217 628; x_wconf 74' lang='lat'><strong>5</strong></span> 
     </span>
    </p>

    <p class='ocr_par' dir='ltr' id='par_1_5' title="bbox 149 648 2166 729">
     <span class='ocr_line' id='line_1_7' title="bbox 149 648 2166 729; baseline 0 -19"><span class='ocrx_word' id='word_1_41' title='bbox 149 651 366 729; x_wconf 86' lang='lat' dir='ltr'>templo</span> <span class='ocrx_word' id='word_1_42' title='bbox 392 649 681 728; x_wconf 82' lang='lat' dir='ltr'><strong>Apollinis</strong></span> <span class='ocrx_word' id='word_1_43' title='bbox 704 648 885 709; x_wconf 89' lang='lat' dir='ltr'>nobili</span> <span class='ocrx_word' id='word_1_44' title='bbox 909 668 980 710; x_wconf 89' lang='lat' dir='ltr'>ac</span> <span class='ocrx_word' id='word_1_45' title='bbox 1004 650 1235 710; x_wconf 85' lang='lat' dir='ltr'>civitate</span> <span class='ocrx_word' id='word_1_46' title='bbox 1260 650 1447 710; x_wconf 88' lang='lat' dir='ltr'>libera</span> <span class='ocrx_word' id='word_1_47' title='bbox 1471 650 1899 728; x_wconf 74' lang='lat' dir='ltr'>Nicopolitana.</span> <span class='ocrx_word' id='word_1_48' title='bbox 1937 649 2166 728; x_wconf 85' lang='lat' dir='ltr'>Egres-</span> 
     </span>
    </p>

    <p class='ocr_par' dir='ltr' id='par_1_6' title="bbox 149 732 2244 1553">
     <span class='ocr_line' id='line_1_8' title="bbox 152 732 2169 813; baseline 0.001 -19"><span class='ocrx_word' id='word_1_49' title='bbox 152 752 251 795; x_wconf 88' lang='lat' dir='ltr'>sos</span> <span class='ocrx_word' id='word_1_50' title='bbox 297 736 422 793; x_wconf 93' lang='lat' dir='ltr'>sinu</span> <span class='ocrx_word' id='word_1_51' title='bbox 452 732 765 793; x_wconf 86' lang='lat' dir='ltr'>Ambracio</span> <span class='ocrx_word' id='word_1_52' title='bbox 808 734 866 792; x_wconf 92' lang='lat' dir='ltr'>in</span> <span class='ocrx_word' id='word_1_53' title='bbox 906 732 1127 793; x_wconf 89' lang='lat' dir='ltr'>Ionium</span> <span class='ocrx_word' id='word_1_54' title='bbox 1168 733 1390 812; x_wconf 85' lang='lat' dir='ltr'>excipit</span> <span class='ocrx_word' id='word_1_55' title='bbox 1419 733 1770 794; x_wconf 89' lang='lat' dir='ltr'>Leucadium</span> <span class='ocrx_word' id='word_1_56' title='bbox 1810 734 1977 810; x_wconf 89' lang='lat' dir='ltr'>litus,</span> <span class='ocrx_word' id='word_1_57' title='bbox 2021 752 2169 813; x_wconf 56' lang='lat' dir='ltr'>pro—</span> 
     </span>
     <span class='ocr_line' id='line_1_9' title="bbox 150 815 2170 895; baseline 0.002 -18"><span class='ocrx_word' id='word_1_58' title='bbox 150 818 494 878; x_wconf 82' lang='lat' dir='ltr'>montorium</span> <span class='ocrx_word' id='word_1_59' title='bbox 534 815 854 893; x_wconf 73' lang='lat' dir='ltr'>Leucatae,</span> <span class='ocrx_word' id='word_1_60' title='bbox 901 817 1036 877; x_wconf 86' lang='lat' dir='ltr'>dein</span> <span class='ocrx_word' id='word_1_61' title='bbox 1070 818 1235 890; x_wconf 37' lang='lat' dir='ltr'>sinus,</span> <span class='ocrx_word' id='word_1_62' title='bbox 1271 834 1342 876; x_wconf 90' lang='lat' dir='ltr'>ac</span> <span class='ocrx_word' id='word_1_63' title='bbox 1370 816 1660 878; x_wconf 87' lang='lat' dir='ltr'>Leucadia</span> <span class='ocrx_word' id='word_1_64' title='bbox 1690 818 1818 895; x_wconf 90' lang='lat' dir='ltr'>ipsa</span> <span class='ocrx_word' id='word_1_65' title='bbox 1855 818 2170 895; x_wconf 79' lang='lat' dir='ltr'>peninsula</span> 
     </span>
     <span class='ocr_line' id='line_1_10' title="bbox 152 899 2167 979; baseline 0 -18"><span class='ocrx_word' id='word_1_66' title='bbox 152 902 438 979; x_wconf 88' lang='lat' dir='ltr'>quondam</span> <span class='ocrx_word' id='word_1_67' title='bbox 464 899 683 960; x_wconf 90' lang='lat' dir='ltr'>Neritis</span> <span class='ocrx_word' id='word_1_68' title='bbox 725 900 1053 979; x_wconf 85' lang='lat' dir='ltr'>appellata,</span> <span class='ocrx_word' id='word_1_69' title='bbox 1101 918 1286 978; x_wconf 88' lang='lat' dir='ltr'>opere</span> <span class='ocrx_word' id='word_1_70' title='bbox 1331 899 1667 960; x_wconf 80' lang='lat' dir='ltr'>adcolarum</span> <span class='ocrx_word' id='word_1_71' title='bbox 1712 899 1945 962; x_wconf 79' lang='lat' dir='ltr'>abscisa</span> <span class='ocrx_word' id='word_1_72' title='bbox 1977 902 2167 963; x_wconf 89' lang='lat' dir='ltr'>conti·</span> 
     </span>
     <span class='ocr_line' id='line_1_11' title="bbox 149 983 2244 1061; baseline 0.001 -17"><span class='ocrx_word' id='word_1_73' title='bbox 149 986 307 1045; x_wconf 88' lang='lat' dir='ltr'>nenti</span> <span class='ocrx_word' id='word_1_74' title='bbox 349 1001 419 1043; x_wconf 88' lang='lat' dir='ltr'>ac</span> <span class='ocrx_word' id='word_1_75' title='bbox 463 983 689 1044; x_wconf 89' lang='lat' dir='ltr'>reddita</span> <span class='ocrx_word' id='word_1_76' title='bbox 720 992 1024 1052; x_wconf 86' lang='lat' dir='ltr'>ventorum</span> <span class='ocrx_word' id='word_1_77' title='bbox 1065 983 1201 1046; x_wconf 90' lang='lat' dir='ltr'>flatu</span> <span class='ocrx_word' id='word_1_78' title='bbox 1246 986 1583 1061; x_wconf 84' lang='lat' dir='ltr'>congeriem</span> <span class='ocrx_word' id='word_1_79' title='bbox 1625 1001 1840 1044; x_wconf 87' lang='lat' dir='ltr'>arenae</span> <span class='ocrx_word' id='word_1_80' title='bbox 1885 985 2162 1047; x_wconf 82' lang='lat' dir='ltr'>adcumu-</span> <span class='ocrx_word' id='word_1_81' title='bbox 2187 1004 2244 1046; x_wconf 74' lang='grc' dir='ltr'>ιο</span> 
     </span>
     <span class='ocr_line' id='line_1_12' title="bbox 150 1066 2169 1145; baseline 0.002 -17"><span class='ocrx_word' id='word_1_82' title='bbox 150 1068 416 1142; x_wconf 87' lang='lat' dir='ltr'>lantium,</span> <span class='ocrx_word' id='word_1_83' title='bbox 470 1066 565 1144; x_wconf 84' lang='lat' dir='ltr'>qui</span> <span class='ocrx_word' id='word_1_84' title='bbox 604 1066 771 1126; x_wconf 88' lang='lat' dir='ltr'>locus</span> <span class='ocrx_word' id='word_1_85' title='bbox 803 1077 1045 1127; x_wconf 84' lang='lat' dir='ltr'>vocatur</span> <span class='ocrx_word' id='word_1_86' title='bbox 1083 1067 1398 1143; x_wconf 74' lang='lat' dir='ltr'>Dioryctos</span> <span class='ocrx_word' id='word_1_87' title='bbox 1441 1068 1753 1129; x_wconf 90' lang='lat' dir='ltr'>stadiorum</span> <span class='ocrx_word' id='word_1_88' title='bbox 1797 1068 2169 1145; x_wconf 81' lang='lat' dir='ltr'>longitudine</span> 
     </span>
     <span class='ocr_line' id='line_1_13' title="bbox 151 1149 2168 1230; baseline 0.001 -20"><span class='ocrx_word' id='word_1_89' title='bbox 151 1152 339 1211; x_wconf 89' lang='lat' dir='ltr'>trium.</span> <span class='ocrx_word' id='word_1_90' title='bbox 373 1151 648 1230; x_wconf 90' lang='lat' dir='ltr'>oppidum</span> <span class='ocrx_word' id='word_1_91' title='bbox 678 1151 735 1209; x_wconf 92' lang='lat' dir='ltr'>in</span> <span class='ocrx_word' id='word_1_92' title='bbox 766 1169 838 1212; x_wconf 90' lang='lat' dir='ltr'>ea</span> <span class='ocrx_word' id='word_1_93' title='bbox 862 1149 1112 1227; x_wconf 80' lang='lat' dir='ltr'>Leucas,</span> <span class='ocrx_word' id='word_1_94' title='bbox 1146 1152 1432 1229; x_wconf 84' lang='lat' dir='ltr'>quondam</span> <span class='ocrx_word' id='word_1_95' title='bbox 1461 1151 1721 1220; x_wconf 80' lang='lat' dir='ltr'>Neritum</span> <span class='ocrx_word' id='word_1_96' title='bbox 1752 1151 1997 1228; x_wconf 64' lang='lat' dir='ltr'>dictum..</span> <span class='ocrx_word' id='word_1_97' title='bbox 2041 1152 2168 1228; x_wconf 82' lang='lat' dir='ltr'>De·</span> 
     </span>
     <span class='ocr_line' id='line_1_14' title="bbox 150 1233 2172 1312; baseline 0.002 -19"><span class='ocrx_word' id='word_1_98' title='bbox 150 1235 285 1295; x_wconf 88' lang='lat' dir='ltr'>iude</span> <span class='ocrx_word' id='word_1_99' title='bbox 308 1233 672 1294; x_wconf 87' lang='lat' dir='ltr'>Acarnanum</span> <span class='ocrx_word' id='word_1_100' title='bbox 691 1234 869 1306; x_wconf 85' lang='lat' dir='ltr'>urbes</span> <span class='ocrx_word' id='word_1_101' title='bbox 891 1234 1119 1311; x_wconf 79' lang='lat' dir='ltr'>Alyzia,</span> <span class='ocrx_word' id='word_1_102' title='bbox 1137 1237 1393 1311; x_wconf 87' lang='lat' dir='ltr'>-Stratos,</span> <span class='ocrx_word' id='word_1_103' title='bbox 1423 1235 1622 1312; x_wconf 83' lang='lat' dir='ltr'>Argos</span> <span class='ocrx_word' id='word_1_104' title='bbox 1652 1234 2172 1312; x_wconf 85' lang='lat' dir='ltr'>Amphilochicum</span> 
     </span>
     <span class='ocr_line' id='line_1_15' title="bbox 153 1317 2169 1397; baseline 0.001 -20"><span class='ocrx_word' id='word_1_105' title='bbox 153 1319 633 1395; x_wconf 87' lang='lat' dir='ltr'>cognominatum.</span> <span class='ocrx_word' id='word_1_106' title='bbox 677 1320 868 1387; x_wconf 81' lang='lat' dir='ltr'>amnis</span> <span class='ocrx_word' id='word_1_107' title='bbox 901 1317 1202 1378; x_wconf 85' lang='lat' dir='ltr'>Achelous</span> <span class='ocrx_word' id='word_1_108' title='bbox 1238 1337 1270 1392; x_wconf 78' lang='lat' dir='ltr'>e</span> <span class='ocrx_word' id='word_1_109' title='bbox 1303 1318 1481 1380; x_wconf 92' lang='lat' dir='ltr'>Pindo</span> <span class='ocrx_word' id='word_1_110' title='bbox 1528 1319 1714 1379; x_wconf 87' lang='lat' dir='ltr'>fluens</span> <span class='ocrx_word' id='word_1_111' title='bbox 1751 1328 1929 1397; x_wconf 85' lang='lat' dir='ltr'>atque</span> <span class='ocrx_word' id='word_1_112' title='bbox 1974 1319 2169 1380; x_wconf 87' lang='lat' dir='ltr'>Acar·</span> 
     </span>
     <span class='ocr_line' id='line_1_16' title="bbox 151 1401 2244 1467; baseline 0.003 -6"><span class='ocrx_word' id='word_1_113' title='bbox 151 1404 376 1463; x_wconf 89' lang='lat' dir='ltr'>naniam</span> <span class='ocrx_word' id='word_1_114' title='bbox 391 1453 395 1462; x_wconf 93' lang='lat'>.</span> <span class='ocrx_word' id='word_1_115' title='bbox 410 1401 482 1462; x_wconf 87' lang='lat' dir='ltr'>ab</span> <span class='ocrx_word' id='word_1_116' title='bbox 507 1401 739 1462; x_wconf 84' lang='lat' dir='ltr'>Aetolia</span> <span class='ocrx_word' id='word_1_117' title='bbox 761 1402 1032 1463; x_wconf 86' lang='lat' dir='ltr'>dirimens</span> <span class='ocrx_word' id='word_1_118' title='bbox 1056 1410 1115 1461; x_wconf 87' lang='lat' dir='ltr'>et</span> <span class='ocrx_word' id='word_1_119' title='bbox 1135 1402 1474 1463; x_wconf 85' lang='lat' dir='ltr'>Artemitam</span> <span class='ocrx_word' id='word_1_120' title='bbox 1500 1402 1742 1463; x_wconf 89' lang='lat' dir='ltr'>insulam</span> <span class='ocrx_word' id='word_1_121' title='bbox 1766 1402 2010 1463; x_wconf 87' lang='lat' dir='ltr'>adsiduo</span> <span class='ocrx_word' id='word_1_122' title='bbox 2041 1412 2169 1466; x_wconf 85' lang='lat' dir='ltr'>ter·</span> <span class='ocrx_word' id='word_1_123' title='bbox 2191 1425 2244 1467; x_wconf 71' lang='grc' dir='ltr'>ιε</span> 
     </span>
     <span class='ocr_line' id='line_1_17' title="bbox 151 1486 1234 1553; baseline 0.001 -9"><span class='ocrx_word' id='word_1_124' title='bbox 151 1504 254 1547; x_wconf 89' lang='lat' dir='ltr'>rae</span> <span class='ocrx_word' id='word_1_125' title='bbox 286 1487 517 1546; x_wconf 87' lang='lat' dir='ltr'>invectu</span> <span class='ocrx_word' id='word_1_126' title='bbox 551 1486 862 1545; x_wconf 88' lang='lat' dir='ltr'>continenti</span> <span class='ocrx_word' id='word_1_127' title='bbox 895 1486 1234 1553; x_wconf 77' lang='lat' dir='ltr'>adnectens.</span> 
     </span>
    </p>

    <p class='ocr_par' dir='ltr' id='par_1_7' title="bbox 152 1567 2244 2570">
     <span class='ocr_line' id='line_1_18' title="bbox 277 1567 2165 1650; baseline 0.001 -21"><span class='ocrx_word' id='word_1_128' title='bbox 277 1568 334 1629; x_wconf 86' lang='lat'>2.</span> <span class='ocrx_word' id='word_1_129' title='bbox 370 1570 495 1649; x_wconf 86' lang='lat'>(3.)</span> <span class='ocrx_word' id='word_1_130' title='bbox 527 1569 871 1630; x_wconf 86' lang='lat' dir='ltr'>Aetolorum</span> <span class='ocrx_word' id='word_1_131' title='bbox 897 1569 1099 1647; x_wconf 92' lang='lat' dir='ltr'>populi</span> <span class='ocrx_word' id='word_1_132' title='bbox 1127 1568 1505 1646; x_wconf 78' lang='lat' dir='ltr'>Athamanes,</span> <span class='ocrx_word' id='word_1_133' title='bbox 1530 1567 1879 1650; x_wconf 55' lang='lat' dir='ltr'>{l&#39;ymphaeh</span> <span class='ocrx_word' id='word_1_134' title='bbox 1910 1567 2165 1649; x_wconf 70' lang='lat' dir='ltr'>Ephyri,</span> 
     </span>
     <span class='ocr_line' id='line_1_19' title="bbox 153 1651 2168 1732; baseline 0.001 -20"><span class='ocrx_word' id='word_1_135' title='bbox 153 1653 513 1728; x_wconf 81' lang='lat' dir='ltr'>Aenienses,</span> <span class='ocrx_word' id='word_1_136' title='bbox 546 1653 856 1730; x_wconf 86' lang='lat' dir='ltr'>Perraebi,</span> <span class='ocrx_word' id='word_1_137' title='bbox 889 1652 1193 1732; x_wconf 84' lang='lat' dir='ltr'>Dolopes,</span> <span class='ocrx_word' id='word_1_138' title='bbox 1225 1651 1527 1729; x_wconf 81' lang='lat' dir='ltr'>Maraces,</span> <span class='ocrx_word' id='word_1_139' title='bbox 1559 1652 1845 1732; x_wconf 74' lang='lat' dir='ltr'>Ati-aces,</span> <span class='ocrx_word' id='word_1_140' title='bbox 1879 1671 1912 1713; x_wconf 93' lang='lat' dir='ltr'>a</span> <span class='ocrx_word' id='word_1_141' title='bbox 1950 1654 2168 1732; x_wconf 79' lang='lat' dir='ltr'>quibus</span> 
     </span>
     <span class='ocr_line' id='line_1_20' title="bbox 153 1735 2168 1817; baseline 0 -21"><span class='ocrx_word' id='word_1_142' title='bbox 153 1736 338 1796; x_wconf 88' lang='lat' dir='ltr'>Atrax</span> <span class='ocrx_word' id='word_1_143' title='bbox 367 1738 545 1797; x_wconf 91' lang='lat' dir='ltr'>amnis</span> <span class='ocrx_word' id='word_1_144' title='bbox 568 1735 731 1798; x_wconf 89' lang='lat' dir='ltr'>Ionio</span> <span class='ocrx_word' id='word_1_145' title='bbox 761 1738 903 1797; x_wconf 89' lang='lat' dir='ltr'>mari</span> <span class='ocrx_word' id='word_1_146' title='bbox 925 1736 1254 1802; x_wconf 81' lang='lat' dir='ltr'>infunditur.</span> <span class='ocrx_word' id='word_1_147' title='bbox 1299 1736 1570 1798; x_wconf 87' lang='lat' dir='ltr'>Aetoliae</span> <span class='ocrx_word' id='word_1_148' title='bbox 1596 1737 1869 1817; x_wconf 90' lang='lat' dir='ltr'>oppidum</span> <span class='ocrx_word' id='word_1_149' title='bbox 1895 1735 2168 1813; x_wconf 77' lang='lat' dir='ltr'>Calydon</span> 
     </span>
     <span class='ocr_line' id='line_1_21' title="bbox 155 1818 2242 1899; baseline 0 -18"><span class='ocrx_word' id='word_1_150' title='bbox 155 1830 246 1881; x_wconf 89' lang='lat' dir='ltr'>est</span> <span class='ocrx_word' id='word_1_151' title='bbox 271 1819 380 1880; x_wconf 90' lang='lat' dir='ltr'>VII</span> <span class='ocrx_word' id='word_1_152' title='bbox 412 1818 471 1879; x_wconf 88' lang='lat' dir='ltr'><strong><em>M</em></strong></span> <span class='ocrx_word' id='word_1_153' title='bbox 502 1819 554 1879; x_wconf 92' lang='lat' dir='ltr'>D</span> <span class='ocrx_word' id='word_1_154' title='bbox 597 1839 753 1899; x_wconf 90' lang='lat' dir='ltr'>pass.</span> <span class='ocrx_word' id='word_1_155' title='bbox 802 1840 834 1882; x_wconf 90' lang='lat' dir='ltr'>a</span> <span class='ocrx_word' id='word_1_156' title='bbox 869 1822 1009 1882; x_wconf 89' lang='lat' dir='ltr'>mari</span> <span class='ocrx_word' id='word_1_157' title='bbox 1054 1822 1212 1882; x_wconf 84' lang='lat' dir='ltr'>iuxta</span> <span class='ocrx_word' id='word_1_158' title='bbox 1242 1819 1504 1883; x_wconf 84' lang='lat' dir='ltr'>Evenum</span> <span class='ocrx_word' id='word_1_159' title='bbox 1545 1841 1787 1883; x_wconf 88' lang='lat' dir='ltr'>amnem.</span> <span class='ocrx_word' id='word_1_160' title='bbox 1850 1821 1989 1883; x_wconf 91' lang='lat' dir='ltr'>dein</span> <span class='ocrx_word' id='word_1_161' title='bbox 2041 1819 2242 1885; x_wconf 74' lang='lat' dir='ltr'>Ma-ao</span> 
     </span>
     <span class='ocr_line' id='line_1_22' title="bbox 156 1902 2164 1984; baseline 0 -20"><span class='ocrx_word' id='word_1_162' title='bbox 156 1905 356 1980; x_wconf 74' lang='lat' dir='ltr'>cynia,</span> <span class='ocrx_word' id='word_1_163' title='bbox 401 1903 715 1980; x_wconf 76' lang='lat' dir='ltr'>Molycria,</span> <span class='ocrx_word' id='word_1_164' title='bbox 766 1906 928 1965; x_wconf 89' lang='lat' dir='ltr'>cuius</span> <span class='ocrx_word' id='word_1_165' title='bbox 958 1925 992 1967; x_wconf 89' lang='lat' dir='ltr'>a</span> <span class='ocrx_word' id='word_1_166' title='bbox 1022 1914 1192 1983; x_wconf 83' lang='lat' dir='ltr'>tergo</span> <span class='ocrx_word' id='word_1_167' title='bbox 1231 1902 1464 1966; x_wconf 92' lang='lat' dir='ltr'>Chalcis</span> <span class='ocrx_word' id='word_1_168' title='bbox 1493 1923 1658 1966; x_wconf 87' lang='lat' dir='ltr'>mous</span> <span class='ocrx_word' id='word_1_169' title='bbox 1690 1915 1748 1967; x_wconf 86' lang='lat' dir='ltr'>et</span> <span class='ocrx_word' id='word_1_170' title='bbox 1779 1905 2164 1984; x_wconf 87' lang='lat' dir='ltr'>Taphiassus.</span> 
     </span>
     <span class='ocr_line' id='line_1_23' title="bbox 154 1988 2168 2066; baseline 0.001 -18"><span class='ocrx_word' id='word_1_171' title='bbox 154 1996 211 2048; x_wconf 91' lang='lat' dir='ltr'>at</span> <span class='ocrx_word' id='word_1_172' title='bbox 235 1989 292 2046; x_wconf 90' lang='lat' dir='ltr'>in</span> <span class='ocrx_word' id='word_1_173' title='bbox 315 2004 417 2048; x_wconf 82' lang='lat' dir='ltr'>ora</span> <span class='ocrx_word' id='word_1_174' title='bbox 443 1989 898 2065; x_wconf 88' lang='lat' dir='ltr'>promontorium</span> <span class='ocrx_word' id='word_1_175' title='bbox 914 1990 1247 2066; x_wconf 90' lang='lat' dir='ltr'>Antirrium,</span> <span class='ocrx_word' id='word_1_176' title='bbox 1273 1989 1370 2050; x_wconf 86' lang='lat' dir='ltr'>ubi</span> <span class='ocrx_word' id='word_1_177' title='bbox 1396 1992 1603 2051; x_wconf 86' lang='lat' dir='ltr'>ostium</span> <span class='ocrx_word' id='word_1_178' title='bbox 1626 1988 1981 2051; x_wconf 86' lang='lat' dir='ltr'>Corinthiaci</span> <span class='ocrx_word' id='word_1_179' title='bbox 2005 1990 2168 2057; x_wconf 79' lang='lat' dir='ltr'>sinus</span> 
     </span>
     <span class='ocr_line' id='line_1_24' title="bbox 152 2070 2168 2154; baseline 0.001 -22"><span class='ocrx_word' id='word_1_180' title='bbox 152 2073 336 2132; x_wconf 91' lang='lat' dir='ltr'>minus</span> <span class='ocrx_word' id='word_1_181' title='bbox 368 2070 427 2130; x_wconf 88' lang='grc' dir='ltr'><strong>Μ</strong></span> <span class='ocrx_word' id='word_1_182' title='bbox 460 2089 732 2150; x_wconf 88' lang='lat' dir='ltr'>passuum</span> <span class='ocrx_word' id='word_1_183' title='bbox 776 2073 1070 2135; x_wconf 88' lang='lat' dir='ltr'>latitudine</span> <span class='ocrx_word' id='word_1_184' title='bbox 1120 2073 1411 2134; x_wconf 79' lang='lat' dir='ltr'>influentis</span> <span class='ocrx_word' id='word_1_185' title='bbox 1440 2074 1810 2154; x_wconf 84' lang='lat' dir='ltr'>Aetolosque</span> <span class='ocrx_word' id='word_1_186' title='bbox 1841 2075 2168 2137; x_wconf 85' lang='lat' dir='ltr'>dirimentis</span> 
     </span>
     <span class='ocr_line' id='line_1_25' title="bbox 154 2154 2166 2237; baseline 0.001 -22"><span class='ocrx_word' id='word_1_187' title='bbox 154 2173 186 2215; x_wconf 90' lang='lat' dir='ltr'>a</span> <span class='ocrx_word' id='word_1_188' title='bbox 221 2154 651 2233; x_wconf 87' lang='lat' dir='ltr'>Peloponneso.</span> <span class='ocrx_word' id='word_1_189' title='bbox 677 2159 1158 2235; x_wconf 88' lang='lat' dir='ltr'>·promont0rium</span> <span class='ocrx_word' id='word_1_190' title='bbox 1205 2159 1371 2236; x_wconf 35' lang='lat' dir='ltr'>quod*</span> <span class='ocrx_word' id='word_1_191' title='bbox 1408 2168 1608 2219; x_wconf 86' lang='lat' dir='ltr'>contra</span> <span class='ocrx_word' id='word_1_192' title='bbox 1654 2157 1928 2237; x_wconf 87' lang='lat' dir='ltr'>procedit</span> <span class='ocrx_word' id='word_1_193' title='bbox 1957 2157 2166 2236; x_wconf 86' lang='lat' dir='ltr'>appel-</span> 
     </span>
     <span class='ocr_line' id='line_1_26' title="bbox 153 2238 2244 2321; baseline -0 -23"><span class='ocrx_word' id='word_1_194' title='bbox 153 2238 302 2299; x_wconf 91' lang='lat' dir='ltr'>latur</span> <span class='ocrx_word' id='word_1_195' title='bbox 321 2239 531 2300; x_wconf 91' lang='lat' dir='ltr'>Rhion.</span> <span class='ocrx_word' id='word_1_196' title='bbox 576 2240 683 2301; x_wconf 91' lang='lat' dir='ltr'>sed</span> <span class='ocrx_word' id='word_1_197' title='bbox 706 2242 764 2301; x_wconf 93' lang='lat' dir='ltr'>in</span> <span class='ocrx_word' id='word_1_198' title='bbox 789 2239 1089 2302; x_wconf 89' lang='lat' dir='ltr'>Corinthio</span> <span class='ocrx_word' id='word_1_199' title='bbox 1120 2243 1244 2301; x_wconf 89' lang='lat' dir='ltr'>sinu</span> <span class='ocrx_word' id='word_1_200' title='bbox 1271 2242 1484 2321; x_wconf 88' lang='lat' dir='ltr'>oppida</span> <span class='ocrx_word' id='word_1_201' title='bbox 1507 2242 1778 2303; x_wconf 86' lang='lat' dir='ltr'>Aetoliae</span> <span class='ocrx_word' id='word_1_202' title='bbox 1801 2239 2167 2320; x_wconf 78' lang='lat' dir='ltr'>Naupactus,</span> <span class='ocrx_word' id='word_1_203' title='bbox 2187 2254 2244 2296; x_wconf 62' lang='grc' dir='ltr'>πο</span> 
     </span>
     <span class='ocr_line' id='line_1_27' title="bbox 154 2321 2170 2401; baseline 0.001 -19"><span class='ocrx_word' id='word_1_204' title='bbox 154 2321 524 2401; x_wconf 87' lang='lat' dir='ltr'>Eupalimna,</span> <span class='ocrx_word' id='word_1_205' title='bbox 576 2333 635 2384; x_wconf 91' lang='lat' dir='ltr'>et</span> <span class='ocrx_word' id='word_1_206' title='bbox 666 2325 724 2384; x_wconf 94' lang='lat' dir='ltr'>in</span> <span class='ocrx_word' id='word_1_207' title='bbox 767 2326 1194 2386; x_wconf 89' lang='lat' dir='ltr'>mediterraneo</span> <span class='ocrx_word' id='word_1_208' title='bbox 1229 2325 1512 2401; x_wconf 87' lang='lat' dir='ltr'>Pleuron,</span> <span class='ocrx_word' id='word_1_209' title='bbox 1558 2324 1880 2387; x_wconf 84' lang='lat' dir='ltr'>Halisarna.</span> <span class='ocrx_word' id='word_1_210' title='bbox 1934 2332 2170 2385; x_wconf 84' lang='lat' dir='ltr'>montes</span> 
     </span>
     <span class='ocr_line' id='line_1_28' title="bbox 158 2406 2170 2486; baseline 0.002 -21"><span class='ocrx_word' id='word_1_211' title='bbox 158 2406 298 2466; x_wconf 90' lang='lat' dir='ltr'>clari</span> <span class='ocrx_word' id='word_1_212' title='bbox 329 2409 384 2482; x_wconf 76' lang='lat' dir='ltr'>in</span> <span class='ocrx_word' id='word_1_213' title='bbox 414 2407 661 2468; x_wconf 86' lang='lat' dir='ltr'>Dodone</span> <span class='ocrx_word' id='word_1_214' title='bbox 696 2409 1009 2484; x_wconf 87' lang='lat' dir='ltr'>Tomarus,</span> <span class='ocrx_word' id='word_1_215' title='bbox 1042 2410 1101 2469; x_wconf 92' lang='lat' dir='ltr'>in</span> <span class='ocrx_word' id='word_1_216' title='bbox 1130 2407 1442 2470; x_wconf 86' lang='lat' dir='ltr'>Ambracia</span> <span class='ocrx_word' id='word_1_217' title='bbox 1475 2407 1805 2486; x_wconf 80' lang='lat' dir='ltr'>Crania,.in</span> <span class='ocrx_word' id='word_1_218' title='bbox 1834 2408 2170 2470; x_wconf 80' lang='lat' dir='ltr'>Acarnania</span> 
     </span>
     <span class='ocr_line' id='line_1_29' title="bbox 156 2488 2098 2570; baseline 0.002 -23"><span class='ocrx_word' id='word_1_219' title='bbox 156 2488 542 2567; x_wconf 75' lang='lat' dir='ltr'>Aracynthus,</span> <span class='ocrx_word' id='word_1_220' title='bbox 574 2494 631 2551; x_wconf 91' lang='lat' dir='ltr'>in</span> <span class='ocrx_word' id='word_1_221' title='bbox 660 2492 893 2560; x_wconf 82' lang='lat' dir='ltr'>Aetolia</span> <span class='ocrx_word' id='word_1_222' title='bbox 924 2491 1251 2568; x_wconf 90' lang='lat' dir='ltr'>Acanthon,</span> <span class='ocrx_word' id='word_1_223' title='bbox 1283 2493 1708 2570; x_wconf 82' lang='lat' dir='ltr'>Panaetolium,</span> <span class='ocrx_word' id='word_1_224' title='bbox 1743 2492 2098 2568; x_wconf 74' lang='lat' dir='ltr'>Macynium.</span> 
     </span>
    </p>

    <p class='ocr_par' dir='ltr' id='par_1_8' title="bbox 105 2574 2241 3075">
     <span class='ocr_line' id='line_1_30' title="bbox 105 2574 2169 2654; baseline 0.001 -19"><span class='ocrx_word' id='word_1_225' title='bbox 105 2586 138 2641; x_wconf 85' lang='grc'><strong>7</strong></span> <span class='ocrx_word' id='word_1_226' title='bbox 286 2574 344 2635; x_wconf 91' lang='grc'>3.</span> <span class='ocrx_word' id='word_1_227' title='bbox 380 2575 504 2654; x_wconf 88' lang='grc'>(4.)</span> <span class='ocrx_word' id='word_1_228' title='bbox 534 2575 802 2636; x_wconf 87' lang='lat' dir='ltr'>Proxumi</span> <span class='ocrx_word' id='word_1_229' title='bbox 833 2575 1060 2638; x_wconf 88' lang='lat' dir='ltr'>Aetolis</span> <span class='ocrx_word' id='word_1_230' title='bbox 1091 2576 1263 2636; x_wconf 92' lang='lat' dir='ltr'>Locri</span> <span class='ocrx_word' id='word_1_231' title='bbox 1295 2578 1770 2654; x_wconf 82' lang='lat' dir='ltr'>cognominantur</span> <span class='ocrx_word' id='word_1_232' title='bbox 1801 2575 2051 2652; x_wconf 83' lang='lat' dir='ltr'>Ozolae,</span> <span class='ocrx_word' id='word_1_233' title='bbox 2082 2575 2169 2637; x_wconf 83' lang='lat' dir='ltr'>in·</span> 
     </span>
     <span class='ocr_line' id='line_1_31' title="bbox 158 2658 2241 2742; baseline -0 -27"><span class='ocrx_word' id='word_1_234' title='bbox 158 2676 377 2719; x_wconf 90' lang='lat' dir='ltr'>munes.</span> <span class='ocrx_word' id='word_1_235' title='bbox 437 2660 711 2738; x_wconf 90' lang='lat' dir='ltr'>oppidum</span> <span class='ocrx_word' id='word_1_236' title='bbox 757 2658 1052 2736; x_wconf 87' lang='lat' dir='ltr'>Oeanthe,</span> <span class='ocrx_word' id='word_1_237' title='bbox 1103 2668 1309 2738; x_wconf 89' lang='lat' dir='ltr'>portus</span> <span class='ocrx_word' id='word_1_238' title='bbox 1342 2659 1635 2742; x_wconf 79' lang='lat' dir='ltr'>Apollinis</span> <span class='ocrx_word' id='word_1_239' title='bbox 1668 2660 1959 2737; x_wconf 79' lang='lat' dir='ltr'>Phaestii,</span> <span class='ocrx_word' id='word_1_240' title='bbox 2009 2661 2241 2723; x_wconf 73' lang='lat' dir='ltr'>sinusso</span> 
     </span>
     <span class='ocr_line' id='line_1_32' title="bbox 161 2737 2171 2822; baseline 0.003 -24"><span class='ocrx_word' id='word_1_241' title='bbox 161 2737 452 2803; x_wconf 88' lang='lat' dir='ltr'>Crisaeus.</span> <span class='ocrx_word' id='word_1_242' title='bbox 508 2745 659 2803; x_wconf 89' lang='lat' dir='ltr'>intus</span> <span class='ocrx_word' id='word_1_243' title='bbox 709 2743 923 2822; x_wconf 87' lang='lat' dir='ltr'>oppida</span> <span class='ocrx_word' id='word_1_244' title='bbox 969 2744 1243 2821; x_wconf 73' lang='lat' dir='ltr'>Argyna,</span> <span class='ocrx_word' id='word_1_245' title='bbox 1286 2742 1562 2822; x_wconf 87' lang='lat' dir='ltr'>Eupalia,</span> <span class='ocrx_word' id='word_1_246' title='bbox 1605 2744 1948 2821; x_wconf 84' lang='lat' dir='ltr'>Phaestum,</span> <span class='ocrx_word' id='word_1_247' title='bbox 1998 2741 2171 2805; x_wconf 90' lang='lat' dir='ltr'>Cala·</span> 
     </span>
     <span class='ocr_line' id='line_1_33' title="bbox 156 2825 2174 2907; baseline 0.003 -25"><span class='ocrx_word' id='word_1_248' title='bbox 156 2827 354 2889; x_wconf 88' lang='lat' dir='ltr'>misus.</span> <span class='ocrx_word' id='word_1_249' title='bbox 409 2827 560 2887; x_wconf 90' lang='lat' dir='ltr'>ultra</span> <span class='ocrx_word' id='word_1_250' title='bbox 592 2826 815 2888; x_wconf 87' lang='lat' dir='ltr'>Cirraei</span> <span class='ocrx_word' id='word_1_251' title='bbox 843 2827 1114 2889; x_wconf 89' lang='lat' dir='ltr'>Phocidis</span> <span class='ocrx_word' id='word_1_252' title='bbox 1147 2828 1371 2907; x_wconf 84' lang='lat' dir='ltr'>campi,</span> <span class='ocrx_word' id='word_1_253' title='bbox 1411 2828 1687 2906; x_wconf 89' lang='lat' dir='ltr'>oppidum</span> <span class='ocrx_word' id='word_1_254' title='bbox 1720 2825 1916 2904; x_wconf 88' lang='lat' dir='ltr'>Cirra,</span> <span class='ocrx_word' id='word_1_255' title='bbox 1962 2836 2174 2906; x_wconf 84' lang='lat' dir='ltr'>portus</span> 
     </span>
     <span class='ocr_line' id='line_1_34' title="bbox 161 2904 2172 2990; baseline 0.002 -23"><span class='ocrx_word' id='word_1_256' title='bbox 161 2904 488 2985; x_wconf 85' lang='lat' dir='ltr'>Chalaeon,</span> <span class='ocrx_word' id='word_1_257' title='bbox 515 2929 547 2970; x_wconf 91' lang='lat' dir='ltr'>a</span> <span class='ocrx_word' id='word_1_258' title='bbox 582 2929 696 2989; x_wconf 84' lang='lat' dir='ltr'>quo</span> <span class='ocrx_word' id='word_1_259' title='bbox 721 2910 828 2971; x_wconf 90' lang='lat' dir='ltr'>VII</span> <span class='ocrx_word' id='word_1_260' title='bbox 849 2909 908 2969; x_wconf 88' lang='grc' dir='ltr'><strong>Μ</strong></span> <span class='ocrx_word' id='word_1_261' title='bbox 936 2928 1093 2989; x_wconf 85' lang='lat' dir='ltr'>pass.</span> <span class='ocrx_word' id='word_1_262' title='bbox 1128 2912 1411 2972; x_wconf 83' lang='lat' dir='ltr'>introrsus</span> <span class='ocrx_word' id='word_1_263' title='bbox 1441 2912 1687 2973; x_wconf 87' lang='lat' dir='ltr'>liberum</span> <span class='ocrx_word' id='word_1_264' title='bbox 1718 2912 2005 2990; x_wconf 77' lang='lat' dir='ltr'>oppidum·</span> <span class='ocrx_word' id='word_1_265' title='bbox 2023 2910 2172 2971; x_wconf 89' lang='lat' dir='ltr'>Del·</span> 
     </span>
     <span class='ocr_line' id='line_1_35' title="bbox 160 2991 2168 3075; baseline 0.001 -24"><span class='ocrx_word' id='word_1_266' title='bbox 160 2991 257 3067; x_wconf 87' lang='lat' dir='ltr'>phi</span> <span class='ocrx_word' id='word_1_267' title='bbox 291 2993 398 3052; x_wconf 90' lang='lat' dir='ltr'>sub</span> <span class='ocrx_word' id='word_1_268' title='bbox 441 3002 635 3054; x_wconf 91' lang='lat' dir='ltr'>monte</span> <span class='ocrx_word' id='word_1_269' title='bbox 665 2995 920 3056; x_wconf 89' lang='lat' dir='ltr'>Parnaso</span> <span class='ocrx_word' id='word_1_270' title='bbox 956 2995 1262 3055; x_wconf 89' lang='lat' dir='ltr'>clarissimi</span> <span class='ocrx_word' id='word_1_271' title='bbox 1295 2995 1353 3055; x_wconf 93' lang='lat' dir='ltr'>in</span> <span class='ocrx_word' id='word_1_272' title='bbox 1389 2997 1565 3059; x_wconf 85' lang='lat' dir='ltr'>terris</span> <span class='ocrx_word' id='word_1_273' title='bbox 1596 2996 1818 3056; x_wconf 88' lang='lat' dir='ltr'>oraculi</span> <span class='ocrx_word' id='word_1_274' title='bbox 1849 2994 2168 3075; x_wconf 81' lang='lat' dir='ltr'>Apollinis.</span> 
     </span>
    </p>

    <p class='ocr_par' dir='ltr' id='par_1_9' title="bbox 101 3073 2240 3411">
     <span class='ocr_line' id='line_1_36' title="bbox 101 3073 2240 3157; baseline 0.002 -21"><span class='ocrx_word' id='word_1_275' title='bbox 101 3073 290 3136; x_wconf 84' lang='lat' dir='ltr'>8fons</span> <span class='ocrx_word' id='word_1_276' title='bbox 322 3075 638 3153; x_wconf 85' lang='lat' dir='ltr'>Castalius,</span> <span class='ocrx_word' id='word_1_277' title='bbox 683 3079 863 3138; x_wconf 90' lang='lat' dir='ltr'>amnis</span> <span class='ocrx_word' id='word_1_278' title='bbox 897 3076 1187 3157; x_wconf 84' lang='lat' dir='ltr'>Cephisus</span> <span class='ocrx_word' id='word_1_279' title='bbox 1216 3079 1870 3157; x_wconf 69' lang='lat' dir='ltr'>praefluensDelphos,</span> <span class='ocrx_word' id='word_1_280' title='bbox 1916 3088 2081 3140; x_wconf 85' lang='lat' dir='ltr'>ortus</span> <span class='ocrx_word' id='word_1_281' title='bbox 2112 3078 2240 3140; x_wconf 71' lang='lat' dir='ltr'>inas</span> 
     </span>
     <span class='ocr_line' id='line_1_37' title="bbox 163 3154 2172 3241; baseline 0.001 -24"><span class='ocrx_word' id='word_1_282' title='bbox 163 3154 358 3218; x_wconf 90' lang='lat' dir='ltr'>Lilaea</span> <span class='ocrx_word' id='word_1_283' title='bbox 393 3161 557 3219; x_wconf 90' lang='lat' dir='ltr'>urbe.</span> <span class='ocrx_word' id='word_1_284' title='bbox 615 3161 901 3240; x_wconf 88' lang='lat' dir='ltr'>quondam</span> <span class='ocrx_word' id='word_1_285' title='bbox 934 3170 1244 3240; x_wconf 87' lang='lat' dir='ltr'>praeterea</span> <span class='ocrx_word' id='word_1_286' title='bbox 1289 3164 1560 3241; x_wconf 87' lang='lat' dir='ltr'>oppidum</span> <span class='ocrx_word' id='word_1_287' title='bbox 1597 3160 1764 3223; x_wconf 89' lang='lat' dir='ltr'>Crisa</span> <span class='ocrx_word' id='word_1_288' title='bbox 1796 3172 1857 3224; x_wconf 87' lang='lat' dir='ltr'>et</span> <span class='ocrx_word' id='word_1_289' title='bbox 1900 3176 2029 3224; x_wconf 86' lang='lat' dir='ltr'>cum</span> <span class='ocrx_word' id='word_1_290' title='bbox 2057 3154 2172 3221; x_wconf 82' lang='lat' dir='ltr'>Bu‘-</span> 
     </span>
     <span class='ocr_line' id='line_1_38' title="bbox 166 3241 2172 3325; baseline 0.002 -24"><span class='ocrx_word' id='word_1_291' title='bbox 166 3241 424 3301; x_wconf 90' lang='lat' dir='ltr'>lensibus</span> <span class='ocrx_word' id='word_1_292' title='bbox 455 3242 1176 3321; x_wconf 74' lang='lat' dir='ltr'>Anticyra,¹Naulochum,</span> <span class='ocrx_word' id='word_1_293' title='bbox 1210 3246 1419 3323; x_wconf 73' lang='lat' dir='ltr'>Pyrra,</span> <span class='ocrx_word' id='word_1_294' title='bbox 1453 3246 1731 3325; x_wconf 86' lang='lat' dir='ltr'>Amphisa</span> <span class='ocrx_word' id='word_1_295' title='bbox 1760 3248 2007 3317; x_wconf 80' lang='lat' dir='ltr'>inmunis</span> <span class='ocrx_word' id='word_1_296' title='bbox 2020 3279 2053 3322; x_wconf 84' lang='grc'>,.-</span> <span class='ocrx_word' id='word_1_297' title='bbox 2075 3243 2172 3306; x_wconf 89' lang='lat' dir='ltr'>Ti-</span> 
     </span>
     <span class='ocr_line' id='line_1_39' title="bbox 164 3324 2175 3411; baseline 0.003 -27"><span class='ocrx_word' id='word_1_298' title='bbox 164 3324 394 3400; x_wconf 89' lang='lat' dir='ltr'>throne,</span> <span class='ocrx_word' id='word_1_299' title='bbox 435 3324 658 3405; x_wconf 71' lang='lat' dir='ltr'>Tritea,</span> <span class='ocrx_word' id='word_1_300' title='bbox 682 3326 1025 3406; x_wconf 68' lang='lat' dir='ltr'>Ambrysus,</span> <span class='ocrx_word' id='word_1_301' title='bbox 1057 3327 1310 3408; x_wconf 89' lang='lat' dir='ltr'>Mirana,</span> <span class='ocrx_word' id='word_1_302' title='bbox 1346 3349 1496 3410; x_wconf 71' lang='lat' dir='ltr'>,qnae</span> <span class='ocrx_word' id='word_1_303' title='bbox 1527 3331 1695 3410; x_wconf 79' lang='lat' dir='ltr'>regio</span> <span class='ocrx_word' id='word_1_304' title='bbox 1730 3330 1936 3393; x_wconf 88' lang='lat' dir='ltr'>Daulis</span> <span class='ocrx_word' id='word_1_305' title='bbox 1966 3328 2175 3411; x_wconf 64' lang='lat' dir='ltr'>appel·⁴</span> 
     </span>
    </p>
   </div>
   <div class='ocr_carea' id='block_1_3' title="bbox 95 1582 130 1637">
    <p class='ocr_par' dir='ltr' id='par_1_10' title="bbox 95 1582 130 1637">
     <span class='ocr_line' id='line_1_40' title="bbox 95 1582 130 1637; textangle 90"><span class='ocrx_word' id='word_1_306' title='bbox 95 1582 130 1637; x_wconf 73' lang='grc' dir='ltr'><strong>Φ</strong></span> 
     </span>
    </p>
   </div>
  </div>
 </body>
</html>
