2320 3650
622 128 783 174 NAT.
817 127 999 174 ms'r.
1033 128 1185 174 xm.
1218 125 1466 178 22———25.
1500 118 1806 195 (43—49.)
2092 118 2204 178 251

168 301 391 361 -super
414 282 600 341 omnia
624 281 912 359 pecodum
929 281 1211 341 medicina
1240 281 1429 341 valida
1461 300 1492 341 a
1519 281 1736 340 morbis
1759 284 2021 344 omnibus
2043 301 2209 362 prae·

148 397 155 400 ’
190 375 417 427 stante.
488 367 624 442 quin
655 374 713 424 et
758 365 1075 425 nutricibus
1107 366 1166 423 in
1196 365 1628 426 defectulactis
1661 367 1875 426 aridum
1911 378 2084 446 atque
2115 370 2171 426 in
2198 378 2292 431 131

176 468 360 529 aequa
387 449 692 508 decoctum
722 450 884 527 potui
909 467 1036 508 cum
1063 450 1197 508 vino
1221 450 1344 510 dari
1372 448 1566 524 iubet,
1588 450 1871 511 firmiores
1900 453 2209 512 celsiores-

165 552 322 613 que
368 532 598 592 infantis
642 533 815 609 fore„
846 533 1115 595 viridem.
1144 532 1410 610 gallinis,
1462 541 1556 594 aut
1586 534 1974 609 si-inaruerit,
2018 535 2209 595 made-

133 620 440 679 5'factum.
507 616 631 693 apis
673 633 909 695 quoque
950 632 1253 693 numquam
1285 615 1491 676 defore
1538 619 1709 690 cytisi
1735 617 1951 696 pabulo
1994 621 2209 678 contin-

193 710 382 779 gente
409 700 740 778 promittunt
761 699 1130 760 Democritus
1150 709 1324 778 atque
1354 701 1830 762 Aristomachus.
1868 701 1994 761 Neo
2019 703 2171 762 aliud
2198 711 2295 765 132

166 785 444 845 -minoris
483 784 716 861 inpendi
747 793 856 843 est.
932 784 1142 842 seritur
1175 802 1302 843 cum
1336 784 1560 844 hordeo
1590 795 1687 844 aut
1718 804 1859 845 vere
1900 787 2118 844 semine
2153 795 2214 845 ut

193 885 475 948 porrum,
524 868 638 927 vel·
665 867 831 927 caule
862 876 1128 935 autumno
1157 876 1290 928 ante
1326 867 1601 928 brumam.
1662 870 1714 941 si·
1740 870 1991 944 semine,
2031 870 2208 931 madi-

195 953 338 1012 dum
374 960 468 1026 et,
501 953 550 1010 si
581 951 768 1012 desint
794 951 1040 1026 imbres,
1073 953 1602 1030 satumspargitur.
1665 952 1900 1030 plantae
1930 953 2212 1013 cubitales

27 1099 28 1108 ¹
101 1061 171 1101 ,ιο
194 1035 633 1103 transferuntur
666 1034 878 1095 scrobe
924 1032 1137 1113 pedali.
1202 1037 1414 1104 seritur
1448 1054 1557 1115 per
1598 1038 1980 1114 aequinoctia·
2003 1047 2207 1097 tenero

189 1121 449 1193 frutice,
481 1119 777 1196 perficitur
807 1117 1098 1193 triennio.
1118 1118 1423 1180 demetitur
1442 1137 1622 1181 verno
1649 1123 2050 1199 aequinoctio,
2086 1138 2210 1180 cum

166 1204 423 1265 *flou-ene
454 1201 698 1276 desinit,
731 1202 830 1263 vel
859 1204 1026 1280 pueri
1050 1216 1268 1267 anusve
1299 1203 1576 1265 vilissima
1605 1222 1805 1282 opera.
1864 1223 2039 1266 canus
2071 1204 2166 1264 ad·
2192 1212 2295 1266 133

193 1295 451 1365 spectu,
502 1285 975 1365 breviterquesi
1033 1289 1159 1364 quis
1209 1287 1552 1363 exprimere.
1585 1288 2007 1351 similitudinem
2039 1288 2208 1362 velit,

143 1376 153 1387 ²
193 1371 569 1448 angustioris.
588 1370 769 1430 trifoli
801 1370 1014 1431 frutex.
1077 1370 1243 1430 datur
1276 1370 1613 1430 animalibus
1646 1381 1786 1450 post
1809 1371 2038 1432 biduum
2064 1389 2210 1436 sem·

92 1473 346 1533 isper,
393 1453 582 1512 hieme
612 1470 755 1513 vero
790 1454 945 1532 quod
979 1455 1184 1513 inaruit
1212 1454 1512 1515 madidum.
1576 1456 1783 1517 satiant
1812 1473 1996 1533 equos
2028 1456 2210 1515 denae

193 1538 391 1598 librae
422 1537 575 1605 etad
607 1539 934 1615 portionem
962 1539 1181 1596 minora
1206 1537 1502 1612 animalia,
1537 1538 1846 1616 obiterque
1868 1542 2024 1601 inter
2059 1539 2209 1600 ordi-

170 1640 311 1682 nes
343 1620 513 1680 alium
543 1629 602 1681 et
633 1639 812 1698 cepas
856 1623 979 1680 seri
1011 1621 1207 1683 fertile
1243 1630 1375 1685 est.⁴
1415 1620 1687 1685 Inventus
1717 1632 1808 1682 est
1837 1622 1933 1683 hic
1968 1625 2163 1683 frutex
2196 1632 2295 1685 134

191 1708 259 1766 in
307 1701 536 1778 cythno
580 1704 797 1780 insula,
845 1704 993 1765 inde.
1020 1705 1262 1767 tralatus
1302 1705 1359 1765 in
1403 1707 1585 1767 omnis
1617 1703 1938 1783 Cycladas,
1980 1724 2115 1767 mox
2156 1708 2212 1764 in

25 1860 35 1867 .
186 1787 365 1849 urbis
412 1787 702 1863 Graecas,
747 1805 956 1867 magno
1003 1791 1164 1851 casei
1202 1799 1510 1867 proventu.
1579 1800 1920 1869 praeterea,
1966 1800 2210 1871 propter

27 1876 30 1881 “
108 1872 361 1952 mquod
391 1890 657 1932 maxume
688 1874 864 1934 miror
893 1891 1082 1936 rarum
1112 1891 1248 1933 esse
1279 1876 1335 1934 in
1370 1873 1566 1950 Italia,
1609 1892 1724 1940 non
1768 1885 2027 1938 aestuum
2047 1921 2063 1951 ,
2099 1892 2211 1935 non

190 1957 515 2033 frigorum,
560 1958 1039 2033 nongrandinum
1078 1966 1176 2017 aut
1219 1958 1368 2017 nivis
1399 1960 1657 2022 iniuriam
1688 1962 2048 2038 expavescit.
2112 1959 2207 2020 ad-

189 2041 300 2100 icit
332 2038 628 2116 Hygiam,
691 2059 764 2099 ne
807 2041 1052 2102 hostium
1097 2041 1360 2118 quidem,
1412 2052 1692 2121 propter
1687 2044 1920 2103 nullam
1970 2045 2209 2120 gratiam

140 2124 365 2201 ligni.
796 2161 805 2166 ι

188 2231 193 2234 ·
331 2205 433 2266 25.
474 2206 642 2285 (48.)
674 2206 1002 2268 Nascuntur
1028 2217 1087 2268 et
1114 2209 1171 2266 in
1201 2210 1342 2274 mari
1371 2209 1614 2276 frutices
1642 2210 2033 2286 arboresque,
2065 2209 2164 2266 mi·
2192 2218 2293 2271 135

27 2298 30 2313 ²
92 2314 170 2361 (ιε
190 2308 382 2351 nores
428 2291 487 2350 in
502 2300 748 2367 nostr0‚
795 2289 1050 2356 Rubrum
1083 2292 1231 2349 enim
1262 2299 1319 2349 et
1362 2299 1517 2356 totus
1550 2293 1787 2352 orientis
1822 2310 2077 2352 oceanus
2118 2310 2208 2349 re·
2267 2341 2270 2342 γ

190 2375 388 2436 fertus
429 2384 521 2433 est
554 2374 741 2433 silvis.
809 2373 940 2435 Non
982 2374 1160 2440 habet
1193 2373 1387 2450 lingua
1419 2374 1531 2438 alia
1571 2393 1781 2438 nomen
1813 2375 1967 2454 quod
2002 2374 2209 2436 Graeci

191 2467 413 2519 vocant
456 2457 717 2535 phycoS‚
754 2460 1020 2537 quoniam
1051 2459 1185 2535 alga
1213 2457 1520 2520 herbarum
1541 2462 1715 2520 maris
1747 2460 2093 2530 vocabulum
2125 2461 2205 2518 in·

188 2541 531 2617 tellegitur‚
585 2542 679 2601 hic
730 2552 920 2606 autem
962 2552 1054 2602 est
1100 2543 1313 2604 frutex.
1374 2542 1516 2601 folio
1560 2542 1715 2617 lato,
1775 2543 1976 2612 colore
2020 2544 2205 2616 viridi,

184 2624 384 2703 gignit
432 2626 587 2703 quod
631 2626 858 2703 quidam
897 2641 1113 2703 grason
1154 2634 1396 2700 vocant,
1446 2626 1543 2686 alii
1586 2636 1836 2708 zostera.
1903 2627 2169 2686 Alterum
2192 2636 2295 2690 136

30 2713 36 2726 '
103 2724 385 2786 mgenus
424 2709 678 2768 eiusdem
712 2709 1037 2788 capillaceo
1067 2710 1247 2783 folio,
1295 2709 1480 2768 simile
1513 2709 1802 2785 feniculo,
1836 2713 1893 2769 in
1924 2712 2081 2778 saxis
2107 2727 2203 2768 na-

25 2802 33 2823 *
188 2793 403 2866 scitur,
439 2794 713 2869 superius
741 2793 797 2854 in
825 2793 990 2856 vadis
1020 2793 1158 2858 haut
1191 2791 1399 2870 procul
1430 2793 1634 2869 litore,
1668 2803 1969 2871 utrumque
1999 2809 2202 2867 verno,

189 2885 257 2937 et
302 2874 493 2940 interit
523 2886 810 2938 autumno.
870 2877 1024 2935 circa
1057 2875 1289 2935 Cretam
1331 2875 1574 2938 insulam
1603 2886 1738 2936 nato
1770 2879 1827 2936 in
1858 2878 2040 2955 petris
2073 2894 2203 2954 pur·

185 2976 374 3039 puras
435 2975 668 3037 quoque
721 2959 1027 3042 inficiunt
1036 2959 1456 3057 laudatissimo
1506 2978 1538 3019 a
1593 2971 1758 3042 parte
1814 2959 2100 3037 aquilonis
2148 2969 2208 3019 ut

184 3039 502 3120 spongeis.
559 3042 813 3104 Tertium
855 3051 945 3101 est
988 3005 1237 3120 gramini
1277 3043 1497 3119 simile,
1543 3045 1742 3111 radice
1788 3044 2115 3121 geniculata
2148 3053 2203 3103 et

25 3126 37 3167 ff
54 3150 165 3198 35
187 3124 369 3187 caule
399 3126 649 3203 qualiter
675 3127 907 3187 calami.

27 3218 29 3225 ’
88 3211 97 3214 ἡ
320 3209 486 3287 (49)
536 3209 711 3271 Aliud
741 3228 928 3287 genus
968 3211 1237 3270 fruticum
1270 3210 1456 3285 bryon
1487 3171 1764 3287 vocatur,
1805 3211 1949 3270 folio
1982 3209 2158 3271 lactu·
2188 3220 2290 3278 137

32 2955 37 2990 l

25 3298 37 3337 f
187 3310 339 3366 cae,
371 3294 679 3369 rugosiore
712 3303 946 3369 tantum,
977 3296 1087 3353 iam
1115 3294 1231 3354 hoc
1258 3295 1495 3354 interius
1521 3312 1765 3358 nascens
1783 3340 1800 3370 ,
1826 3296 1881 3353 in
1910 3294 2042 3353 alto
2061 3311 2202 3353 vero

25 3388 35 3425 t
183 3375 360 3438 abies
406 3386 465 3435 et
495 3394 742 3453 quercus
786 3377 1019 3437 cubitali
1053 3378 1368 3438 altitudine.
1438 3379 1609 3437 ramis
1653 3378 2203 3438 earum-adhaerent

27 3463 37 3509 ι’
185 3458 478 3521 conchae.
559 3459 793 3533 Quercu
842 3471 901 3521 et
960 3462 1138 3539 tingui
1179 3462 1342 3522 lanas
1391 3462 1647 3539 tradunt,
1710 3463 1982 3541 glandem
2030 3462 2201 3522 etiam

29 3550 34 3587 ι·

2267 3589 2295 3611 Δ
