2320 3650
156 79 274 140 154
391 90 451 139 c,
485 91 676 138 PLINI
709 90 1009 139 suenum
1035 91 1197 139 NAT.
1232 92 1415 140 ms'r.
1447 93 1549 140 m.
1586 89 1672 170 26.ι
1708 34 1803 167 (2'9
1817 76 2011 161 —30.)

147 262 381 303 versum
409 252 598 304 autem
629 245 810 310 sinum
844 244 1043 305 Italiae
1089 254 1146 304 et
1178 244 1394 319 Illyrici
1436 245 1813 309 ambis—tu
1676 264 1820 313 XVII
1853 263 2164 324 passuum.

65 326 216 386 moln
239 344 311 387 eo
347 327 459 386 duo
490 330 665 387 maria
698 344 811 406 quo
843 329 1199 388 distinximus
1231 329 1377 403 fine,
1413 328 1674 388 Ionium
1658 348 1714 389 m
1743 333 1926 408 prima
1957 338 2164 408 parte,

150 411 390 470 interius
419 409 804 471 Hadriaticum
834 412 988 489 quod
1021 429 1290 489 superum
1320 420 1550 471 vocant.

64 504 162 555 151
281 494 447 573 (30.)
481 493 709 554 Insulae
733 496 799 553 in
827 493 1085 555 Ausonio
1116 497 1256 566 mari
1286 503 1522 573 praeter
1552 496 1662 556 iam
1704 498 1887 558 dictas
1929 512 2163 556 memo·
2300 505 2301 558 i

149 587 272 637 ratu
304 577 513 653 dignae
544 577 757 653 nullae,
790 580 846 635 in
868 577 1029 637 Ionio
1056 596 1297 655 paucae.
1343 575 1594 637 Calabro
1617 580 1790 640 litore
1817 589 1950 639 ante
1971 580 2160 639 Brun·
2185 602 2211 642 ε
2300 561 2301 644 l

149 660 368 719 dusium
401 679 635 738 quarum
664 660 910 738 obiectu,
929 670 1129 739 portus
1172 662 1452 735 efficitur,
1501 671 1698 723 contra
1729 663 1986 741 Apulum
2017 663 2159 722 litus
2300 681 2301 696 ¹

147 742 454 804 Diomedia
500 746 814 822 conspicua
858 754 1225 804 monumento
1270 744 1571 805 Diomedis
1619 755 1676 805 et
1721 748 1905 806 altera
1936 745 2158 806 eodem

147 829 377 887 nomine
407 845 441 887 a
472 828 809 905 quibusdam
835 827 1066 888 Teutria
1100 828 1414 906 appellata.
1470 827 1687 903 lllyrici
1719 847 1821 889 ora
1844 829 2007 888 mille
2036 848 2158 889 am·

144 910 297 988 plius
332 911 529 970 insulis
565 910 990 990 frequentatur,
1035 920 1235 971 natura
1269 912 1490 970 vadoso
1536 914 1677 972 mari
1721 914 2156 991 aestuariisque

144 996 303 1054 tenui
345 994 515 1053 alveo
552 995 1080 1054 intercursantibus,
1145 994 1339 1076 clarae
1385 1004 1515 1054 ante
1562 997 1711 1055 ostia
1755 996 1978 1054 Timavi
2013 996 2153 1055 cali·
2177 1017 2225 1059 10

146 1076 347 1137 dorum
378 1077 616 1137 fontium
649 1096 775 1137 cum
805 1088 969 1138 aestu
999 1079 1170 1138 maris
1205 1080 1609 1142 crescentium.
1644 1081 1799 1139 iuxta
1823 1078 2157 1138 Histrorum

147 1177 345 1236 agrum
391 1158 595 1235 Cissa,
645 1160 892 1221 Pullaria
936 1170 996 1221 et
1042 1161 1391 1235 Absyrtides
1444 1160 1608 1221 Grais
1652 1162 1841 1221 dictae
1889 1180 1920 1221 a
1966 1162 2154 1221 fratre

63 1252 165 1304 152
189 1244 435 1305 Medeae
468 1244 545 1303 ibi
589 1245 897 1304 interfecto
930 1244 1209 1320 Absyrto.
1269 1246 1426 1303 iuxta
1477 1262 1579 1303 eas
1610 1243 1942 1304 Electridas
1971 1263 2155 1305 voea-

147 1346 290 1387 vere
325 1328 381 1386 in
413 1328 619 1405 quibus
653 1330 990 1406 proveniret
1019 1328 1276 1387 sucinum
1308 1328 1462 1406 quod
1498 1327 1581 1387 illi
1628 1328 1913 1387 electrum
1943 1328 2153 1407 appel-

147 1411 285 1486 lant,
313 1412 578 1471 vanitatis
603 1410 861 1471 Graecae
890 1413 1270 1471 certissimum
1294 1411 1714 1487 documentum,
1732 1412 1895 1471 'adeo
1917 1420 1983 1470 ut
2005 1429 2151 1490 quas
2172 1429 2219 1470 ιε

150 1513 344 1555 earum
377 1495 679 1571 designent
722 1494 858 1555 haut
898 1513 1160 1573 umquam
1204 1495 1546 1553 constiterit.
1608 1504 1807 1554 contra
1850 1493 2027 1554 Iader
2061 1503 2154 1553 est

68 1577 343 1653 ¹⁴0Lissa,
389 1588 447 1637 et
489 1595 637 1655 quae
673 1578 1025 1656 appellatae.
1086 1585 1286 1637 contra
1315 1576 1596 1637 Liburnos
1632 1575 1882 1636 &ateae
1927 1578 2155 1656 aliquot

148 1680 260 1721 nec
303 1662 613 1740 pauciores
659 1659 1022 1737 Liburnicae,
1061 1659 1437 1721 Celadussae.
1498 1669 1696 1720 contra
1730 1662 1961 1720 Surium
1991 1660 2151 1720 Baro

150 1754 207 1804 et
262 1745 454 1822 capris
499 1744 724 1804 laudata
759 1745 1005 1818 Brattia,
1056 1744 1178 1804 Issa
1227 1744 1434 1803 civium
1479 1743 1869 1804 Romanorum
1915 1754 1978 1803 et
2020 1762 2151 1804 cum

150 1829 367 1906 oppido
403 1827 640 1887 Pharia.
689 1829 761 1888 ab
793 1829 914 1889 Issa
960 1824 1222 1902 Corcyra
1265 1827 1530 1899 Melaena
1575 1828 1979 1905 cognominata
2025 1847 2213 1891 cuma)

151 1909 482 1970 Cnidiorum
535 1912 752 1988 oppido
806 1914 976 1973 distat
1014 1911 1179 1971 XXV·
1225 1909 1283 1969 M
1334 1930 1629 1989 passuum,
1679 1913 1830 1970 inter
1876 1928 2049 1989 quam
2094 1919 2151 1971 et

149 1994 439 2068 Illyricum
481 1993 715 2070 Melite,
763 1996 909 2055 unde
958 1996 1181 2055 catulos
1212 1994 1518 2054 Melitaeos
1562 1993 1848 2072 appellari
1883 1993 2151 2055 Callima-

147 2077 291 2136 chus
335 2086 536 2136 auctor
578 2087 685 2136 est.
739 2078 847 2139 XV
892 2078 950 2138 M
993 2097 1263 2157 passuum
1311 2077 1383 2137 ab
1432 2095 1499 2137 ea
1542 2077 1665 2137 VII-
1700 2075 2032 2154 Elaphites.
2095 2079 2151 2136 in

112 2154 308 2219 ionio
353 2169 541 2220 autem
585 2163 726 2223 mari
768 2163 840 2223 ab
873 2161 1047 2222 Orico
1080 2160 1190 2222 XII
1231 2159 1290 2219 M
1321 2179 1594 2239 passuum
1623 2161 1863 2221 Sasonis
1908 2162 2151 2239 piratica
2198 2164 2229 2198 '-

151 2245 398 2304 statione
430 2252 582 2305 nota.

956 2672 1190 2679 *ἡὴ-
1211 2671 1369 2678 u—-vo-
