<?xml version="1.0" encoding="UTF-8"?>
<!DOCTYPE html PUBLIC "-//W3C//DTD XHTML 1.0 Transitional//EN"
    "http://www.w3.org/TR/xhtml1/DTD/xhtml1-transitional.dtd">
<html xmlns="http://www.w3.org/1999/xhtml" xml:lang="en" lang="en">
 <head>
  <title>
</title>
<meta http-equiv="Content-Type" content="text/html;charset=utf-8" />
  <meta name='ocr-system' content='tesseract 3.04.00' />
  <meta name='ocr-capabilities' content='ocr_page ocr_carea ocr_par ocr_line ocrx_word'/>
</head>
<body>
  <div class='ocr_page' id='page_1' title='image "./cplinisecundina00eldegoog_0288.png"; bbox 0 0 2320 3650; ppageno 0'>
   <div class='ocr_carea' id='block_1_1' title="bbox 677 107 2106 195">
    <p class='ocr_par' dir='ltr' id='par_1_1' title="bbox 677 107 2106 195">
     <span class='ocr_line' id='line_1_1' title="bbox 677 107 2106 195; baseline 0 -23"><span class='ocrx_word' id='word_1_1' title='bbox 677 124 837 173; x_wconf 74' lang='lat' dir='ltr'><strong>NAT.</strong></span> <span class='ocrx_word' id='word_1_2' title='bbox 868 116 1052 175; x_wconf 65' lang='lat' dir='ltr'><strong>mser.</strong></span> <span class='ocrx_word' id='word_1_3' title='bbox 1084 124 1178 172; x_wconf 88' lang='lat' dir='ltr'><strong>v1.</strong></span> <span class='ocrx_word' id='word_1_4' title='bbox 1208 120 1294 176; x_wconf 78' lang='lat'><strong>29.</strong></span> <span class='ocrx_word' id='word_1_5' title='bbox 1330 107 1627 195; x_wconf 81' lang='lat'><strong>(33—34.)</strong></span> <span class='ocrx_word' id='word_1_6' title='bbox 1808 160 1815 171; x_wconf 62' lang='lat'><strong>„</strong></span> <span class='ocrx_word' id='word_1_7' title='bbox 1984 110 2106 172; x_wconf 85' lang='lat'><strong>251</strong></span> 
     </span>
    </p>
   </div>
   <div class='ocr_carea' id='block_1_2' title="bbox 52 276 2192 1526">
    <p class='ocr_par' dir='ltr' id='par_1_2' title="bbox 52 276 2192 1526">
     <span class='ocr_line' id='line_1_2' title="bbox 110 276 2108 358; baseline -0.003 -15"><span class='ocrx_word' id='word_1_8' title='bbox 110 279 372 344; x_wconf 77' lang='lat' dir='ltr'><strong>tervalle</strong></span> <span class='ocrx_word' id='word_1_9' title='bbox 413 296 448 338; x_wconf 87' lang='lat' dir='ltr'><strong>a</strong></span> <span class='ocrx_word' id='word_1_10' title='bbox 490 276 877 355; x_wconf 84' lang='lat' dir='ltr'><strong>Ptolemaide,</strong></span> <span class='ocrx_word' id='word_1_11' title='bbox 923 295 1021 337; x_wconf 86' lang='lat' dir='ltr'><strong>res</strong></span> <span class='ocrx_word' id='word_1_12' title='bbox 1061 278 1311 355; x_wconf 80' lang='lat' dir='ltr'><strong>ingentis</strong></span> <span class='ocrx_word' id='word_1_13' title='bbox 1355 277 1606 358; x_wconf 84' lang='lat' dir='ltr'><strong>exempli</strong></span> <span class='ocrx_word' id='word_1_14' title='bbox 1647 277 1930 358; x_wconf 84' lang='lat' dir='ltr'><strong>locusque</strong></span> <span class='ocrx_word' id='word_1_15' title='bbox 1975 278 2108 340; x_wconf 86' lang='lat' dir='ltr'><strong>suh-</strong></span> 
     </span>
     <span class='ocr_line' id='line_1_3' title="bbox 107 361 2108 440; baseline -0.002 -13"><span class='ocrx_word' id='word_1_16' title='bbox 107 365 331 427; x_wconf 85' lang='lat' dir='ltr'><strong>tilitatis</strong></span> <span class='ocrx_word' id='word_1_17' title='bbox 377 363 702 435; x_wconf 83' lang='lat' dir='ltr'><strong>inmensae,</strong></span> <span class='ocrx_word' id='word_1_18' title='bbox 746 361 955 421; x_wconf 90' lang='lat' dir='ltr'><strong>mundo</strong></span> <span class='ocrx_word' id='word_1_19' title='bbox 1006 361 1086 421; x_wconf 87' lang='lat' dir='ltr'><strong>ihi</strong></span> <span class='ocrx_word' id='word_1_20' title='bbox 1120 363 1446 440; x_wconf 84' lang='lat' dir='ltr'><strong>deprenso,</strong></span> <span class='ocrx_word' id='word_1_21' title='bbox 1503 381 1632 422; x_wconf 90' lang='lat' dir='ltr'><strong>cum</strong></span> <span class='ocrx_word' id='word_1_22' title='bbox 1667 363 1978 423; x_wconf 81' lang='lat' dir='ltr'><strong>indubitata</strong></span> <span class='ocrx_word' id='word_1_23' title='bbox 2017 380 2108 423; x_wconf 86' lang='lat' dir='ltr'><strong>ra·</strong></span> 
     </span>
     <span class='ocr_line' id='line_1_4' title="bbox 115 443 2108 524; baseline -0.002 -15"><span class='ocrx_word' id='word_1_24' title='bbox 115 451 275 509; x_wconf 80' lang='lat' dir='ltr'><strong>tione</strong></span> <span class='ocrx_word' id='word_1_25' title='bbox 303 445 632 506; x_wconf 87' lang='lat' dir='ltr'><strong>umbrarum</strong></span> <span class='ocrx_word' id='word_1_26' title='bbox 659 443 1075 505; x_wconf 84' lang='lat' dir='ltr'><strong>Eratosthenes</strong></span> <span class='ocrx_word' id='word_1_27' title='bbox 1116 463 1440 505; x_wconf 91' lang='lat' dir='ltr'><strong>mensuram</strong></span> <span class='ocrx_word' id='word_1_28' title='bbox 1468 454 1661 506; x_wconf 90' lang='lat' dir='ltr'><strong>terrae</strong></span> <span class='ocrx_word' id='word_1_29' title='bbox 1691 445 1944 524; x_wconf 81' lang='lat' dir='ltr'><strong>prodere</strong></span> <span class='ocrx_word' id='word_1_30' title='bbox 1976 446 2108 506; x_wconf 90' lang='lat' dir='ltr'><strong>inde</strong></span> 
     </span>
     <span class='ocr_line' id='line_1_5' title="bbox 113 527 2191 610; baseline 0 -18"><span class='ocrx_word' id='word_1_31' title='bbox 113 531 400 610; x_wconf 80' lang='lat' dir='ltr'><strong>coeperit.</strong></span> <span class='ocrx_word' id='word_1_32' title='bbox 479 528 626 588; x_wconf 87' lang='lat' dir='ltr'><strong>Hinc</strong></span> <span class='ocrx_word' id='word_1_33' title='bbox 669 527 949 589; x_wconf 88' lang='lat' dir='ltr'><strong>Azanium</strong></span> <span class='ocrx_word' id='word_1_34' title='bbox 990 546 1188 604; x_wconf 90' lang='lat' dir='ltr'><strong>mare,</strong></span> <span class='ocrx_word' id='word_1_35' title='bbox 1235 531 1684 607; x_wconf 85' lang='lat' dir='ltr'><strong>promontorium</strong></span> <span class='ocrx_word' id='word_1_36' title='bbox 1718 529 1870 606; x_wconf 86' lang='lat' dir='ltr'><strong>quod</strong></span> <span class='ocrx_word' id='word_1_37' title='bbox 1900 529 2191 608; x_wconf 82' lang='lat' dir='ltr'><strong>aliqui172</strong></span> 
     </span>
     <span class='ocr_line' id='line_1_6' title="bbox 70 610 2110 693; baseline 0.001 -22"><span class='ocrx_word' id='word_1_38' title='bbox 70 614 416 693; x_wconf 72' lang='lat' dir='ltr'><strong>sHispalum</strong></span> <span class='ocrx_word' id='word_1_39' title='bbox 461 614 789 690; x_wconf 86' lang='lat' dir='ltr'><strong>scripsere,</strong></span> <span class='ocrx_word' id='word_1_40' title='bbox 832 612 993 672; x_wconf 91' lang='lat' dir='ltr'><strong>lacus</strong></span> <span class='ocrx_word' id='word_1_41' title='bbox 1021 611 1371 688; x_wconf 89' lang='lat' dir='ltr'><strong>Mandalum,</strong></span> <span class='ocrx_word' id='word_1_42' title='bbox 1410 613 1592 673; x_wconf 89' lang='lat' dir='ltr'><strong>insula</strong></span> <span class='ocrx_word' id='word_1_43' title='bbox 1625 610 2005 689; x_wconf 87' lang='lat' dir='ltr'><strong>Colocasitis,</strong></span> <span class='ocrx_word' id='word_1_44' title='bbox 2052 623 2110 673; x_wconf 92' lang='lat' dir='ltr'><strong>et</strong></span> 
     </span>
     <span class='ocr_line' id='line_1_7' title="bbox 109 695 2106 775; baseline -0.001 -18"><span class='ocrx_word' id='word_1_45' title='bbox 109 700 169 771; x_wconf 77' lang='lat' dir='ltr'><strong>jn</strong></span> <span class='ocrx_word' id='word_1_46' title='bbox 208 698 331 757; x_wconf 88' lang='lat' dir='ltr'><strong>alto</strong></span> <span class='ocrx_word' id='word_1_47' title='bbox 376 696 589 755; x_wconf 89' lang='lat' dir='ltr'><strong>multae</strong></span> <span class='ocrx_word' id='word_1_48' title='bbox 635 696 693 754; x_wconf 86' lang='lat' dir='ltr'><strong>in</strong></span> <span class='ocrx_word' id='word_1_49' title='bbox 722 695 930 773; x_wconf 85' lang='lat' dir='ltr'><strong>quibus</strong></span> <span class='ocrx_word' id='word_1_50' title='bbox 960 696 1190 755; x_wconf 89' lang='lat' dir='ltr'><strong>testudo</strong></span> <span class='ocrx_word' id='word_1_51' title='bbox 1221 697 1498 774; x_wconf 82' lang='lat' dir='ltr'><strong>pluruma.</strong></span> <span class='ocrx_word' id='word_1_52' title='bbox 1590 697 1861 775; x_wconf 90' lang='lat' dir='ltr'><strong>oppidum</strong></span> <span class='ocrx_word' id='word_1_53' title='bbox 1891 696 2106 771; x_wconf 85' lang='lat' dir='ltr'><strong>Suche,</strong></span> 
     </span>
     <span class='ocr_line' id='line_1_8' title="bbox 110 778 2110 858; baseline -0.002 -16"><span class='ocrx_word' id='word_1_54' title='bbox 110 781 299 842; x_wconf 84' lang='lat' dir='ltr'><strong>insula</strong></span> <span class='ocrx_word' id='word_1_55' title='bbox 328 778 671 858; x_wconf 87' lang='lat' dir='ltr'><strong>Daphnidis,</strong></span> <span class='ocrx_word' id='word_1_56' title='bbox 702 779 975 858; x_wconf 88' lang='lat' dir='ltr'><strong>oppidum</strong></span> <span class='ocrx_word' id='word_1_57' title='bbox 1005 778 1299 840; x_wconf 74' lang='lat' dir='ltr'><strong>Aduliton.</strong></span> <span class='ocrx_word' id='word_1_58' title='bbox 1360 780 1781 858; x_wconf 86' lang='lat' dir='ltr'><strong>Aegyptiorum</strong></span> <span class='ocrx_word' id='word_1_59' title='bbox 1808 780 1929 839; x_wconf 42' lang='lat' dir='ltr'><strong>hoc.</strong></span> <span class='ocrx_word' id='word_1_60' title='bbox 1954 781 2110 840; x_wconf 87' lang='lat' dir='ltr'><strong>servi</strong></span> 
     </span>
     <span class='ocr_line' id='line_1_9' title="bbox 111 862 2192 945; baseline 0 -20"><span class='ocrx_word' id='word_1_61' title='bbox 111 864 350 945; x_wconf 77' lang='lat' dir='ltr'><strong>profugi</strong></span> <span class='ocrx_word' id='word_1_62' title='bbox 404 881 439 922; x_wconf 99' lang='lat' dir='ltr'><strong>a</strong></span> <span class='ocrx_word' id='word_1_63' title='bbox 495 862 734 922; x_wconf 88' lang='lat' dir='ltr'><strong>dominis</strong></span> <span class='ocrx_word' id='word_1_64' title='bbox 794 863 1128 923; x_wconf 82' lang='lat' dir='ltr'><strong>condidere.</strong></span> <span class='ocrx_word' id='word_1_65' title='bbox 1183 862 1534 924; x_wconf 83' lang='lat' dir='ltr'><strong>·Maxumum</strong></span> <span class='ocrx_word' id='word_1_66' title='bbox 1593 863 1689 923; x_wconf 89' lang='lat' dir='ltr'><strong>hic</strong></span> <span class='ocrx_word' id='word_1_67' title='bbox 1747 863 2061 942; x_wconf 86' lang='lat' dir='ltr'><strong>emporium</strong></span> <span class='ocrx_word' id='word_1_68' title='bbox 2089 870 2192 926; x_wconf 85' lang='lat'><strong>173</strong></span> 
     </span>
     <span class='ocr_line' id='line_1_10' title="bbox 115 946 2105 1025; baseline -0.003 -15"><span class='ocrx_word' id='word_1_69' title='bbox 115 946 602 1025; x_wconf 71' lang='lat' dir='ltr'><strong>Trogodytarum,</strong></span> <span class='ocrx_word' id='word_1_70' title='bbox 642 947 810 1006; x_wconf 88' lang='lat' dir='ltr'><strong>etiam</strong></span> <span class='ocrx_word' id='word_1_71' title='bbox 838 946 1211 1025; x_wconf 79' lang='lat' dir='ltr'><strong>Aethiopum,</strong></span> <span class='ocrx_word' id='word_1_72' title='bbox 1257 946 1425 1007; x_wconf 86' lang='lat' dir='ltr'><strong>abest</strong></span> <span class='ocrx_word' id='word_1_73' title='bbox 1455 966 1489 1006; x_wconf 90' lang='lat' dir='ltr'><strong>a</strong></span> <span class='ocrx_word' id='word_1_74' title='bbox 1515 946 1872 1007; x_wconf 86' lang='lat' dir='ltr'><strong>Ptolemaide</strong></span> <span class='ocrx_word' id='word_1_75' title='bbox 1900 946 1956 1005; x_wconf 93' lang='lat' dir='ltr'><strong>V</strong></span> <span class='ocrx_word' id='word_1_76' title='bbox 1985 947 2105 1007; x_wconf 90' lang='lat' dir='ltr'><strong>die·</strong></span> 
     </span>
     <span class='ocr_line' id='line_1_11' title="bbox 52 1029 2108 1109; baseline -0 -19"><span class='ocrx_word' id='word_1_77' title='bbox 52 1048 99 1090; x_wconf 83' lang='grc' dir='ltr'><strong>ιο</strong></span> <span class='ocrx_word' id='word_1_78' title='bbox 112 1050 237 1093; x_wconf 80' lang='lat' dir='ltr'><strong>rum</strong></span> <span class='ocrx_word' id='word_1_79' title='bbox 277 1030 669 1106; x_wconf 83' lang='lat' dir='ltr'><strong>navigatione.</strong></span> <span class='ocrx_word' id='word_1_80' title='bbox 754 1029 1020 1090; x_wconf 84' lang='lat' dir='ltr'><strong>deferunt</strong></span> <span class='ocrx_word' id='word_1_81' title='bbox 1068 1030 1388 1109; x_wconf 73' lang='lat' dir='ltr'><strong>phirumum</strong></span> <span class='ocrx_word' id='word_1_82' title='bbox 1443 1030 1617 1107; x_wconf 86' lang='lat' dir='ltr'><strong>ebur,</strong></span> <span class='ocrx_word' id='word_1_83' title='bbox 1678 1030 2108 1099; x_wconf 83' lang='lat' dir='ltr'><strong>rhinocerotum</strong></span> 
     </span>
     <span class='ocr_line' id='line_1_12' title="bbox 114 1112 2104 1193; baseline -0.003 -15"><span class='ocrx_word' id='word_1_84' title='bbox 114 1116 366 1189; x_wconf 77' lang='lat' dir='ltr'><strong>cornua,</strong></span> <span class='ocrx_word' id='word_1_85' title='bbox 407 1112 951 1192; x_wconf 82' lang='lat' dir='ltr'><strong>hippopotamorum</strong></span> <span class='ocrx_word' id='word_1_86' title='bbox 987 1115 1177 1189; x_wconf 89' lang='lat' dir='ltr'><strong>coria,</strong></span> <span class='ocrx_word' id='word_1_87' title='bbox 1227 1114 1460 1175; x_wconf 84' lang='lat' dir='ltr'><strong>celtium</strong></span> <span class='ocrx_word' id='word_1_88' title='bbox 1489 1114 1868 1190; x_wconf 81' lang='lat' dir='ltr'><strong>testudinum,</strong></span> <span class='ocrx_word' id='word_1_89' title='bbox 1911 1112 2104 1193; x_wconf 88' lang='lat' dir='ltr'><strong>sphin-</strong></span> 
     </span>
     <span class='ocr_line' id='line_1_13' title="bbox 113 1196 2109 1278; baseline -0.002 -18"><span class='ocrx_word' id='word_1_90' title='bbox 113 1200 241 1278; x_wconf 73' lang='lat' dir='ltr'><strong>gia,</strong></span> <span class='ocrx_word' id='word_1_91' title='bbox 306 1197 611 1274; x_wconf 88' lang='lat' dir='ltr'><strong>mancipia.</strong></span> <span class='ocrx_word' id='word_1_92' title='bbox 714 1197 904 1276; x_wconf 90' lang='lat' dir='ltr'><strong>Supra</strong></span> <span class='ocrx_word' id='word_1_93' title='bbox 957 1196 1279 1276; x_wconf 87' lang='lat' dir='ltr'><strong>Aethiopas</strong></span> <span class='ocrx_word' id='word_1_94' title='bbox 1335 1197 1617 1259; x_wconf 85' lang='lat' dir='ltr'><strong>Aroteras</strong></span> <span class='ocrx_word' id='word_1_95' title='bbox 1674 1198 1895 1258; x_wconf 86' lang='lat' dir='ltr'><strong>insulae</strong></span> <span class='ocrx_word' id='word_1_96' title='bbox 1960 1214 2109 1276; x_wconf 89' lang='lat' dir='ltr'><strong>quae</strong></span> 
     </span>
     <span class='ocr_line' id='line_1_14' title="bbox 112 1280 2104 1355; baseline -0.003 -10"><span class='ocrx_word' id='word_1_97' title='bbox 112 1283 323 1345; x_wconf 77' lang='lat' dir='ltr'><strong>Aliaeu</strong></span> <span class='ocrx_word' id='word_1_98' title='bbox 347 1290 647 1355; x_wconf 83' lang='lat' dir='ltr'><strong>vocantur,</strong></span> <span class='ocrx_word' id='word_1_99' title='bbox 677 1281 812 1340; x_wconf 90' lang='lat' dir='ltr'><strong>item</strong></span> <span class='ocrx_word' id='word_1_100' title='bbox 841 1280 1122 1341; x_wconf 81' lang='lat' dir='ltr'><strong>Bacchias</strong></span> <span class='ocrx_word' id='word_1_101' title='bbox 1152 1290 1212 1340; x_wconf 90' lang='lat' dir='ltr'><strong>et</strong></span> <span class='ocrx_word' id='word_1_102' title='bbox 1235 1280 1647 1341; x_wconf 84' lang='lat' dir='ltr'><strong>Antibacchias</strong></span> <span class='ocrx_word' id='word_1_103' title='bbox 1678 1289 1738 1340; x_wconf 90' lang='lat' dir='ltr'><strong>et</strong></span> <span class='ocrx_word' id='word_1_104' title='bbox 1768 1281 2104 1341; x_wconf 81' lang='lat' dir='ltr'><strong>Stratioton.</strong></span> 
     </span>
     <span class='ocr_line' id='line_1_15' title="bbox 111 1363 2109 1443; baseline -0.003 -15"><span class='ocrx_word' id='word_1_105' title='bbox 111 1365 257 1428; x_wconf 80' lang='lat' dir='ltr'><strong>Hinc</strong></span> <span class='ocrx_word' id='word_1_106' title='bbox 286 1365 350 1424; x_wconf 85' lang='lat' dir='ltr'><strong>in</strong></span> <span class='ocrx_word' id='word_1_107' title='bbox 379 1381 479 1424; x_wconf 91' lang='lat' dir='ltr'><strong>ora</strong></span> <span class='ocrx_word' id='word_1_108' title='bbox 511 1363 859 1443; x_wconf 86' lang='lat' dir='ltr'><strong>Aethiopiae</strong></span> <span class='ocrx_word' id='word_1_109' title='bbox 890 1366 1048 1424; x_wconf 90' lang='lat' dir='ltr'><strong>sinus</strong></span> <span class='ocrx_word' id='word_1_110' title='bbox 1063 1365 1425 1442; x_wconf 60' lang='lat' dir='ltr'><strong>incognitus,</strong></span> <span class='ocrx_word' id='word_1_111' title='bbox 1471 1363 1623 1442; x_wconf 86' lang='lat' dir='ltr'><strong>quod</strong></span> <span class='ocrx_word' id='word_1_112' title='bbox 1655 1365 1941 1440; x_wconf 81' lang='lat' dir='ltr'><strong>miremur,</strong></span> <span class='ocrx_word' id='word_1_113' title='bbox 1980 1382 2109 1424; x_wconf 91' lang='lat' dir='ltr'><strong>cum</strong></span> 
     </span>
     <span class='ocr_line' id='line_1_16' title="bbox 53 1447 2108 1526; baseline -0.001 -18"><span class='ocrx_word' id='word_1_114' title='bbox 53 1450 395 1521; x_wconf 59' lang='lat' dir='ltr'><strong>walterium</strong></span> <span class='ocrx_word' id='word_1_115' title='bbox 434 1455 791 1506; x_wconf 86' lang='lat' dir='ltr'><strong>mercatores</strong></span> <span class='ocrx_word' id='word_1_116' title='bbox 833 1457 1178 1507; x_wconf 79' lang='lat' dir='ltr'><strong>scrutentur.</strong></span> <span class='ocrx_word' id='word_1_117' title='bbox 1251 1449 1704 1526; x_wconf 88' lang='lat' dir='ltr'><strong>promontorium</strong></span> <span class='ocrx_word' id='word_1_118' title='bbox 1744 1449 1802 1509; x_wconf 89' lang='lat' dir='ltr'><strong>in</strong></span> <span class='ocrx_word' id='word_1_119' title='bbox 1832 1464 1947 1526; x_wconf 86' lang='lat' dir='ltr'><strong>quo</strong></span> <span class='ocrx_word' id='word_1_120' title='bbox 1976 1447 2108 1506; x_wconf 85' lang='lat' dir='ltr'><strong>fons</strong></span> 
     </span>
    </p>
   </div>
   <div class='ocr_carea' id='block_1_3' title="bbox 114 1530 2193 1609">
    <p class='ocr_par' dir='ltr' id='par_1_3' title="bbox 114 1530 2193 1609">
     <span class='ocr_line' id='line_1_17' title="bbox 114 1530 2193 1609; baseline -0.001 -14"><span class='ocrx_word' id='word_1_121' title='bbox 114 1531 332 1595; x_wconf 76' lang='lat' dir='ltr'><strong>Cucios</strong></span> <span class='ocrx_word' id='word_1_122' title='bbox 355 1532 644 1609; x_wconf 83' lang='lat' dir='ltr'><strong>expetitus</strong></span> <span class='ocrx_word' id='word_1_123' title='bbox 671 1531 1089 1607; x_wconf 82' lang='lat' dir='ltr'><strong>navigantibus.</strong></span> <span class='ocrx_word' id='word_1_124' title='bbox 1136 1531 1301 1592; x_wconf 88' lang='lat' dir='ltr'><strong>Ultra</strong></span> <span class='ocrx_word' id='word_1_125' title='bbox 1329 1530 1497 1591; x_wconf 89' lang='lat' dir='ltr'><strong>Isidis</strong></span> <span class='ocrx_word' id='word_1_126' title='bbox 1526 1540 1748 1609; x_wconf 72' lang='lat' dir='ltr'><strong>portuS,</strong></span> <span class='ocrx_word' id='word_1_127' title='bbox 1780 1530 1835 1590; x_wconf 91' lang='lat' dir='ltr'>X</span> <span class='ocrx_word' id='word_1_128' title='bbox 1857 1532 2076 1591; x_wconf 89' lang='lat' dir='ltr'><strong>dierum</strong></span> <span class='ocrx_word' id='word_1_129' title='bbox 2090 1537 2193 1594; x_wconf 83' lang='grc'><strong>174</strong></span> 
     </span>
    </p>
   </div>
   <div class='ocr_carea' id='block_1_4' title="bbox 51 1612 2192 3113">
    <p class='ocr_par' dir='ltr' id='par_1_4' title="bbox 51 1612 2192 3113">
     <span class='ocr_line' id='line_1_18' title="bbox 111 1612 2108 1694; baseline -0.003 -16"><span class='ocrx_word' id='word_1_130' title='bbox 111 1617 360 1694; x_wconf 84' lang='lat' dir='ltr'><strong>remigio</strong></span> <span class='ocrx_word' id='word_1_131' title='bbox 400 1613 476 1674; x_wconf 73' lang='lat' dir='ltr'><strong>ab</strong></span> <span class='ocrx_word' id='word_1_132' title='bbox 518 1615 735 1692; x_wconf 92' lang='lat' dir='ltr'><strong>oppido</strong></span> <span class='ocrx_word' id='word_1_133' title='bbox 779 1614 1136 1675; x_wconf 88' lang='lat' dir='ltr'><strong>Adulitarum</strong></span> <span class='ocrx_word' id='word_1_134' title='bbox 1167 1615 1404 1675; x_wconf 78' lang='lat' dir='ltr'><strong>distans,</strong></span> <span class='ocrx_word' id='word_1_135' title='bbox 1485 1616 1549 1674; x_wconf 65' lang='lat' dir='ltr'><strong>in*</strong></span> <span class='ocrx_word' id='word_1_136' title='bbox 1586 1632 1713 1673; x_wconf 88' lang='lat' dir='ltr'><strong>eum</strong></span> <span class='ocrx_word' id='word_1_137' title='bbox 1754 1612 2108 1691; x_wconf 76' lang='lat' dir='ltr'><strong>Trogodytis</strong></span> 
     </span>
     <span class='ocr_line' id='line_1_19' title="bbox 111 1697 2107 1776; baseline -0.002 -16"><span class='ocrx_word' id='word_1_138' title='bbox 111 1718 302 1776; x_wconf 81' lang='lat' dir='ltr'><strong>myrra</strong></span> <span class='ocrx_word' id='word_1_139' title='bbox 338 1698 654 1758; x_wconf 89' lang='lat' dir='ltr'><strong>confertur.</strong></span> <span class='ocrx_word' id='word_1_140' title='bbox 724 1697 946 1758; x_wconf 91' lang='lat' dir='ltr'><strong>insulae</strong></span> <span class='ocrx_word' id='word_1_141' title='bbox 971 1709 1101 1758; x_wconf 87' lang='lat' dir='ltr'><strong>ante</strong></span> <span class='ocrx_word' id='word_1_142' title='bbox 1119 1708 1361 1776; x_wconf 88' lang='lat' dir='ltr'><strong>portum</strong></span> <span class='ocrx_word' id='word_1_143' title='bbox 1390 1699 1537 1759; x_wconf 90' lang='lat' dir='ltr'><strong>duae</strong></span> <span class='ocrx_word' id='word_1_144' title='bbox 1565 1697 1970 1776; x_wconf 85' lang='lat' dir='ltr'><strong>Pseudopylae</strong></span> <span class='ocrx_word' id='word_1_145' title='bbox 2003 1713 2107 1757; x_wconf 81' lang='lat' dir='ltr'><strong>vo-</strong></span> 
     </span>
     <span class='ocr_line' id='line_1_20' title="bbox 116 1778 2110 1860; baseline -0.003 -14"><span class='ocrx_word' id='word_1_146' title='bbox 116 1792 348 1859; x_wconf 79' lang='lat' dir='ltr'><strong>cantur,</strong></span> <span class='ocrx_word' id='word_1_147' title='bbox 392 1782 700 1841; x_wconf 86' lang='lat' dir='ltr'><strong>interiores</strong></span> <span class='ocrx_word' id='word_1_148' title='bbox 745 1781 985 1841; x_wconf 90' lang='lat' dir='ltr'><strong>totidem</strong></span> <span class='ocrx_word' id='word_1_149' title='bbox 1022 1781 1233 1858; x_wconf 76' lang='lat' dir='ltr'><strong>Pylae,</strong></span> <span class='ocrx_word' id='word_1_150' title='bbox 1278 1783 1336 1842; x_wconf 93' lang='lat' dir='ltr'><strong>in</strong></span> <span class='ocrx_word' id='word_1_151' title='bbox 1376 1778 1559 1843; x_wconf 83' lang='lat' dir='ltr'><strong>altera</strong></span> <span class='ocrx_word' id='word_1_152' title='bbox 1605 1782 1790 1843; x_wconf 88' lang='lat' dir='ltr'><strong>stelae</strong></span> <span class='ocrx_word' id='word_1_153' title='bbox 1836 1781 2110 1860; x_wconf 87' lang='lat' dir='ltr'><strong>lapideae</strong></span> 
     </span>
     <span class='ocr_line' id='line_1_21' title="bbox 51 1865 2110 1943; baseline -0.001 -16"><span class='ocrx_word' id='word_1_154' title='bbox 51 1867 321 1932; x_wconf 53' lang='lat' dir='ltr'><strong>:clateris</strong></span> <span class='ocrx_word' id='word_1_155' title='bbox 367 1865 605 1943; x_wconf 88' lang='lat' dir='ltr'><strong>ignotis.</strong></span> <span class='ocrx_word' id='word_1_156' title='bbox 686 1865 1045 1925; x_wconf 76' lang='lat' dir='ltr'><strong>Ultra-sinus</strong></span> <span class='ocrx_word' id='word_1_157' title='bbox 1080 1866 1344 1942; x_wconf 90' lang='lat' dir='ltr'><strong>Abalitu,</strong></span> <span class='ocrx_word' id='word_1_158' title='bbox 1390 1867 1523 1927; x_wconf 93' lang='lat' dir='ltr'><strong>dein</strong></span> <span class='ocrx_word' id='word_1_159' title='bbox 1552 1866 1739 1927; x_wconf 90' lang='lat' dir='ltr'><strong>insula</strong></span> <span class='ocrx_word' id='word_1_160' title='bbox 1772 1866 2016 1930; x_wconf 88' lang='lat' dir='ltr'><strong>Diodori</strong></span> <span class='ocrx_word' id='word_1_161' title='bbox 2051 1872 2110 1924; x_wconf 85' lang='lat' dir='ltr'><strong>et</strong></span> 
     </span>
     <span class='ocr_line' id='line_1_22' title="bbox 118 1949 2108 2028; baseline -0.002 -18"><span class='ocrx_word' id='word_1_162' title='bbox 118 1950 264 2018; x_wconf 77' lang='lat' dir='ltr'><strong>eliae</strong></span> <span class='ocrx_word' id='word_1_163' title='bbox 303 1950 611 2024; x_wconf 87' lang='lat' dir='ltr'><strong>desertae,</strong></span> <span class='ocrx_word' id='word_1_164' title='bbox 670 1967 779 2027; x_wconf 90' lang='lat' dir='ltr'><strong>per</strong></span> <span class='ocrx_word' id='word_1_165' title='bbox 819 1951 1203 2009; x_wconf 87' lang='lat' dir='ltr'><strong>continentem</strong></span> <span class='ocrx_word' id='word_1_166' title='bbox 1247 1967 1476 2028; x_wconf 86' lang='lat' dir='ltr'><strong>quoque</strong></span> <span class='ocrx_word' id='word_1_167' title='bbox 1517 1949 1784 2026; x_wconf 89' lang='lat' dir='ltr'><strong>deserta,</strong></span> <span class='ocrx_word' id='word_1_168' title='bbox 1833 1949 2108 2028; x_wconf 89' lang='lat' dir='ltr'><strong>oppidum</strong></span> 
     </span>
     <span class='ocr_line' id='line_1_23' title="bbox 119 2032 2108 2112; baseline -0.003 -16"><span class='ocrx_word' id='word_1_169' title='bbox 119 2032 299 2110; x_wconf 70' lang='lat' dir='ltr'><strong>Gaza,</strong></span> <span class='ocrx_word' id='word_1_170' title='bbox 343 2034 795 2112; x_wconf 90' lang='lat' dir='ltr'><strong>promontorium</strong></span> <span class='ocrx_word' id='word_1_171' title='bbox 851 2042 910 2092; x_wconf 90' lang='lat' dir='ltr'><strong>et</strong></span> <span class='ocrx_word' id='word_1_172' title='bbox 965 2042 1169 2111; x_wconf 89' lang='lat' dir='ltr'><strong>portus</strong></span> <span class='ocrx_word' id='word_1_173' title='bbox 1221 2032 1590 2109; x_wconf 75' lang='lat' dir='ltr'><strong>Mossylites,</strong></span> <span class='ocrx_word' id='word_1_174' title='bbox 1637 2050 1750 2112; x_wconf 88' lang='lat' dir='ltr'><strong>quo</strong></span> <span class='ocrx_word' id='word_1_175' title='bbox 1793 2034 2108 2094; x_wconf 84' lang='lat' dir='ltr'><strong>cinnamum</strong></span> 
     </span>
     <span class='ocr_line' id='line_1_24' title="bbox 116 2114 2192 2195; baseline -0.001 -17"><span class='ocrx_word' id='word_1_176' title='bbox 116 2116 439 2178; x_wconf 78' lang='lat' dir='ltr'><strong>devehitur.</strong></span> <span class='ocrx_word' id='word_1_177' title='bbox 503 2115 800 2193; x_wconf 86' lang='lat' dir='ltr'><strong>hucusque</strong></span> <span class='ocrx_word' id='word_1_178' title='bbox 832 2116 1067 2176; x_wconf 89' lang='lat' dir='ltr'><strong>Sesosis</strong></span> <span class='ocrx_word' id='word_1_179' title='bbox 1111 2118 1428 2176; x_wconf 84' lang='lat' dir='ltr'><strong>exercitum</strong></span> <span class='ocrx_word' id='word_1_180' title='bbox 1457 2117 1635 2176; x_wconf 84' lang='lat' dir='ltr'><strong>duxit.</strong></span> <span class='ocrx_word' id='word_1_181' title='bbox 1679 2114 1876 2195; x_wconf 83' lang='lat' dir='ltr'><strong>Aliqui</strong></span> <span class='ocrx_word' id='word_1_182' title='bbox 1909 2122 2192 2178; x_wconf 83' lang='lat' dir='ltr'><strong>unum175</strong></span> 
     </span>
     <span class='ocr_line' id='line_1_25' title="bbox 114 2198 2107 2278; baseline -0.003 -17"><span class='ocrx_word' id='word_1_183' title='bbox 114 2198 462 2278; x_wconf 71' lang='lat' dir='ltr'><strong>Aethiopiae</strong></span> <span class='ocrx_word' id='word_1_184' title='bbox 493 2199 767 2277; x_wconf 89' lang='lat' dir='ltr'><strong>oppidum</strong></span> <span class='ocrx_word' id='word_1_185' title='bbox 797 2198 944 2259; x_wconf 90' lang='lat' dir='ltr'><strong>ultra</strong></span> <span class='ocrx_word' id='word_1_186' title='bbox 990 2209 1206 2278; x_wconf 87' lang='lat' dir='ltr'><strong>ponunt</strong></span> <span class='ocrx_word' id='word_1_187' title='bbox 1236 2200 1293 2258; x_wconf 89' lang='lat' dir='ltr'><strong>in</strong></span> <span class='ocrx_word' id='word_1_188' title='bbox 1323 2200 1495 2259; x_wconf 90' lang='lat' dir='ltr'><strong>litore</strong></span> <span class='ocrx_word' id='word_1_189' title='bbox 1523 2199 1820 2260; x_wconf 87' lang='lat' dir='ltr'><strong>Baricaza.</strong></span> <span class='ocrx_word' id='word_1_190' title='bbox 1888 2218 1923 2260; x_wconf 91' lang='lat' dir='ltr'><strong>a</strong></span> <span class='ocrx_word' id='word_1_191' title='bbox 1951 2198 2107 2258; x_wconf 87' lang='lat' dir='ltr'><strong>Mos·</strong></span> 
     </span>
     <span class='ocr_line' id='line_1_26' title="bbox 51 2280 2107 2361; baseline 0 -21"><span class='ocrx_word' id='word_1_192' title='bbox 51 2284 304 2360; x_wconf 56' lang='lat' dir='ltr'><strong>asylico</strong></span> <span class='ocrx_word' id='word_1_193' title='bbox 338 2283 732 2361; x_wconf 87' lang='lat' dir='ltr'><strong>promontorio</strong></span> <span class='ocrx_word' id='word_1_194' title='bbox 761 2280 1109 2343; x_wconf 88' lang='lat' dir='ltr'><strong>Atlanticum</strong></span> <span class='ocrx_word' id='word_1_195' title='bbox 1133 2301 1293 2343; x_wconf 89' lang='lat' dir='ltr'><strong>mare</strong></span> <span class='ocrx_word' id='word_1_196' title='bbox 1321 2284 1581 2361; x_wconf 87' lang='lat' dir='ltr'><strong>incipere</strong></span> <span class='ocrx_word' id='word_1_197' title='bbox 1610 2282 1734 2343; x_wconf 85' lang='lat' dir='ltr'><strong>volt</strong></span> <span class='ocrx_word' id='word_1_198' title='bbox 1763 2282 1903 2344; x_wconf 89' lang='lat' dir='ltr'><strong>Iuba</strong></span> <span class='ocrx_word' id='word_1_199' title='bbox 1938 2300 2107 2361; x_wconf 89' lang='lat' dir='ltr'><strong>prae·</strong></span> 
     </span>
     <span class='ocr_line' id='line_1_27' title="bbox 116 2364 2107 2446; baseline -0.002 -19"><span class='ocrx_word' id='word_1_200' title='bbox 116 2374 207 2427; x_wconf 80' lang='lat' dir='ltr'><strong>ter</strong></span> <span class='ocrx_word' id='word_1_201' title='bbox 243 2365 632 2428; x_wconf 77' lang='lat' dir='ltr'><strong>Mauretanias</strong></span> <span class='ocrx_word' id='word_1_202' title='bbox 672 2383 808 2425; x_wconf 87' lang='lat' dir='ltr'><strong>suas</strong></span> <span class='ocrx_word' id='word_1_203' title='bbox 849 2364 1019 2427; x_wconf 82' lang='lat' dir='ltr'><strong>Gadis</strong></span> <span class='ocrx_word' id='word_1_204' title='bbox 1068 2383 1254 2446; x_wconf 87' lang='lat' dir='ltr'><strong>usque</strong></span> <span class='ocrx_word' id='word_1_205' title='bbox 1295 2366 1673 2442; x_wconf 80' lang='lat' dir='ltr'><strong>navigandum</strong></span> <span class='ocrx_word' id='word_1_206' title='bbox 1715 2383 1890 2442; x_wconf 88' lang='lat' dir='ltr'><strong>coro,</strong></span> <span class='ocrx_word' id='word_1_207' title='bbox 1946 2365 2107 2426; x_wconf 89' lang='lat' dir='ltr'><strong>cuius</strong></span> 
     </span>
     <span class='ocr_line' id='line_1_28' title="bbox 116 2447 2106 2528; baseline -0.003 -16"><span class='ocrx_word' id='word_1_208' title='bbox 116 2459 236 2512; x_wconf 82' lang='lat' dir='ltr'><strong>tota</strong></span> <span class='ocrx_word' id='word_1_209' title='bbox 264 2449 552 2510; x_wconf 86' lang='lat' dir='ltr'><strong>sententia</strong></span> <span class='ocrx_word' id='word_1_210' title='bbox 595 2447 710 2508; x_wconf 90' lang='lat' dir='ltr'><strong>hoc</strong></span> <span class='ocrx_word' id='word_1_211' title='bbox 741 2450 812 2506; x_wconf 93' lang='lat' dir='ltr'><strong>in</strong></span> <span class='ocrx_word' id='word_1_212' title='bbox 825 2449 959 2508; x_wconf 85' lang='lat' dir='ltr'><strong>loeo</strong></span> <span class='ocrx_word' id='word_1_213' title='bbox 1005 2449 1388 2510; x_wconf 89' lang='lat' dir='ltr'><strong>subtrahenda</strong></span> <span class='ocrx_word' id='word_1_214' title='bbox 1416 2466 1533 2509; x_wconf 89' lang='lat' dir='ltr'><strong>non</strong></span> <span class='ocrx_word' id='word_1_215' title='bbox 1566 2458 1673 2508; x_wconf 91' lang='lat' dir='ltr'><strong>est.</strong></span> <span class='ocrx_word' id='word_1_216' title='bbox 1757 2448 1810 2507; x_wconf 97' lang='lat' dir='ltr'><strong>A</strong></span> <span class='ocrx_word' id='word_1_217' title='bbox 1840 2465 2106 2528; x_wconf 89' lang='lat' dir='ltr'><strong>promon-</strong></span> 
     </span>
     <span class='ocr_line' id='line_1_29' title="bbox 119 2527 2105 2611; baseline -0.003 -16"><span class='ocrx_word' id='word_1_218' title='bbox 119 2527 267 2596; x_wconf 80' lang='lat' dir='ltr'><strong>torio</strong></span> <span class='ocrx_word' id='word_1_219' title='bbox 296 2533 568 2593; x_wconf 90' lang='lat' dir='ltr'><strong>Indorum</strong></span> <span class='ocrx_word' id='word_1_220' title='bbox 608 2532 763 2610; x_wconf 81' lang='lat' dir='ltr'><strong>quod</strong></span> <span class='ocrx_word' id='word_1_221' title='bbox 806 2541 1049 2593; x_wconf 79' lang='lat' dir='ltr'><strong>vocatur</strong></span> <span class='ocrx_word' id='word_1_222' title='bbox 1077 2532 1429 2611; x_wconf 87' lang='lat' dir='ltr'><strong>Lepteasra,</strong></span> <span class='ocrx_word' id='word_1_223' title='bbox 1477 2532 1549 2593; x_wconf 86' lang='lat' dir='ltr'><strong>ab</strong></span> <span class='ocrx_word' id='word_1_224' title='bbox 1596 2532 1725 2592; x_wconf 90' lang='lat' dir='ltr'><strong>aliis</strong></span> <span class='ocrx_word' id='word_1_225' title='bbox 1754 2532 2105 2611; x_wconf 89' lang='lat' dir='ltr'><strong>Drepanum,</strong></span> 
     </span>
     <span class='ocr_line' id='line_1_30' title="bbox 119 2614 2108 2697; baseline -0.002 -19"><span class='ocrx_word' id='word_1_226' title='bbox 119 2619 387 2697; x_wconf 66' lang='lat' dir='ltr'><strong>ptoponit</strong></span> <span class='ocrx_word' id='word_1_227' title='bbox 416 2624 582 2675; x_wconf 90' lang='lat' dir='ltr'><strong>recto</strong></span> <span class='ocrx_word' id='word_1_228' title='bbox 614 2632 785 2675; x_wconf 88' lang='lat' dir='ltr'><strong>cursu</strong></span> <span class='ocrx_word' id='word_1_229' title='bbox 815 2624 1050 2694; x_wconf 88' lang='lat' dir='ltr'><strong>praeter</strong></span> <span class='ocrx_word' id='word_1_230' title='bbox 1079 2616 1335 2676; x_wconf 88' lang='lat' dir='ltr'><strong>Exustae</strong></span> <span class='ocrx_word' id='word_1_231' title='bbox 1369 2625 1429 2675; x_wconf 88' lang='lat' dir='ltr'><strong>et</strong></span> <span class='ocrx_word' id='word_1_232' title='bbox 1456 2614 1706 2676; x_wconf 85' lang='lat' dir='ltr'><strong>Malichu</strong></span> <span class='ocrx_word' id='word_1_233' title='bbox 1735 2616 2092 2681; x_wconf 53' lang='lat' dir='ltr'><strong>insulam*</strong></span> <span class='ocrx_word' id='word_1_234' title='bbox 2011 2632 2108 2682; x_wconf 88' lang='lat' dir='ltr'><strong>XV</strong></span> 
     </span>
     <span class='ocr_line' id='line_1_31' title="bbox 57 2698 2106 2779; baseline 0 -23"><span class='ocrx_word' id='word_1_235' title='bbox 57 2699 232 2762; x_wconf 59' lang='lat' dir='ltr'><strong>unii.</strong></span> <span class='ocrx_word' id='word_1_236' title='bbox 286 2715 592 2779; x_wconf 89' lang='lat' dir='ltr'><strong>passuum</strong></span> <span class='ocrx_word' id='word_1_237' title='bbox 606 2716 772 2774; x_wconf 88' lang='lat' dir='ltr'><strong>esse,</strong></span> <span class='ocrx_word' id='word_1_238' title='bbox 840 2698 972 2759; x_wconf 91' lang='lat' dir='ltr'><strong>inde</strong></span> <span class='ocrx_word' id='word_1_239' title='bbox 1021 2699 1092 2760; x_wconf 89' lang='lat' dir='ltr'><strong>ad</strong></span> <span class='ocrx_word' id='word_1_240' title='bbox 1136 2700 1327 2760; x_wconf 90' lang='lat' dir='ltr'><strong>locum</strong></span> <span class='ocrx_word' id='word_1_241' title='bbox 1372 2717 1543 2778; x_wconf 85' lang='lat' dir='ltr'><strong>quem</strong></span> <span class='ocrx_word' id='word_1_242' title='bbox 1590 2707 1803 2760; x_wconf 87' lang='lat' dir='ltr'><strong>vocant</strong></span> <span class='ocrx_word' id='word_1_243' title='bbox 1842 2699 2106 2759; x_wconf 87' lang='lat' dir='ltr'><strong>Sceneos</strong></span> 
     </span>
     <span class='ocr_line' id='line_1_32' title="bbox 122 2780 2105 2861; baseline -0.002 -16"><span class='ocrx_word' id='word_1_244' title='bbox 122 2780 382 2845; x_wconf 75' lang='lat' dir='ltr'>GGXXV</span> <span class='ocrx_word' id='word_1_245' title='bbox 411 2782 498 2861; x_wconf 88' lang='lat' dir='ltr'><strong>M,</strong></span> <span class='ocrx_word' id='word_1_246' title='bbox 541 2781 674 2841; x_wconf 86' lang='lat' dir='ltr'><strong>inde</strong></span> <span class='ocrx_word' id='word_1_247' title='bbox 705 2781 777 2842; x_wconf 92' lang='lat' dir='ltr'><strong>ad</strong></span> <span class='ocrx_word' id='word_1_248' title='bbox 808 2782 1049 2843; x_wconf 87' lang='lat' dir='ltr'><strong>insulam</strong></span> <span class='ocrx_word' id='word_1_249' title='bbox 1080 2782 1363 2843; x_wconf 88' lang='lat' dir='ltr'><strong>Sadanum</strong></span> <span class='ocrx_word' id='word_1_250' title='bbox 1398 2781 1489 2842; x_wconf 90' lang='lat' dir='ltr'><strong>CL</strong></span> <span class='ocrx_word' id='word_1_251' title='bbox 1521 2782 1637 2844; x_wconf 89' lang='lat' dir='ltr'><strong>mil.</strong></span> <span class='ocrx_word' id='word_1_252' title='bbox 1670 2799 1960 2860; x_wconf 89' lang='lat' dir='ltr'><strong>passuum.</strong></span> <span class='ocrx_word' id='word_1_253' title='bbox 2019 2783 2105 2842; x_wconf 90' lang='lat' dir='ltr'><strong>sic</strong></span> 
     </span>
     <span class='ocr_line' id='line_1_33' title="bbox 121 2865 2189 2944; baseline -0.001 -14"><span class='ocrx_word' id='word_1_254' title='bbox 121 2865 243 2930; x_wconf 68' lang='lat' dir='ltr'><strong>steri</strong></span> <span class='ocrx_word' id='word_1_255' title='bbox 269 2867 344 2927; x_wconf 91' lang='lat' dir='ltr'><strong>ad</strong></span> <span class='ocrx_word' id='word_1_256' title='bbox 378 2874 641 2943; x_wconf 87' lang='lat' dir='ltr'><strong>apertum</strong></span> <span class='ocrx_word' id='word_1_257' title='bbox 668 2883 826 2925; x_wconf 91' lang='lat' dir='ltr'><strong>mare</strong></span> <span class='ocrx_word' id='word_1_258' title='bbox 862 2882 1045 2931; x_wconf 85' lang='lat' dir='ltr'><strong>xvul.</strong></span> <span class='ocrx_word' id='word_1_259' title='bbox 1076 2865 1283 2927; x_wconf 89' lang='lat' dir='ltr'><strong>LXXV</strong></span> <span class='ocrx_word' id='word_1_260' title='bbox 1323 2868 1441 2927; x_wconf 90' lang='lat' dir='ltr'><strong>mil.</strong></span> <span class='ocrx_word' id='word_1_261' title='bbox 1480 2884 1767 2944; x_wconf 89' lang='lat' dir='ltr'><strong>passuum.</strong></span> <span class='ocrx_word' id='word_1_262' title='bbox 1841 2865 2189 2944; x_wconf 78' lang='lat' dir='ltr'><strong>Reliquil&#39;lfi</strong></span> 
     </span>
     <span class='ocr_line' id='line_1_34' title="bbox 124 2949 2101 3029; baseline -0.001 -17"><span class='ocrx_word' id='word_1_263' title='bbox 124 2964 318 3012; x_wconf 72' lang='lat' dir='ltr'><strong>mnes</strong></span> <span class='ocrx_word' id='word_1_264' title='bbox 364 2957 610 3029; x_wconf 87' lang='lat' dir='ltr'><strong>propter</strong></span> <span class='ocrx_word' id='word_1_265' title='bbox 657 2949 799 3009; x_wconf 88' lang='lat' dir='ltr'><strong>solis</strong></span> <span class='ocrx_word' id='word_1_266' title='bbox 851 2951 1118 3009; x_wconf 90' lang='lat' dir='ltr'><strong>ardorem</strong></span> <span class='ocrx_word' id='word_1_267' title='bbox 1160 2950 1418 3027; x_wconf 85' lang='lat' dir='ltr'><strong>navigari</strong></span> <span class='ocrx_word' id='word_1_268' title='bbox 1462 2967 1640 3028; x_wconf 88' lang='lat' dir='ltr'><strong>posse</strong></span> <span class='ocrx_word' id='word_1_269' title='bbox 1691 2964 1812 3008; x_wconf 86' lang='lat' dir='ltr'><strong>non</strong></span> <span class='ocrx_word' id='word_1_270' title='bbox 1866 2957 2101 3028; x_wconf 80' lang='lat' dir='ltr'><strong>putave-</strong></span> 
     </span>
     <span class='ocr_line' id='line_1_35' title="bbox 124 3031 2102 3113; baseline -0.001 -19"><span class='ocrx_word' id='word_1_271' title='bbox 124 3042 262 3103; x_wconf 57' lang='grc' dir='ltr'><strong>ιω.</strong></span> <span class='ocrx_word' id='word_1_272' title='bbox 344 3036 484 3113; x_wconf 90' lang='lat' dir='ltr'><strong>quin</strong></span> <span class='ocrx_word' id='word_1_273' title='bbox 539 3040 598 3091; x_wconf 88' lang='lat' dir='ltr'><strong>et</strong></span> <span class='ocrx_word' id='word_1_274' title='bbox 644 3036 968 3093; x_wconf 89' lang='lat' dir='ltr'><strong>conmercia</strong></span> <span class='ocrx_word' id='word_1_275' title='bbox 1018 3034 1144 3111; x_wconf 91' lang='lat' dir='ltr'><strong>ipsa</strong></span> <span class='ocrx_word' id='word_1_276' title='bbox 1193 3034 1484 3093; x_wconf 87' lang='lat' dir='ltr'><strong>infestant</strong></span> <span class='ocrx_word' id='word_1_277' title='bbox 1512 3052 1588 3093; x_wconf 88' lang='lat' dir='ltr'><strong>ex</strong></span> <span class='ocrx_word' id='word_1_278' title='bbox 1631 3032 1829 3092; x_wconf 87' lang='lat' dir='ltr'><strong>insulis</strong></span> <span class='ocrx_word' id='word_1_279' title='bbox 1875 3031 2102 3093; x_wconf 85' lang='lat' dir='ltr'><strong>Arabes</strong></span> 
     </span>
    </p>
   </div>
   <div class='ocr_carea' id='block_1_5' title="bbox 868 2868 1051 2878">
    <p class='ocr_par' dir='ltr' id='par_1_5' title="bbox 868 2868 1051 2878">
     <span class='ocr_line' id='line_1_36' title="bbox 868 2868 1051 2878; baseline 0 772"><span class='ocrx_word' id='word_1_280' title='bbox 868 2868 1051 2878; x_wconf 95' lang='lat' dir='ltr'><strong> </strong></span> 
     </span>
    </p>
   </div>
   <div class='ocr_carea' id='block_1_6' title="bbox 51 3109 2201 3215">
    <p class='ocr_par' dir='ltr' id='par_1_6' title="bbox 51 3109 2201 3215">
     <span class='ocr_line' id='line_1_37' title="bbox 51 3109 2201 3215; baseline -0.001 -35"><span class='ocrx_word' id='word_1_281' title='bbox 51 3115 356 3180; x_wconf 56' lang='lat' dir='ltr'><strong>anonae</strong></span> <span class='ocrx_word' id='word_1_282' title='bbox 398 3115 712 3215; x_wconf 84' lang='lat' dir='ltr'><strong>appellati,</strong></span> <span class='ocrx_word' id='word_1_283' title='bbox 754 3118 1020 3195; x_wconf 81' lang='lat' dir='ltr'><strong>quoniam</strong></span> <span class='ocrx_word' id='word_1_284' title='bbox 1061 3116 1309 3177; x_wconf 86' lang='lat' dir='ltr'><strong>bubulos</strong></span> <span class='ocrx_word' id='word_1_285' title='bbox 1347 3126 1504 3176; x_wconf 89' lang='lat' dir='ltr'><strong>utres</strong></span> <span class='ocrx_word' id='word_1_286' title='bbox 1534 3115 1700 3175; x_wconf 88' lang='lat' dir='ltr'><strong>binos</strong></span> <span class='ocrx_word' id='word_1_287' title='bbox 1732 3116 2102 3177; x_wconf 86' lang='lat' dir='ltr'><strong>insternendo</strong></span> <span class='ocrx_word' id='word_1_288' title='bbox 2196 3109 2201 3122; x_wconf 59' lang='grc'><strong>”</strong></span> 
     </span>
    </p>
   </div>
   <div class='ocr_carea' id='block_1_7' title="bbox 117 3197 2105 3447">
    <p class='ocr_par' dir='ltr' id='par_1_7' title="bbox 117 3197 2105 3447">
     <span class='ocr_line' id='line_1_38' title="bbox 117 3197 2101 3300; baseline -0.001 -38.992"><span class='ocrx_word' id='word_1_289' title='bbox 117 3210 364 3281; x_wconf 72' lang='lat' dir='ltr'><strong>pontep</strong></span> <span class='ocrx_word' id='word_1_290' title='bbox 371 3202 631 3261; x_wconf 79' lang='lat' dir='ltr'><strong>iratieam</strong></span> <span class='ocrx_word' id='word_1_291' title='bbox 672 3209 951 3259; x_wconf 86' lang='lat' dir='ltr'><strong>exercent</strong></span> <span class='ocrx_word' id='word_1_292' title='bbox 995 3202 1216 3277; x_wconf 85' lang='lat' dir='ltr'><strong>sagittis</strong></span> <span class='ocrx_word' id='word_1_293' title='bbox 1255 3200 1570 3260; x_wconf 83' lang='lat' dir='ltr'><strong>venenatis.</strong></span> <span class='ocrx_word' id='word_1_294' title='bbox 1652 3197 1848 3259; x_wconf 86' lang='lat' dir='ltr'><strong>Gentis</strong></span> <span class='ocrx_word' id='word_1_295' title='bbox 1878 3199 2101 3300; x_wconf 79' lang='lat' dir='ltr'><strong>Trogo·</strong></span> 
     </span>
     <span class='ocr_line' id='line_1_39' title="bbox 128 3280 2105 3360; baseline -0.002 -13"><span class='ocrx_word' id='word_1_296' title='bbox 128 3282 375 3360; x_wconf 54' lang='lat' dir='ltr'><strong>duarum</strong></span> <span class='ocrx_word' id='word_1_297' title='bbox 404 3285 559 3345; x_wconf 90' lang='lat' dir='ltr'><strong>idem</strong></span> <span class='ocrx_word' id='word_1_298' title='bbox 593 3280 727 3342; x_wconf 91' lang='lat' dir='ltr'><strong>Iuba</strong></span> <span class='ocrx_word' id='word_1_299' title='bbox 757 3281 928 3343; x_wconf 81' lang='lat' dir='ltr'><strong>tradit</strong></span> <span class='ocrx_word' id='word_1_300' title='bbox 957 3283 1319 3344; x_wconf 88' lang='lat' dir='ltr'><strong>Therothoas</strong></span> <span class='ocrx_word' id='word_1_301' title='bbox 1354 3302 1387 3343; x_wconf 92' lang='lat' dir='ltr'><strong>a</strong></span> <span class='ocrx_word' id='word_1_302' title='bbox 1420 3291 1630 3343; x_wconf 85' lang='lat' dir='ltr'><strong>venatu</strong></span> <span class='ocrx_word' id='word_1_303' title='bbox 1660 3283 1878 3360; x_wconf 76' lang='lat' dir='ltr'><strong>dictoS,</strong></span> <span class='ocrx_word' id='word_1_304' title='bbox 1922 3286 2105 3344; x_wconf 89' lang='lat' dir='ltr'><strong>mirae</strong></span> 
     </span>
     <span class='ocr_line' id='line_1_40' title="bbox 125 3365 2102 3447; baseline 0.001 -22"><span class='ocrx_word' id='word_1_305' title='bbox 125 3367 479 3447; x_wconf 73' lang='lat' dir='ltr'><strong>velocitatis,</strong></span> <span class='ocrx_word' id='word_1_306' title='bbox 524 3365 672 3425; x_wconf 85' lang='lat' dir='ltr'><strong>siout</strong></span> <span class='ocrx_word' id='word_1_307' title='bbox 697 3365 1200 3447; x_wconf 83' lang='lat' dir='ltr'><strong>Ichthyophagos,</strong></span> <span class='ocrx_word' id='word_1_308' title='bbox 1244 3367 1488 3427; x_wconf 84' lang='lat' dir='ltr'><strong>natantis</strong></span> <span class='ocrx_word' id='word_1_309' title='bbox 1531 3384 1638 3429; x_wconf 90' lang='lat' dir='ltr'><strong>ceu</strong></span> <span class='ocrx_word' id='word_1_310' title='bbox 1678 3369 1852 3429; x_wconf 90' lang='lat' dir='ltr'><strong>maris</strong></span> <span class='ocrx_word' id='word_1_311' title='bbox 1893 3369 2102 3429; x_wconf 89' lang='lat' dir='ltr'><strong>anima-</strong></span> 
     </span>
    </p>
   </div>
  </div>
 </body>
</html>
