<?xml version="1.0" encoding="UTF-8"?>
<!DOCTYPE html PUBLIC "-//W3C//DTD XHTML 1.0 Transitional//EN"
    "http://www.w3.org/TR/xhtml1/DTD/xhtml1-transitional.dtd">
<html xmlns="http://www.w3.org/1999/xhtml" xml:lang="en" lang="en">
 <head>
  <title>
</title>
<meta http-equiv="Content-Type" content="text/html;charset=utf-8" />
  <meta name='ocr-system' content='tesseract 3.04.00' />
  <meta name='ocr-capabilities' content='ocr_page ocr_carea ocr_par ocr_line ocrx_word'/>
</head>
<body>
  <div class='ocr_page' id='page_1' title='image "./cplinisecundina00eldegoog_0245.png"; bbox 0 0 2320 3650; ppageno 0'>
   <div class='ocr_carea' id='block_1_1' title="bbox 72 126 1464 187">
    <p class='ocr_par' dir='ltr' id='par_1_1' title="bbox 72 126 1464 187">
     <span class='ocr_line' id='line_1_1' title="bbox 72 126 1464 187; baseline -0.002 0"><span class='ocrx_word' id='word_1_1' title='bbox 72 174 77 179; x_wconf 91' lang='lat'><strong>.</strong></span> <span class='ocrx_word' id='word_1_2' title='bbox 157 126 278 187; x_wconf 81' lang='lat'><strong>210</strong></span> <span class='ocrx_word' id='word_1_3' title='bbox 584 136 599 159; x_wconf 91' lang='lat'><strong>·</strong></span> <span class='ocrx_word' id='word_1_4' title='bbox 849 136 908 185; x_wconf 88' lang='lat' dir='ltr'><strong>c.</strong></span> <span class='ocrx_word' id='word_1_5' title='bbox 941 139 1130 187; x_wconf 75' lang='lat' dir='ltr'><strong>Pmm</strong></span> <span class='ocrx_word' id='word_1_6' title='bbox 1166 138 1464 187; x_wconf 52' lang='lat' dir='ltr'><strong>securim</strong></span> 
     </span>
    </p>
   </div>
   <div class='ocr_carea' id='block_1_2' title="bbox 72 292 2314 3473">
    <p class='ocr_par' dir='ltr' id='par_1_2' title="bbox 82 292 2158 623">
     <span class='ocr_line' id='line_1_2' title="bbox 158 292 2155 372; baseline 0.001 -20"><span class='ocrx_word' id='word_1_7' title='bbox 158 292 466 354; x_wconf 85' lang='lat' dir='ltr'><strong>intervallo</strong></span> <span class='ocrx_word' id='word_1_8' title='bbox 499 309 532 352; x_wconf 90' lang='lat' dir='ltr'><strong>a</strong></span> <span class='ocrx_word' id='word_1_9' title='bbox 563 293 765 370; x_wconf 79' lang='lat' dir='ltr'><strong>Sigen,</strong></span> <span class='ocrx_word' id='word_1_10' title='bbox 799 302 857 353; x_wconf 88' lang='lat' dir='ltr'><strong>et</strong></span> <span class='ocrx_word' id='word_1_11' title='bbox 886 295 1015 372; x_wconf 85' lang='lat' dir='ltr'><strong>ipso</strong></span> <span class='ocrx_word' id='word_1_12' title='bbox 1048 295 1295 353; x_wconf 89' lang='lat' dir='ltr'><strong>statione</strong></span> <span class='ocrx_word' id='word_1_13' title='bbox 1328 292 1534 353; x_wconf 86' lang='lat' dir='ltr'><strong>classis</strong></span> <span class='ocrx_word' id='word_1_14' title='bbox 1571 310 1728 352; x_wconf 87' lang='lat' dir='ltr'><strong>suae.</strong></span> <span class='ocrx_word' id='word_1_15' title='bbox 1776 293 1964 371; x_wconf 88' lang='lat' dir='ltr'><strong>Supra</strong></span> <span class='ocrx_word' id='word_1_16' title='bbox 1990 294 2155 354; x_wconf 90' lang='lat' dir='ltr'><strong>Aeo-</strong></span> 
     </span>
     <span class='ocr_line' id='line_1_3' title="bbox 157 375 2158 454; baseline 0 -18"><span class='ocrx_word' id='word_1_17' title='bbox 157 375 273 437; x_wconf 90' lang='lat' dir='ltr'><strong>lida</strong></span> <span class='ocrx_word' id='word_1_18' title='bbox 323 385 383 436; x_wconf 96' lang='lat' dir='ltr'><strong>et</strong></span> <span class='ocrx_word' id='word_1_19' title='bbox 436 385 658 454; x_wconf 90' lang='lat' dir='ltr'><strong>partem</strong></span> <span class='ocrx_word' id='word_1_20' title='bbox 708 376 950 437; x_wconf 83' lang='lat' dir='ltr'>Troadis</span> <span class='ocrx_word' id='word_1_21' title='bbox 1003 378 1069 453; x_wconf 85' lang='lat' dir='ltr'><strong>in</strong></span> <span class='ocrx_word' id='word_1_22' title='bbox 1109 378 1540 439; x_wconf 86' lang='lat' dir='ltr'><strong>mediterraneo</strong></span> <span class='ocrx_word' id='word_1_23' title='bbox 1579 385 1859 454; x_wconf 84' lang='lat' dir='ltr'><strong>est&#39;quae</strong></span> <span class='ocrx_word' id='word_1_24' title='bbox 1906 389 2158 437; x_wconf 88' lang='lat' dir='ltr'><strong>vocatur</strong></span> 
     </span>
     <span class='ocr_line' id='line_1_4' title="bbox 158 458 2153 539; baseline 0.002 -21"><span class='ocrx_word' id='word_1_25' title='bbox 158 459 533 535; x_wconf 78' lang='lat' dir='ltr'><strong>Teuthrania,</strong></span> <span class='ocrx_word' id='word_1_26' title='bbox 568 478 735 539; x_wconf 84' lang='lat' dir='ltr'><strong>quam</strong></span> <span class='ocrx_word' id='word_1_27' title='bbox 764 460 910 537; x_wconf 87' lang='lat' dir='ltr'><strong>Mysi</strong></span> <span class='ocrx_word' id='word_1_28' title='bbox 941 462 1249 538; x_wconf 86' lang='lat' dir='ltr'><strong>antiquitus</strong></span> <span class='ocrx_word' id='word_1_29' title='bbox 1279 469 1539 537; x_wconf 83' lang='lat' dir='ltr'><strong>tenuere.</strong></span> <span class='ocrx_word' id='word_1_30' title='bbox 1615 459 1693 520; x_wconf 91' lang='lat' dir='ltr'><strong>ibi</strong></span> <span class='ocrx_word' id='word_1_31' title='bbox 1729 458 1937 520; x_wconf 88' lang='lat' dir='ltr'><strong>Caicus</strong></span> <span class='ocrx_word' id='word_1_32' title='bbox 1967 464 2153 522; x_wconf 88' lang='lat' dir='ltr'><strong>amnis</strong></span> 
     </span>
     <span class='ocr_line' id='line_1_5' title="bbox 82 543 2153 623; baseline 0.001 -20"><span class='ocrx_word' id='word_1_33' title='bbox 82 543 354 603; x_wconf 81' lang='lat' dir='ltr'><strong>mdictus</strong></span> <span class='ocrx_word' id='word_1_34' title='bbox 383 545 580 602; x_wconf 91' lang='lat' dir='ltr'><strong>oritur.</strong></span> <span class='ocrx_word' id='word_1_35' title='bbox 660 563 806 621; x_wconf 86' lang='lat' dir='ltr'><strong>gens</strong></span> <span class='ocrx_word' id='word_1_36' title='bbox 848 545 1036 623; x_wconf 87' lang='lat' dir='ltr'><strong>ampla</strong></span> <span class='ocrx_word' id='word_1_37' title='bbox 1076 562 1187 623; x_wconf 87' lang='lat' dir='ltr'><strong>per</strong></span> <span class='ocrx_word' id='word_1_38' title='bbox 1225 563 1322 619; x_wconf 88' lang='lat' dir='ltr'><strong>se,</strong></span> <span class='ocrx_word' id='word_1_39' title='bbox 1369 547 1541 604; x_wconf 87' lang='lat' dir='ltr'><strong>etiam</strong></span> <span class='ocrx_word' id='word_1_40' title='bbox 1583 562 1709 603; x_wconf 89' lang='lat' dir='ltr'><strong>cum</strong></span> <span class='ocrx_word' id='word_1_41' title='bbox 1752 553 1931 603; x_wconf 90' lang='lat' dir='ltr'><strong>totum</strong></span> <span class='ocrx_word' id='word_1_42' title='bbox 1964 544 2153 619; x_wconf 80' lang='lat' dir='ltr'>Mysia</span> 
     </span>
    </p>

    <p class='ocr_par' dir='ltr' id='par_1_3' title="bbox 77 626 2196 1042">
     <span class='ocr_line' id='line_1_6' title="bbox 77 626 2196 707; baseline -0.002 -15"><span class='ocrx_word' id='word_1_43' title='bbox 77 637 175 691; x_wconf 76' lang='lat'><strong>126</strong></span> <span class='ocrx_word' id='word_1_44' title='bbox 189 627 599 707; x_wconf 77' lang='lat' dir='ltr'><strong>appellaretur.</strong></span> <span class='ocrx_word' id='word_1_45' title='bbox 659 628 724 688; x_wconf 92' lang='lat' dir='ltr'><strong>Iu</strong></span> <span class='ocrx_word' id='word_1_46' title='bbox 755 647 824 688; x_wconf 91' lang='lat' dir='ltr'><strong>ea</strong></span> <span class='ocrx_word' id='word_1_47' title='bbox 858 628 1126 705; x_wconf 82' lang='lat' dir='ltr'><strong>Pioniae,</strong></span> <span class='ocrx_word' id='word_1_48' title='bbox 1162 628 1430 703; x_wconf 90' lang='lat' dir='ltr'><strong>Andera,</strong></span> <span class='ocrx_word' id='word_1_49' title='bbox 1461 626 1640 703; x_wconf 80' lang='lat' dir='ltr'><strong>Itale,</strong></span> <span class='ocrx_word' id='word_1_50' title='bbox 1674 628 1992 705; x_wconf 83' lang='lat' dir='ltr'><strong>Stabulum,</strong></span> <span class='ocrx_word' id='word_1_51' title='bbox 2034 628 2196 697; x_wconf 85' lang='lat' dir='ltr'><strong>Co-5</strong></span> 
     </span>
     <span class='ocr_line' id='line_1_7' title="bbox 158 711 2151 788; baseline 0.002 -18"><span class='ocrx_word' id='word_1_52' title='bbox 158 712 393 787; x_wconf 89' lang='lat' dir='ltr'><strong>nisium,</strong></span> <span class='ocrx_word' id='word_1_53' title='bbox 442 711 671 787; x_wconf 88' lang='lat' dir='ltr'><strong>Teium,</strong></span> <span class='ocrx_word' id='word_1_54' title='bbox 733 711 939 788; x_wconf 84' lang='lat' dir='ltr'><strong>Balce,</strong></span> <span class='ocrx_word' id='word_1_55' title='bbox 994 711 1202 788; x_wconf 89' lang='lat' dir='ltr'><strong>Tiare,</strong></span> <span class='ocrx_word' id='word_1_56' title='bbox 1246 711 1622 787; x_wconf 76' lang='lat' dir='ltr'><strong>Teuthranie,</strong></span> <span class='ocrx_word' id='word_1_57' title='bbox 1668 712 2151 785; x_wconf 63' lang='lat' dir='ltr'><strong>Sarnaca,“Hali—</strong></span> 
     </span>
     <span class='ocr_line' id='line_1_8' title="bbox 158 793 2151 874; baseline 0.001 -19"><span class='ocrx_word' id='word_1_58' title='bbox 158 814 363 871; x_wconf 90' lang='lat' dir='ltr'><strong>serne,</strong></span> <span class='ocrx_word' id='word_1_59' title='bbox 397 793 641 870; x_wconf 78' lang='lat' dir='ltr'><strong>Lycide,</strong></span> <span class='ocrx_word' id='word_1_60' title='bbox 676 794 1070 871; x_wconf 83' lang='lat' dir='ltr'><strong>Parthenium,</strong></span> <span class='ocrx_word' id='word_1_61' title='bbox 1105 793 1372 871; x_wconf 87' lang='lat' dir='ltr'><strong>Cambre,</strong></span> <span class='ocrx_word' id='word_1_62' title='bbox 1400 793 1750 874; x_wconf 73' lang='lat' dir='ltr'><strong>Oxyopum,</strong></span> <span class='ocrx_word' id='word_1_63' title='bbox 1775 794 2151 873; x_wconf 75' lang='lat' dir='ltr'><strong>Lygdamum,</strong></span> 
     </span>
     <span class='ocr_line' id='line_1_9' title="bbox 156 879 2150 958; baseline 0.001 -20"><span class='ocrx_word' id='word_1_64' title='bbox 156 879 503 958; x_wconf 88' lang='lat' dir='ltr'><strong>Apollonia,</strong></span> <span class='ocrx_word' id='word_1_65' title='bbox 536 879 829 957; x_wconf 82' lang='lat' dir='ltr'><strong>longeque</strong></span> <span class='ocrx_word' id='word_1_66' title='bbox 861 879 1235 939; x_wconf 87' lang='lat' dir='ltr'><strong>clarissimum</strong></span> <span class='ocrx_word' id='word_1_67' title='bbox 1270 880 1445 939; x_wconf 91' lang='lat' dir='ltr'><strong>Asiae</strong></span> <span class='ocrx_word' id='word_1_68' title='bbox 1476 879 1848 956; x_wconf 83' lang='lat' dir='ltr'><strong>Pergamum,</strong></span> <span class='ocrx_word' id='word_1_69' title='bbox 1881 880 2034 956; x_wconf 87' lang='lat' dir='ltr'><strong>quod</strong></span> <span class='ocrx_word' id='word_1_70' title='bbox 2065 882 2150 940; x_wconf 89' lang='lat' dir='ltr'><strong>iu·</strong></span> 
     </span>
     <span class='ocr_line' id='line_1_10' title="bbox 156 961 2145 1042; baseline 0.001 -19"><span class='ocrx_word' id='word_1_71' title='bbox 156 971 401 1023; x_wconf 89' lang='lat' dir='ltr'><strong>termeat</strong></span> <span class='ocrx_word' id='word_1_72' title='bbox 435 961 696 1038; x_wconf 86' lang='lat' dir='ltr'><strong>Selinus,</strong></span> <span class='ocrx_word' id='word_1_73' title='bbox 759 963 1024 1040; x_wconf 84' lang='lat' dir='ltr'><strong>praefluit</strong></span> <span class='ocrx_word' id='word_1_74' title='bbox 1083 962 1280 1023; x_wconf 88' lang='lat' dir='ltr'><strong>Cetius</strong></span> <span class='ocrx_word' id='word_1_75' title='bbox 1327 962 1598 1042; x_wconf 87' lang='lat' dir='ltr'><strong>profusus</strong></span> <span class='ocrx_word' id='word_1_76' title='bbox 1641 963 1887 1023; x_wconf 84' lang='lat' dir='ltr'><strong>Pindaso</strong></span> <span class='ocrx_word' id='word_1_77' title='bbox 1929 973 2145 1024; x_wconf 89' lang='lat' dir='ltr'><strong>monte.</strong></span> 
     </span>
    </p>

    <p class='ocr_par' dir='ltr' id='par_1_4' title="bbox 76 1045 2229 1461">
     <span class='ocr_line' id='line_1_11' title="bbox 76 1045 2229 1125; baseline 0.002 -22"><span class='ocrx_word' id='word_1_78' title='bbox 76 1069 139 1103; x_wconf 68' lang='grc' dir='ltr'><strong>ιιι</strong></span> <span class='ocrx_word' id='word_1_79' title='bbox 158 1047 324 1108; x_wconf 86' lang='lat' dir='ltr'><strong>abest</strong></span> <span class='ocrx_word' id='word_1_80' title='bbox 366 1046 503 1107; x_wconf 85' lang='lat' dir='ltr'><strong>haut</strong></span> <span class='ocrx_word' id='word_1_81' title='bbox 543 1045 751 1124; x_wconf 91' lang='lat' dir='ltr'><strong>procul</strong></span> <span class='ocrx_word' id='word_1_82' title='bbox 779 1045 993 1124; x_wconf 89' lang='lat' dir='ltr'><strong>Elaea,</strong></span> <span class='ocrx_word' id='word_1_83' title='bbox 1046 1065 1213 1125; x_wconf 90' lang='lat' dir='ltr'><strong>quam</strong></span> <span class='ocrx_word' id='word_1_84' title='bbox 1245 1050 1326 1107; x_wconf 72' lang='lat' dir='ltr'><strong>viu</strong></span> <span class='ocrx_word' id='word_1_85' title='bbox 1365 1047 1538 1109; x_wconf 88' lang='lat' dir='ltr'><strong>litore</strong></span> <span class='ocrx_word' id='word_1_86' title='bbox 1590 1048 1851 1107; x_wconf 81' lang='lat' dir='ltr'><strong>diximus.</strong></span> <span class='ocrx_word' id='word_1_87' title='bbox 1933 1047 2149 1124; x_wconf 85' lang='lat' dir='ltr'><strong>Perga·</strong></span> <span class='ocrx_word' id='word_1_88' title='bbox 2174 1065 2229 1107; x_wconf 76' lang='grc' dir='ltr'><strong>ιο</strong></span> 
     </span>
     <span class='ocr_line' id='line_1_12' title="bbox 155 1130 2153 1195; baseline 0.002 -5"><span class='ocrx_word' id='word_1_89' title='bbox 155 1149 322 1190; x_wconf 87' lang='lat' dir='ltr'><strong>mena</strong></span> <span class='ocrx_word' id='word_1_90' title='bbox 373 1137 613 1189; x_wconf 89' lang='lat' dir='ltr'><strong>vocatur</strong></span> <span class='ocrx_word' id='word_1_91' title='bbox 663 1131 786 1189; x_wconf 89' lang='lat' dir='ltr'><strong>eius</strong></span> <span class='ocrx_word' id='word_1_92' title='bbox 830 1140 1048 1191; x_wconf 88' lang='lat' dir='ltr'><strong>tractus</strong></span> <span class='ocrx_word' id='word_1_93' title='bbox 1086 1133 1423 1195; x_wconf 80' lang='lat' dir='ltr'><strong>iurisdictio,</strong></span> <span class='ocrx_word' id='word_1_94' title='bbox 1503 1130 1574 1190; x_wconf 93' lang='lat' dir='ltr'><strong>ad</strong></span> <span class='ocrx_word' id='word_1_95' title='bbox 1628 1147 1755 1190; x_wconf 90' lang='lat' dir='ltr'><strong>eam</strong></span> <span class='ocrx_word' id='word_1_96' title='bbox 1802 1133 2153 1193; x_wconf 83' lang='lat' dir='ltr'><strong>conveniunt</strong></span> 
     </span>
     <span class='ocr_line' id='line_1_13' title="bbox 159 1211 2149 1292; baseline 0 -18"><span class='ocrx_word' id='word_1_97' title='bbox 159 1214 520 1290; x_wconf 74' lang='lat' dir='ltr'><strong>Thyatireni,</strong></span> <span class='ocrx_word' id='word_1_98' title='bbox 568 1211 857 1288; x_wconf 79' lang='lat' dir='ltr'><strong>Mossyni,</strong></span> <span class='ocrx_word' id='word_1_99' title='bbox 900 1213 1257 1292; x_wconf 88' lang='lat' dir='ltr'><strong>Mygdones,</strong></span> <span class='ocrx_word' id='word_1_100' title='bbox 1303 1215 1643 1290; x_wconf 86' lang='lat' dir='ltr'><strong>Bregmeni,</strong></span> <span class='ocrx_word' id='word_1_101' title='bbox 1676 1213 2149 1291; x_wconf 78' lang='lat' dir='ltr'><strong>Hierocom‘etae,</strong></span> 
     </span>
     <span class='ocr_line' id='line_1_14' title="bbox 156 1296 2151 1378; baseline 0 -20"><span class='ocrx_word' id='word_1_102' title='bbox 156 1299 500 1376; x_wconf 85' lang='lat' dir='ltr'><strong>Perpereni,</strong></span> <span class='ocrx_word' id='word_1_103' title='bbox 536 1296 793 1373; x_wconf 89' lang='lat' dir='ltr'><strong>Tiareni,</strong></span> <span class='ocrx_word' id='word_1_104' title='bbox 826 1298 1375 1378; x_wconf 89' lang='lat' dir='ltr'><strong>Hierolophienses,</strong></span> <span class='ocrx_word' id='word_1_105' title='bbox 1416 1297 1953 1376; x_wconf 89' lang='lat' dir='ltr'><strong>Hermocapelitae,</strong></span> <span class='ocrx_word' id='word_1_106' title='bbox 1986 1298 2151 1358; x_wconf 86' lang='lat' dir='ltr'><strong>Atta-</strong></span> 
     </span>
     <span class='ocr_line' id='line_1_15' title="bbox 156 1381 2150 1461; baseline -0.002 -19"><span class='ocrx_word' id='word_1_107' title='bbox 156 1383 384 1458; x_wconf 90' lang='lat' dir='ltr'><strong>lenses,</strong></span> <span class='ocrx_word' id='word_1_108' title='bbox 417 1381 797 1458; x_wconf 87' lang='lat' dir='ltr'><strong>Pauteenses,</strong></span> <span class='ocrx_word' id='word_1_109' title='bbox 826 1383 1334 1461; x_wconf 81' lang='lat' dir='ltr'><strong>Apollonidienses</strong></span> <span class='ocrx_word' id='word_1_110' title='bbox 1364 1382 1628 1460; x_wconf 86' lang='lat' dir='ltr'><strong>aliaeque</strong></span> <span class='ocrx_word' id='word_1_111' title='bbox 1658 1381 1974 1442; x_wconf 74' lang='lat' dir='ltr'><strong>inhonorae</strong></span> <span class='ocrx_word' id='word_1_112' title='bbox 2010 1383 2150 1440; x_wconf 89' lang='lat' dir='ltr'><strong>civi-</strong></span> 
     </span>
    </p>

    <p class='ocr_par' dir='ltr' id='par_1_5' title="bbox 77 1465 2314 2129">
     <span class='ocr_line' id='line_1_16' title="bbox 77 1465 2225 1546; baseline -0.003 -15"><span class='ocrx_word' id='word_1_113' title='bbox 77 1476 176 1531; x_wconf 82' lang='lat'><strong>127</strong></span> <span class='ocrx_word' id='word_1_114' title='bbox 193 1476 361 1528; x_wconf 87' lang='lat' dir='ltr'><strong>tates.</strong></span> <span class='ocrx_word' id='word_1_115' title='bbox 431 1466 483 1525; x_wconf 93' lang='lat' dir='ltr'><strong>A</strong></span> <span class='ocrx_word' id='word_1_116' title='bbox 515 1465 781 1525; x_wconf 88' lang='lat' dir='ltr'><strong>Rhoeteo</strong></span> <span class='ocrx_word' id='word_1_117' title='bbox 816 1465 1162 1527; x_wconf 88' lang='lat' dir='ltr'><strong>Dardanium</strong></span> <span class='ocrx_word' id='word_1_118' title='bbox 1192 1467 1466 1546; x_wconf 87' lang='lat' dir='ltr'><strong>oppidum</strong></span> <span class='ocrx_word' id='word_1_119' title='bbox 1500 1484 1736 1545; x_wconf 88' lang='lat' dir='ltr'><strong>parvum</strong></span> <span class='ocrx_word' id='word_1_120' title='bbox 1769 1465 1934 1525; x_wconf 89' lang='lat' dir='ltr'><strong>abest</strong></span> <span class='ocrx_word' id='word_1_121' title='bbox 1963 1466 2150 1525; x_wconf 88' lang='lat' dir='ltr'><strong>stadia</strong></span> <span class='ocrx_word' id='word_1_122' title='bbox 2173 1483 2225 1525; x_wconf 84' lang='lat'><strong>15</strong></span> 
     </span>
     <span class='ocr_line' id='line_1_17' title="bbox 158 1547 2151 1628; baseline -0.002 -17"><span class='ocrx_word' id='word_1_123' title='bbox 158 1549 330 1615; x_wconf 86' lang='lat' dir='ltr'><strong>Lxx.</strong></span> <span class='ocrx_word' id='word_1_124' title='bbox 407 1551 539 1610; x_wconf 88' lang='lat' dir='ltr'><strong>inde</strong></span> <span class='ocrx_word' id='word_1_125' title='bbox 566 1547 755 1609; x_wconf 89' lang='lat' dir='ltr'>XVIII</span> <span class='ocrx_word' id='word_1_126' title='bbox 797 1548 855 1608; x_wconf 88' lang='lat' dir='ltr'>M</span> <span class='ocrx_word' id='word_1_127' title='bbox 895 1552 1343 1628; x_wconf 86' lang='lat' dir='ltr'><strong>promontorium</strong></span> <span class='ocrx_word' id='word_1_128' title='bbox 1374 1550 1666 1628; x_wconf 87' lang='lat' dir='ltr'><strong>Trapeza,</strong></span> <span class='ocrx_word' id='word_1_129' title='bbox 1714 1549 1863 1610; x_wconf 88' lang='lat' dir='ltr'><strong>unde</strong></span> <span class='ocrx_word' id='word_1_130' title='bbox 1910 1551 2151 1628; x_wconf 89' lang='lat' dir='ltr'><strong>primum</strong></span> 
     </span>
     <span class='ocr_line' id='line_1_18' title="bbox 160 1632 2151 1711; baseline -0.001 -16"><span class='ocrx_word' id='word_1_131' title='bbox 160 1636 414 1695; x_wconf 88' lang='lat' dir='ltr'><strong>concitat</strong></span> <span class='ocrx_word' id='word_1_132' title='bbox 455 1652 520 1693; x_wconf 89' lang='lat' dir='ltr'><strong>se</strong></span> <span class='ocrx_word' id='word_1_133' title='bbox 563 1633 994 1711; x_wconf 85' lang='lat' dir='ltr'><strong>Hellespontus.</strong></span> <span class='ocrx_word' id='word_1_134' title='bbox 1080 1634 1172 1694; x_wconf 89' lang='lat' dir='ltr'><strong>Ex</strong></span> <span class='ocrx_word' id='word_1_135' title='bbox 1208 1633 1350 1694; x_wconf 88' lang='lat' dir='ltr'><strong>Asia</strong></span> <span class='ocrx_word' id='word_1_136' title='bbox 1402 1635 1689 1693; x_wconf 87' lang='lat' dir='ltr'><strong>interiisse</strong></span> <span class='ocrx_word' id='word_1_137' title='bbox 1742 1634 1933 1710; x_wconf 86' lang='lat' dir='ltr'><strong>gentis</strong></span> <span class='ocrx_word' id='word_1_138' title='bbox 1974 1632 2151 1694; x_wconf 87' lang='lat' dir='ltr'><strong>tradit</strong></span> 
     </span>
     <span class='ocr_line' id='line_1_19' title="bbox 156 1715 2149 1796; baseline -0.001 -19"><span class='ocrx_word' id='word_1_139' title='bbox 156 1717 542 1778; x_wconf 87' lang='lat' dir='ltr'><strong>Eratothenes</strong></span> <span class='ocrx_word' id='word_1_140' title='bbox 575 1717 986 1793; x_wconf 86' lang='lat' dir='ltr'><strong>¹Solymorum,</strong></span> <span class='ocrx_word' id='word_1_141' title='bbox 1027 1717 1334 1796; x_wconf 81' lang='lat' dir='ltr'><strong>Lelegum,</strong></span> <span class='ocrx_word' id='word_1_142' title='bbox 1377 1718 1736 1793; x_wconf 90' lang='lat' dir='ltr'><strong>Bebrycum,</strong></span> <span class='ocrx_word' id='word_1_143' title='bbox 1780 1715 2149 1793; x_wconf 88' lang='lat' dir='ltr'><strong>Colycantio-</strong></span> 
     </span>
     <span class='ocr_line' id='line_1_20' title="bbox 157 1799 2152 1881; baseline -0.002 -20"><span class='ocrx_word' id='word_1_144' title='bbox 157 1820 309 1877; x_wconf 88' lang='lat' dir='ltr'><strong>rum,</strong></span> <span class='ocrx_word' id='word_1_145' title='bbox 343 1801 772 1881; x_wconf 86' lang='lat' dir='ltr'><strong>Tripsedorum.</strong></span> <span class='ocrx_word' id='word_1_146' title='bbox 839 1799 1093 1862; x_wconf 87' lang='lat' dir='ltr'><strong>Isidorus</strong></span> <span class='ocrx_word' id='word_1_147' title='bbox 1124 1802 1410 1863; x_wconf 88' lang='lat' dir='ltr'><strong>Arieneos</strong></span> <span class='ocrx_word' id='word_1_148' title='bbox 1456 1810 1514 1862; x_wconf 93' lang='lat' dir='ltr'><strong>et</strong></span> <span class='ocrx_word' id='word_1_149' title='bbox 1550 1799 1903 1881; x_wconf 87' lang='lat' dir='ltr'><strong>Capreatas,</strong></span> <span class='ocrx_word' id='word_1_150' title='bbox 1945 1799 2152 1860; x_wconf 87' lang='lat' dir='ltr'><strong>ubisit</strong></span> 
     </span>
     <span class='ocr_line' id='line_1_21' title="bbox 158 1883 2225 1963; baseline -0.001 -18"><span class='ocrx_word' id='word_1_151' title='bbox 158 1887 398 1963; x_wconf 84' lang='lat' dir='ltr'><strong>Apamia</strong></span> <span class='ocrx_word' id='word_1_152' title='bbox 443 1886 670 1946; x_wconf 89' lang='lat' dir='ltr'><strong>condita</strong></span> <span class='ocrx_word' id='word_1_153' title='bbox 713 1904 745 1944; x_wconf 92' lang='lat' dir='ltr'><strong>a</strong></span> <span class='ocrx_word' id='word_1_154' title='bbox 793 1885 1045 1945; x_wconf 80' lang='lat' dir='ltr'><strong>Seleuco</strong></span> <span class='ocrx_word' id='word_1_155' title='bbox 1080 1905 1259 1963; x_wconf 85' lang='lat' dir='ltr'><strong>rege,</strong></span> <span class='ocrx_word' id='word_1_156' title='bbox 1309 1888 1456 1945; x_wconf 89' lang='lat' dir='ltr'><strong>inter</strong></span> <span class='ocrx_word' id='word_1_157' title='bbox 1501 1884 1794 1960; x_wconf 89' lang='lat' dir='ltr'><strong>Ciliciam,</strong></span> <span class='ocrx_word' id='word_1_158' title='bbox 1838 1883 2143 1962; x_wconf 66' lang='lat' dir='ltr'><strong>Cappado⁴</strong></span> <span class='ocrx_word' id='word_1_159' title='bbox 2164 1901 2225 1943; x_wconf 79' lang='lat'><strong>20</strong></span> 
     </span>
     <span class='ocr_line' id='line_1_22' title="bbox 161 1967 2314 2052; baseline -0.001 -24"><span class='ocrx_word' id='word_1_160' title='bbox 161 1972 334 2044; x_wconf 90' lang='lat' dir='ltr'><strong>ciam,</strong></span> <span class='ocrx_word' id='word_1_161' title='bbox 370 1967 734 2048; x_wconf 85' lang='lat' dir='ltr'><strong>Cataoniam,</strong></span> <span class='ocrx_word' id='word_1_162' title='bbox 780 1968 1103 2029; x_wconf 86' lang='lat' dir='ltr'><strong>Armeniam</strong></span> <span class='ocrx_word' id='word_1_163' title='bbox 1138 1980 1195 2030; x_wconf 87' lang='lat' dir='ltr'><strong>et</strong></span> <span class='ocrx_word' id='word_1_164' title='bbox 1226 1972 1489 2047; x_wconf 90' lang='lat' dir='ltr'><strong>quoniam</strong></span> <span class='ocrx_word' id='word_1_165' title='bbox 1531 1970 1921 2030; x_wconf 82' lang='lat' dir='ltr'><strong>ferocissimas</strong></span> <span class='ocrx_word' id='word_1_166' title='bbox 1951 1969 2146 2044; x_wconf 85' lang='lat' dir='ltr'><strong>gentis</strong></span> <span class='ocrx_word' id='word_1_167' title='bbox 2313 2011 2314 2052; x_wconf 29' lang='lat'>¹</span> 
     </span>
     <span class='ocr_line' id='line_1_23' title="bbox 162 2051 1311 2129; baseline -0.002 -15"><span class='ocrx_word' id='word_1_168' title='bbox 162 2054 507 2129; x_wconf 87' lang='lat' dir='ltr'><strong>domuisset,</strong></span> <span class='ocrx_word' id='word_1_169' title='bbox 540 2053 697 2111; x_wconf 89' lang='lat' dir='ltr'><strong>initio</strong></span> <span class='ocrx_word' id='word_1_170' title='bbox 728 2051 999 2112; x_wconf 88' lang='lat' dir='ltr'><strong>Dameam</strong></span> <span class='ocrx_word' id='word_1_171' title='bbox 1028 2057 1311 2115; x_wconf 85' lang='lat' dir='ltr'><strong>vocatam.</strong></span> 
     </span>
    </p>

    <p class='ocr_par' dir='ltr' id='par_1_6' title="bbox 77 2134 2222 2803">
     <span class='ocr_line' id='line_1_24' title="bbox 77 2134 2146 2217; baseline -0.003 -18"><span class='ocrx_word' id='word_1_172' title='bbox 77 2148 178 2214; x_wconf 72' lang='lat'><strong>128</strong></span> <span class='ocrx_word' id='word_1_173' title='bbox 345 2138 444 2198; x_wconf 86' lang='lat'><strong>31.</strong></span> <span class='ocrx_word' id='word_1_174' title='bbox 489 2136 655 2217; x_wconf 85' lang='lat'><strong>(34.)</strong></span> <span class='ocrx_word' id='word_1_175' title='bbox 698 2135 1012 2196; x_wconf 86' lang='lat' dir='ltr'><strong>Insularum</strong></span> <span class='ocrx_word' id='word_1_176' title='bbox 1042 2147 1174 2198; x_wconf 90' lang='lat' dir='ltr'><strong>ante</strong></span> <span class='ocrx_word' id='word_1_177' title='bbox 1205 2138 1399 2197; x_wconf 86' lang='lat' dir='ltr'><strong>Asiam</strong></span> <span class='ocrx_word' id='word_1_178' title='bbox 1433 2140 1609 2216; x_wconf 88' lang='lat' dir='ltr'><strong>prima</strong></span> <span class='ocrx_word' id='word_1_179' title='bbox 1640 2147 1728 2196; x_wconf 90' lang='lat' dir='ltr'><strong>est</strong></span> <span class='ocrx_word' id='word_1_180' title='bbox 1763 2140 1817 2197; x_wconf 92' lang='lat' dir='ltr'><strong>in</strong></span> <span class='ocrx_word' id='word_1_181' title='bbox 1851 2134 2146 2196; x_wconf 89' lang='lat' dir='ltr'><strong>Canobico</strong></span> 
     </span>
     <span class='ocr_line' id='line_1_25' title="bbox 161 2216 2140 2299; baseline -0.003 -18"><span class='ocrx_word' id='word_1_182' title='bbox 161 2223 310 2281; x_wconf 88' lang='lat' dir='ltr'><strong>ostio</strong></span> <span class='ocrx_word' id='word_1_183' title='bbox 339 2220 492 2296; x_wconf 89' lang='lat' dir='ltr'><strong>Nili,</strong></span> <span class='ocrx_word' id='word_1_184' title='bbox 535 2240 567 2280; x_wconf 94' lang='lat' dir='ltr'><strong>a</strong></span> <span class='ocrx_word' id='word_1_185' title='bbox 605 2216 843 2280; x_wconf 89' lang='lat' dir='ltr'><strong>Canobo</strong></span> <span class='ocrx_word' id='word_1_186' title='bbox 869 2220 1115 2281; x_wconf 86' lang='lat' dir='ltr'><strong>Menelai</strong></span> <span class='ocrx_word' id='word_1_187' title='bbox 1159 2222 1583 2299; x_wconf 86' lang='lat' dir='ltr'><strong>gubernatore,</strong></span> <span class='ocrx_word' id='word_1_188' title='bbox 1628 2231 1687 2281; x_wconf 88' lang='lat' dir='ltr'><strong>ut</strong></span> <span class='ocrx_word' id='word_1_189' title='bbox 1717 2221 1940 2296; x_wconf 78' lang='lat' dir='ltr'><strong>ferunt,</strong></span> <span class='ocrx_word' id='word_1_190' title='bbox 1971 2220 2140 2279; x_wconf 87' lang='lat' dir='ltr'><strong>dicta.</strong></span> 
     </span>
     <span class='ocr_line' id='line_1_26' title="bbox 160 2304 2220 2387; baseline -0.001 -21"><span class='ocrx_word' id='word_1_191' title='bbox 160 2306 342 2366; x_wconf 87' lang='lat' dir='ltr'><strong>altera</strong></span> <span class='ocrx_word' id='word_1_192' title='bbox 372 2306 561 2365; x_wconf 88' lang='lat' dir='ltr'><strong>iuncta</strong></span> <span class='ocrx_word' id='word_1_193' title='bbox 601 2313 776 2382; x_wconf 87' lang='lat' dir='ltr'><strong>ponte</strong></span> <span class='ocrx_word' id='word_1_194' title='bbox 807 2305 1226 2383; x_wconf 89' lang='lat' dir='ltr'><strong>Alexandriae,</strong></span> <span class='ocrx_word' id='word_1_195' title='bbox 1264 2307 1490 2367; x_wconf 89' lang='lat' dir='ltr'><strong>colonia</strong></span> <span class='ocrx_word' id='word_1_196' title='bbox 1524 2304 1806 2366; x_wconf 80' lang='lat' dir='ltr'><strong>Caesaris</strong></span> <span class='ocrx_word' id='word_1_197' title='bbox 1826 2304 2142 2387; x_wconf 81' lang='lat' dir='ltr'><strong>dictatoris,</strong></span> <span class='ocrx_word' id='word_1_198' title='bbox 2163 2324 2220 2364; x_wconf 77' lang='lat'><strong>25</strong></span> 
     </span>
     <span class='ocr_line' id='line_1_27' title="bbox 159 2389 2145 2467; baseline -0.002 -19"><span class='ocrx_word' id='word_1_199' title='bbox 159 2389 410 2464; x_wconf 77' lang='lat' dir='ltr'><strong>PharOS,</strong></span> <span class='ocrx_word' id='word_1_200' title='bbox 450 2389 733 2466; x_wconf 86' lang='lat' dir='ltr'><strong>quondam</strong></span> <span class='ocrx_word' id='word_1_201' title='bbox 764 2389 878 2449; x_wconf 88' lang='lat' dir='ltr'><strong>diei</strong></span> <span class='ocrx_word' id='word_1_202' title='bbox 908 2392 1273 2467; x_wconf 85' lang='lat' dir='ltr'><strong>navigatione</strong></span> <span class='ocrx_word' id='word_1_203' title='bbox 1304 2391 1517 2450; x_wconf 86' lang='lat' dir='ltr'><strong>distans</strong></span> <span class='ocrx_word' id='word_1_204' title='bbox 1548 2389 1619 2448; x_wconf 93' lang='lat' dir='ltr'><strong>ab</strong></span> <span class='ocrx_word' id='word_1_205' title='bbox 1655 2389 1961 2467; x_wconf 86' lang='lat' dir='ltr'><strong>Aegypto,</strong></span> <span class='ocrx_word' id='word_1_206' title='bbox 1998 2404 2145 2445; x_wconf 89' lang='lat' dir='ltr'><strong>nunc</strong></span> 
     </span>
     <span class='ocr_line' id='line_1_28' title="bbox 163 2473 2145 2550; baseline -0.001 -19"><span class='ocrx_word' id='word_1_207' title='bbox 163 2493 196 2532; x_wconf 89' lang='lat' dir='ltr'><strong>e</strong></span> <span class='ocrx_word' id='word_1_208' title='bbox 241 2474 382 2531; x_wconf 88' lang='lat' dir='ltr'><strong>turri</strong></span> <span class='ocrx_word' id='word_1_209' title='bbox 424 2473 717 2532; x_wconf 89' lang='lat' dir='ltr'><strong>nocturnis</strong></span> <span class='ocrx_word' id='word_1_210' title='bbox 762 2473 990 2550; x_wconf 84' lang='lat' dir='ltr'><strong>ignibus</strong></span> <span class='ocrx_word' id='word_1_211' title='bbox 1033 2491 1259 2533; x_wconf 88' lang='lat' dir='ltr'><strong>cursum</strong></span> <span class='ocrx_word' id='word_1_212' title='bbox 1304 2475 1525 2534; x_wconf 88' lang='lat' dir='ltr'><strong>navium</strong></span> <span class='ocrx_word' id='word_1_213' title='bbox 1575 2490 1810 2549; x_wconf 87' lang='lat' dir='ltr'><strong>regens.</strong></span> <span class='ocrx_word' id='word_1_214' title='bbox 1901 2488 2145 2547; x_wconf 87' lang='lat' dir='ltr'><strong>namque</strong></span> 
     </span>
     <span class='ocr_line' id='line_1_29' title="bbox 159 2555 2145 2628; baseline -0.001 -14"><span class='ocrx_word' id='word_1_215' title='bbox 159 2556 466 2615; x_wconf 86' lang='lat' dir='ltr'><strong>fallacibus</strong></span> <span class='ocrx_word' id='word_1_216' title='bbox 496 2557 658 2616; x_wconf 90' lang='lat' dir='ltr'><strong>vadis</strong></span> <span class='ocrx_word' id='word_1_217' title='bbox 688 2555 1038 2617; x_wconf 86' lang='lat' dir='ltr'><strong>Alexandria</strong></span> <span class='ocrx_word' id='word_1_218' title='bbox 1083 2558 1263 2617; x_wconf 87' lang='lat' dir='ltr'><strong>tribus</strong></span> <span class='ocrx_word' id='word_1_219' title='bbox 1300 2559 1527 2617; x_wconf 88' lang='lat' dir='ltr'><strong>omnino</strong></span> <span class='ocrx_word' id='word_1_220' title='bbox 1560 2557 1744 2616; x_wconf 87' lang='lat' dir='ltr'><strong>aditur</strong></span> <span class='ocrx_word' id='word_1_221' title='bbox 1774 2555 1954 2615; x_wconf 84' lang='lat' dir='ltr'><strong>alveis</strong></span> <span class='ocrx_word' id='word_1_222' title='bbox 1983 2555 2145 2628; x_wconf 90' lang='lat' dir='ltr'><strong>mari,</strong></span> 
     </span>
     <span class='ocr_line' id='line_1_30' title="bbox 163 2639 2145 2716; baseline -0.002 -17"><span class='ocrx_word' id='word_1_223' title='bbox 163 2641 439 2716; x_wconf 86' lang='lat' dir='ltr'><strong>Stegano,</strong></span> <span class='ocrx_word' id='word_1_224' title='bbox 476 2639 746 2715; x_wconf 86' lang='lat' dir='ltr'><strong>Posideo,</strong></span> <span class='ocrx_word' id='word_1_225' title='bbox 783 2640 991 2701; x_wconf 87' lang='lat' dir='ltr'><strong>Tauro.</strong></span> <span class='ocrx_word' id='word_1_226' title='bbox 1057 2643 1113 2701; x_wconf 90' lang='lat' dir='ltr'><strong>in</strong></span> <span class='ocrx_word' id='word_1_227' title='bbox 1141 2642 1451 2701; x_wconf 88' lang='lat' dir='ltr'><strong>Phoenicio</strong></span> <span class='ocrx_word' id='word_1_228' title='bbox 1490 2640 1696 2700; x_wconf 86' lang='lat' dir='ltr'><strong>deinde</strong></span> <span class='ocrx_word' id='word_1_229' title='bbox 1723 2640 1864 2698; x_wconf 89' lang='lat' dir='ltr'><strong>mari</strong></span> <span class='ocrx_word' id='word_1_230' title='bbox 1894 2648 1983 2698; x_wconf 90' lang='lat' dir='ltr'><strong>est</strong></span> <span class='ocrx_word' id='word_1_231' title='bbox 2014 2646 2145 2696; x_wconf 88' lang='lat' dir='ltr'><strong>ante</strong></span> 
     </span>
     <span class='ocr_line' id='line_1_31' title="bbox 161 2721 2222 2803; baseline 0 -20"><span class='ocrx_word' id='word_1_232' title='bbox 161 2723 344 2803; x_wconf 88' lang='lat' dir='ltr'><strong>Iopen</strong></span> <span class='ocrx_word' id='word_1_233' title='bbox 379 2723 573 2799; x_wconf 89' lang='lat' dir='ltr'><strong>Paria,</strong></span> <span class='ocrx_word' id='word_1_234' title='bbox 603 2731 724 2783; x_wconf 90' lang='lat' dir='ltr'><strong>tota</strong></span> <span class='ocrx_word' id='word_1_235' title='bbox 759 2725 1062 2802; x_wconf 88' lang='lat' dir='ltr'><strong>oppidum,</strong></span> <span class='ocrx_word' id='word_1_236' title='bbox 1112 2728 1169 2784; x_wconf 89' lang='lat' dir='ltr'><strong>in</strong></span> <span class='ocrx_word' id='word_1_237' title='bbox 1205 2744 1315 2803; x_wconf 87' lang='lat' dir='ltr'><strong>qua</strong></span> <span class='ocrx_word' id='word_1_238' title='bbox 1346 2725 1633 2785; x_wconf 88' lang='lat' dir='ltr'><strong>obiectam</strong></span> <span class='ocrx_word' id='word_1_239' title='bbox 1671 2723 1880 2783; x_wconf 87' lang='lat' dir='ltr'><strong>beluae</strong></span> <span class='ocrx_word' id='word_1_240' title='bbox 1920 2721 2143 2780; x_wconf 89' lang='lat' dir='ltr'><strong>Andro·</strong></span> <span class='ocrx_word' id='word_1_241' title='bbox 2164 2741 2222 2783; x_wconf 77' lang='lat' dir='ltr'><strong>ao</strong></span> 
     </span>
    </p>

    <p class='ocr_par' dir='ltr' id='par_1_7' title="bbox 99 2807 2236 3054">
     <span class='ocr_line' id='line_1_32' title="bbox 99 2807 2236 2886; baseline 0 -18"><span class='ocrx_word' id='word_1_242' title='bbox 99 2828 145 2860; x_wconf 67' lang='grc' dir='ltr'><strong>τε</strong></span> <span class='ocrx_word' id='word_1_243' title='bbox 166 2808 386 2868; x_wconf 90' lang='lat' dir='ltr'><strong>medam</strong></span> <span class='ocrx_word' id='word_1_244' title='bbox 417 2808 635 2881; x_wconf 85' lang='lat' dir='ltr'><strong>ferunt,</strong></span> <span class='ocrx_word' id='word_1_245' title='bbox 669 2816 727 2881; x_wconf 84' lang='lat' dir='ltr'><strong>et</strong></span> <span class='ocrx_word' id='word_1_246' title='bbox 761 2809 869 2867; x_wconf 90' lang='lat' dir='ltr'><strong>iam</strong></span> <span class='ocrx_word' id='word_1_247' title='bbox 899 2808 1050 2867; x_wconf 88' lang='lat' dir='ltr'><strong>dicta</strong></span> <span class='ocrx_word' id='word_1_248' title='bbox 1081 2808 1344 2884; x_wconf 89' lang='lat' dir='ltr'><strong>Arados,</strong></span> <span class='ocrx_word' id='word_1_249' title='bbox 1388 2810 1536 2869; x_wconf 88' lang='lat' dir='ltr'><strong>inter</strong></span> <span class='ocrx_word' id='word_1_250' title='bbox 1569 2825 1736 2886; x_wconf 81' lang='lat' dir='ltr'><strong>quam</strong></span> <span class='ocrx_word' id='word_1_251' title='bbox 1765 2815 1825 2865; x_wconf 90' lang='lat' dir='ltr'><strong>et</strong></span> <span class='ocrx_word' id='word_1_252' title='bbox 1854 2807 2145 2865; x_wconf 85' lang='lat' dir='ltr'><strong>continen·</strong></span> <span class='ocrx_word' id='word_1_253' title='bbox 2215 2861 2236 2878; x_wconf 83' lang='lat'><strong>.,</strong></span> 
     </span>
     <span class='ocr_line' id='line_1_33' title="bbox 163 2886 2144 2967; baseline -0.002 -17"><span class='ocrx_word' id='word_1_254' title='bbox 163 2902 278 2950; x_wconf 90' lang='lat' dir='ltr'><strong>tem</strong></span> <span class='ocrx_word' id='word_1_255' title='bbox 306 2892 348 2952; x_wconf 93' lang='lat' dir='ltr'><strong>L</strong></span> <span class='ocrx_word' id='word_1_256' title='bbox 379 2890 567 2952; x_wconf 90' lang='lat' dir='ltr'><strong>cubita</strong></span> <span class='ocrx_word' id='word_1_257' title='bbox 598 2891 716 2959; x_wconf 87' lang='lat' dir='ltr'><strong>alto</strong></span> <span class='ocrx_word' id='word_1_258' title='bbox 750 2893 920 2967; x_wconf 90' lang='lat' dir='ltr'><strong>mari,</strong></span> <span class='ocrx_word' id='word_1_259' title='bbox 952 2900 1012 2950; x_wconf 89' lang='lat' dir='ltr'><strong>ut</strong></span> <span class='ocrx_word' id='word_1_260' title='bbox 1043 2900 1244 2952; x_wconf 91' lang='lat' dir='ltr'><strong>auctor</strong></span> <span class='ocrx_word' id='word_1_261' title='bbox 1274 2902 1364 2952; x_wconf 85' lang='lat' dir='ltr'><strong>est</strong></span> <span class='ocrx_word' id='word_1_262' title='bbox 1392 2891 1721 2965; x_wconf 87' lang='lat' dir='ltr'><strong>Mucianus,</strong></span> <span class='ocrx_word' id='word_1_263' title='bbox 1769 2907 1802 2949; x_wconf 87' lang='lat' dir='ltr'><strong>e</strong></span> <span class='ocrx_word' id='word_1_264' title='bbox 1833 2889 1991 2948; x_wconf 81' lang='lat' dir='ltr'><strong>fonte</strong></span> <span class='ocrx_word' id='word_1_265' title='bbox 2024 2886 2144 2947; x_wconf 87' lang='lat' dir='ltr'><strong>dul-</strong></span> 
     </span>
     <span class='ocr_line' id='line_1_34' title="bbox 165 2972 1727 3054; baseline -0.001 -19"><span class='ocrx_word' id='word_1_266' title='bbox 165 2978 250 3035; x_wconf 89' lang='lat' dir='ltr'><strong>cis</strong></span> <span class='ocrx_word' id='word_1_267' title='bbox 279 2993 426 3054; x_wconf 84' lang='lat' dir='ltr'><strong>aqua</strong></span> <span class='ocrx_word' id='word_1_268' title='bbox 455 2972 593 3033; x_wconf 92' lang='lat' dir='ltr'><strong>tubo</strong></span> <span class='ocrx_word' id='word_1_269' title='bbox 630 2976 803 3034; x_wconf 88' lang='lat' dir='ltr'><strong>coriis</strong></span> <span class='ocrx_word' id='word_1_270' title='bbox 832 2974 982 3034; x_wconf 85' lang='lat' dir='ltr'><strong>facta</strong></span> <span class='ocrx_word' id='word_1_271' title='bbox 1015 2992 1199 3052; x_wconf 81' lang='lat' dir='ltr'><strong>usque</strong></span> <span class='ocrx_word' id='word_1_272' title='bbox 1231 2994 1263 3035; x_wconf 91' lang='lat' dir='ltr'><strong>a</strong></span> <span class='ocrx_word' id='word_1_273' title='bbox 1292 2977 1440 3037; x_wconf 92' lang='lat' dir='ltr'><strong>vado</strong></span> <span class='ocrx_word' id='word_1_274' title='bbox 1471 2976 1727 3036; x_wconf 86' lang='lat' dir='ltr'><strong>trahitur.</strong></span> 
     </span>
    </p>

    <p class='ocr_par' dir='ltr' id='par_1_8' title="bbox 82 3052 2226 3304">
     <span class='ocr_line' id='line_1_35' title="bbox 82 3052 2142 3138; baseline -0.003 -17"><span class='ocrx_word' id='word_1_275' title='bbox 82 3069 183 3121; x_wconf 81' lang='lat'><strong>129</strong></span> <span class='ocrx_word' id='word_1_276' title='bbox 354 3057 521 3138; x_wconf 88' lang='lat'><strong>(35.)</strong></span> <span class='ocrx_word' id='word_1_277' title='bbox 564 3057 953 3136; x_wconf 88' lang='lat' dir='ltr'><strong>Pamphylium</strong></span> <span class='ocrx_word' id='word_1_278' title='bbox 994 3077 1151 3119; x_wconf 87' lang='lat' dir='ltr'><strong>mare</strong></span> <span class='ocrx_word' id='word_1_279' title='bbox 1199 3058 1466 3136; x_wconf 86' lang='lat' dir='ltr'><strong>ignobilis</strong></span> <span class='ocrx_word' id='word_1_280' title='bbox 1499 3059 1711 3118; x_wconf 88' lang='lat' dir='ltr'><strong>insulas</strong></span> <span class='ocrx_word' id='word_1_281' title='bbox 1745 3056 1952 3130; x_wconf 88' lang='lat' dir='ltr'><strong>habet,</strong></span> <span class='ocrx_word' id='word_1_282' title='bbox 2006 3052 2142 3115; x_wconf 89' lang='lat' dir='ltr'><strong>Cili-</strong></span> 
     </span>
     <span class='ocr_line' id='line_1_36' title="bbox 169 3137 2226 3220; baseline -0.002 -19"><span class='ocrx_word' id='word_1_283' title='bbox 169 3143 315 3201; x_wconf 90' lang='lat' dir='ltr'><strong>cium</strong></span> <span class='ocrx_word' id='word_1_284' title='bbox 342 3160 421 3212; x_wconf 57' lang='lat' dir='ltr'><strong>,ex</strong></span> <span class='ocrx_word' id='word_1_285' title='bbox 454 3141 508 3199; x_wconf 92' lang='lat' dir='ltr'>V</span> <span class='ocrx_word' id='word_1_286' title='bbox 542 3144 816 3202; x_wconf 87' lang='lat' dir='ltr'><strong>maxumis</strong></span> <span class='ocrx_word' id='word_1_287' title='bbox 853 3140 1103 3220; x_wconf 87' lang='lat' dir='ltr'><strong>Cyprum</strong></span> <span class='ocrx_word' id='word_1_288' title='bbox 1145 3144 1216 3203; x_wconf 90' lang='lat' dir='ltr'><strong>ad</strong></span> <span class='ocrx_word' id='word_1_289' title='bbox 1254 3152 1437 3202; x_wconf 88' lang='lat' dir='ltr'><strong>ortum</strong></span> <span class='ocrx_word' id='word_1_290' title='bbox 1480 3159 1866 3220; x_wconf 84' lang='lat' dir='ltr'><strong>occasumque</strong></span> <span class='ocrx_word' id='word_1_291' title='bbox 1903 3137 2142 3199; x_wconf 89' lang='lat' dir='ltr'><strong>Ciliciae</strong></span> <span class='ocrx_word' id='word_1_292' title='bbox 2163 3148 2226 3191; x_wconf 69' lang='lat'><strong>⁸³</strong></span> 
     </span>
     <span class='ocr_line' id='line_1_37' title="bbox 167 3222 2146 3304; baseline -0.003 -20"><span class='ocrx_word' id='word_1_293' title='bbox 167 3242 236 3284; x_wconf 90' lang='lat' dir='ltr'><strong>ac</strong></span> <span class='ocrx_word' id='word_1_294' title='bbox 268 3224 470 3299; x_wconf 85' lang='lat' dir='ltr'><strong>Syriae</strong></span> <span class='ocrx_word' id='word_1_295' title='bbox 510 3225 828 3300; x_wconf 90' lang='lat' dir='ltr'><strong>obiectam,</strong></span> <span class='ocrx_word' id='word_1_296' title='bbox 863 3226 1144 3304; x_wconf 88' lang='lat' dir='ltr'><strong>quondam</strong></span> <span class='ocrx_word' id='word_1_297' title='bbox 1174 3225 1337 3286; x_wconf 90' lang='lat' dir='ltr'>VIIII</span> <span class='ocrx_word' id='word_1_298' title='bbox 1365 3243 1672 3302; x_wconf 83' lang='lat' dir='ltr'><strong>regnorum</strong></span> <span class='ocrx_word' id='word_1_299' title='bbox 1701 3225 1916 3284; x_wconf 86' lang='lat' dir='ltr'><strong>sedem.</strong></span> <span class='ocrx_word' id='word_1_300' title='bbox 1979 3222 2146 3281; x_wconf 87' lang='lat' dir='ltr'><strong>huius</strong></span> 
     </span>
    </p>

    <p class='ocr_par' dir='ltr' id='par_1_9' title="bbox 72 3306 2152 3473">
     <span class='ocr_line' id='line_1_38' title="bbox 72 3306 2148 3388; baseline 0 -26"><span class='ocrx_word' id='word_1_301' title='bbox 72 3347 82 3362; x_wconf 87' lang='lat'><strong>.</strong></span> <span class='ocrx_word' id='word_1_302' title='bbox 171 3308 462 3366; x_wconf 86' lang='lat' dir='ltr'><strong>circuitum</strong></span> <span class='ocrx_word' id='word_1_303' title='bbox 498 3308 896 3368; x_wconf 88' lang='lat' dir='ltr'><strong>Timosthenes</strong></span> <span class='ocrx_word' id='word_1_304' title='bbox 930 3306 1349 3384; x_wconf 85' lang='lat' dir='ltr'><strong>CCCCXXVII</strong></span> <span class='ocrx_word' id='word_1_305' title='bbox 1389 3308 1446 3369; x_wconf 88' lang='lat' dir='ltr'><strong>M</strong></span> <span class='ocrx_word' id='word_1_306' title='bbox 1477 3309 1529 3370; x_wconf 83' lang='lat' dir='ltr'>D</span> <span class='ocrx_word' id='word_1_307' title='bbox 1561 3308 1842 3388; x_wconf 90' lang='lat' dir='ltr'><strong>prodidit,</strong></span> <span class='ocrx_word' id='word_1_308' title='bbox 1891 3306 2148 3366; x_wconf 88' lang='lat' dir='ltr'><strong>Isidorus</strong></span> 
     </span>
     <span class='ocr_line' id='line_1_39' title="bbox 175 3387 2152 3473; baseline -0.001 -23"><span class='ocrx_word' id='word_1_309' title='bbox 175 3387 528 3450; x_wconf 88' lang='lat' dir='ltr'><strong>CCCLXXV</strong></span> <span class='ocrx_word' id='word_1_310' title='bbox 560 3389 636 3450; x_wconf 88' lang='lat' dir='ltr'><strong>M.</strong></span> <span class='ocrx_word' id='word_1_311' title='bbox 708 3391 1115 3470; x_wconf 83' lang='lat' dir='ltr'><strong>longitudinem</strong></span> <span class='ocrx_word' id='word_1_312' title='bbox 1158 3391 1306 3453; x_wconf 87' lang='lat' dir='ltr'><strong>inter</strong></span> <span class='ocrx_word' id='word_1_313' title='bbox 1351 3392 1463 3453; x_wconf 91' lang='lat' dir='ltr'><strong>duo</strong></span> <span class='ocrx_word' id='word_1_314' title='bbox 1502 3392 1922 3473; x_wconf 82' lang='lat' dir='ltr'><strong>promontoria,</strong></span> <span class='ocrx_word' id='word_1_315' title='bbox 1968 3388 2152 3448; x_wconf 85' lang='lat' dir='ltr'><strong>Dinas</strong></span> 
     </span>
    </p>
   </div>
  </div>
 </body>
</html>
