2320 3650
522 101 682 148 NAT.
728 101 909 148 ms‘r.
957 102 1131 148 vl111.
1183 89 1785 170 100-15„(12—18.)
1998 81 2004 91 '
2085 94 2166 157 93

150 255 294 316 dum
326 262 583 333 serpunt.
646 253 823 332 pellis
876 271 1075 314 eorum
1118 256 1289 314 etiam
1331 256 1621 320 detractas
1666 260 1901 336 corpori
1936 278 2168 321 sensum

151 357 478 418 aequorum
507 340 759 397 retinere
791 339 1018 397 tradunt
1061 356 1411 415 semperque
1460 349 1623 398 aestu
1646 344 1819 400 maris
1851 345 2168 405 recedente

152 423 609 492 Inhorrescere,
646 426 955 500 praeterea
1003 423 1247 482 dextrae
1278 424 1485 500 pinnae
1529 426 1643 484 vim
1670 426 2057 503 soporiferam
2085 430 2166 488 in-

155 525 299 568 esse
331 522 685 584 somnosque
726 506 981 565 adlicere
1014 506 1296 565 subditam
1329 508 1521 585 capiti.

102 610 132 650 s
270 592 389 649 14.
438 590 564 651 Pilo
595 592 907 649 carentium
938 590 1050 649 duo
1084 592 1313 649 omnino
1349 591 1557 651 animal
1579 561 1826 671 pariunt,
1854 593 2158 672 delphinus
2181 604 2252 657 43

153 693 230 735 ac
264 676 491 752 vipera.
562 674 729 751 (16.)
768 673 1014 732 Piscium
1056 676 1293 751 species
1331 685 1460 734 sunt
1503 678 1867 754 septuaginta
1900 687 2168 754 quattuor

152 769 396 838 praeter
432 759 639 817 crustis
680 759 893 816 intecta
928 775 1074 835 quae
1119 768 1252 817 sunt
1292 760 1541 835 triginta.
1608 760 1683 820 de
1728 760 1970 837 singulis
2025 762 2166 821 alias
2191 803 2249 842 ,2

154 843 437 903 dicemus.
479 860 628 901 nunc
664 842 811 900 enim
846 850 1082 901 naturae
1118 851 1432 903 tractantur
1466 845 1785 942 insignium.
2172 846 2238 877 ¹⁴²

292 927 387 985 15.
435 926 601 1004 (17)
648 925 970 1003 Praecipua
1011 927 1396 1002 magnitudine
1448 928 1665 1003 thynni.
1733 929 2052 988 invenimus
2089 938 2168 989 ta-
2183 943 2251 991 44

82 1031 138 1071 10
157 1012 314 1072 lenta
377 1010 703 1087 quindecim
765 1009 1155 1087 pependisse,
1215 1012 1473 1071 eiusdem
1531 1012 1751 1072 caudae
1812 1012 2166 1072 latitudinem

159 1097 415 1173 quinque
471 1093 662 1153 cubita
694 1102 754 1152 et
787 1093 1054 1170 palmum.
1119 1092 1288 1153 Fiunt
1332 1105 1392 1154 et
1437 1097 1494 1154 in
1525 1095 1860 1174 quibusdam
1907 1097 2167 1156 amnibus

160 1180 299 1239 haut
340 1178 615 1251 minores,
652 1177 863 1237 silurus
895 1177 955 1235 in
986 1176 1143 1251 Nilo,
1180 1180 1313 1238 isox
1344 1180 1400 1238 in
1431 1178 1658 1257 Rheno,
1695 1181 1890 1241 attilus
1920 1182 1978 1240 iu
2008 1180 2164 1241 Pado

157 1264 366 1323 inertia
400 1263 790 1339 pinguescens
814 1261 886 1321 ad
916 1261 1072 1320 mille
1095 1259 1401 1338 aliquando
1434 1262 1633 1340 libras,
1662 1273 1926 1326 catenato
1960 1275 2165 1343 captus

157 1345 329 1407 hamo
379 1364 491 1405 nec
534 1346 642 1404 nisi
685 1344 859 1404 boum
911 1346 1060 1422 iugis
1101 1354 1417 1405 extractus.
1482 1355 1655 1424 atque
1696 1348 1847 1408 hunc
1887 1349 2163 1408 minumus

87 1447 140 1490 15
161 1430 340 1510 piscis
373 1429 699 1508 appellatus
733 1428 939 1506 clupea
970 1448 1175 1489 venam
1206 1431 1487 1508 quandam
1513 1431 1637 1489 eius
1663 1432 1720 1489 in
1741 1431 2003 1490 faucibus
2026 1434 2166 1492 mira

162 1515 434 1593 cupidine
476 1514 759 1592 adpetens
803 1529 999 1572 morsu
1059 1516 1365 1577 exanimat.
1430 1515 1655 1574 Silurus
1701 1524 1999 1591 grassatur
2043 1516 2162 1574 ubi·
2182 1524 2250 1579 45

164 1613 407 1676 cumque
439 1608 532 1656 est
553 1614 723 1656 omne
746 1597 1281 1675 animaladpetens,
1309 1615 1494 1677 equos
1518 1599 1818 1658 innatantis
1851 1617 2031 1677 saepe
2063 1599 2163 1659 de·

161 1699 449 1759 mergens.
496 1682 815 1759 praecipue
847 1682 905 1739 in
930 1680 1140 1742 Moeno
1171 1681 1510 1748 Germaniae
1534 1700 1699 1750 amne
1727 1683 1970 1761 protelis
1994 1683 2167 1743 boum

164 1768 311 1828 etin
353 1765 615 1825 Danuvio
651 1766 852 1825 marris
904 1766 1221 1827 extrahitur
1265 1767 1519 1845 ,porculo
1562 1769 1794 1835 marino*
1827 1768 2164 1843 simillimus,

88 1872 143 1914 πο
165 1860 225 1913 et
253 1853 311 1909 in
344 1849 705 1925 Borysthene
739 1860 1086 1911 memoratur
1116 1853 1430 1930 praecipua
1461 1852 1789 1928 magnitudo
1819 1851 1988 1921 nullis
2020 1853 2165 1923 ossi-

163 1937 272 1995 bus
301 1935 558 2012 spinisve
591 1935 885 2009 intersitis,
921 1953 1094 1995 carne
1125 1936 1447 2013 praedulci.
1493 1934 1558 1995 In
1591 1934 1787 2013 Gange
1811 1935 2007 1996 Indiae
2037 1934 2158 2014 pla·
2183 1946 2251 1999 46

161 2020 399 2079 tanistas
442 2027 654 2078 vocant
677 2027 875 2077 'rostro
909 2019 1167 2097 delphini
1198 2029 1258 2079 et
1289 2020 1503 2095 cauda,
1545 2021 1928 2098 magnitudine
1976 2030 2167 2079 autem

161 2117 284 2163 XVI
317 2102 655 2161 cubitorum.
717 2103 774 2161 in
815 2103 1021 2162 eodem
1055 2121 1191 2162 esse
1234 2105 1446 2163 Statius
1481 2103 1740 2164 Sebosus
1772 2105 1906 2165 haut
1937 2104 2164 2163 modico

163 2186 441 2246 miraculo
475 2186 664 2246 adfert
708 2188 921 2245 vermis
951 2186 1240 2246 branchiis
1287 2187 1435 2247 binis
1461 2200 1555 2247 Lx
1587 2188 1925 2262 cubitorum,
1966 2205 2165 2246 caeru-

90 2271 315 2345 251808,
341 2272 437 2349 qui
462 2287 671 2329 nomen
694 2288 727 2330 a
750 2270 1250 2337 facies-traxerunt.
1283 2270 1371 2332 his
1403 2279 1589 2330 tantas
1614 2289 1747 2331 esse
1782 2272 1922 2329 viris
1954 2280 2011 2330 ut
2045 2271 2164 2330 ele-

162 2356 410 2433 phantos
442 2354 515 2414 ad
548 2363 722 2432 potus
764 2355 1048 2414 venientis
1094 2355 1384 2414 mordicus
1433 2355 1836 2432 conprehensa
1867 2373 2034 2415 manu
2066 2372 2163 2414 eo-

163 2457 286 2498 rum
320 2438 671 2498 abstrahant.

58 2506 71 2523 ’
292 2520 459 2601 (18.)
506 2521 725 2596 Thynni
762 2531 953 2581 mares
1000 2520 1106 2580 sub
1148 2530 1357 2580 ventre
1399 2539 1512 2582 non
1554 2522 1766 2582 habeut
1796 2524 2041 2601 pinnam.
2080 2523 2160 2582 in·
2183 2529 2250 2585 47
2306 2500 2308 2547 ¹

165 2615 315 2666 trant
358 2624 390 2664 e
437 2623 647 2682 magno
688 2606 828 2665 mari
872 2605 1109 2665 Pontum
1154 2623 1336 2665 verno
1374 2615 1638 2684 tempore
1679 2609 1993 2683 gregatim,
2059 2612 2202 2664 nec
2303 2580 2306 2669 l

95 2708 147 2748 30
167 2689 305 2749 alibi
333 2689 633 2749 fetificant.
706 2689 944 2763 cordyla
975 2689 1304 2768 appellatur
1335 2698 1530 2768 partus
1562 2691 1657 2768 qui
1694 2690 1843 2750 setas
1873 2690 2168 2751 redeuntis
2299 2688 2305 2763 1

165 2777 222 2832 in
252 2790 408 2833 mare
453 2783 717 2834 autumno
763 2775 1099 2849 comitatur,
1158 2774 1398 2834 limosae
1442 2792 1586 2833 vere
1633 2783 1729 2833 aut
1772 2793 1805 2832 e
1845 2774 1964 2837 luto
2007 2774 2166 2851 pela-

166 2856 366 2931 mydes
407 2859 681 2936 incipiunt
710 2858 907 2917 vocari
954 2866 1046 2931 et,
1106 2876 1234 2917 cum
1267 2874 1508 2918 annuum
1564 2876 1883 2919 excessere
1918 2868 2166 2935 tempus,

166 2942 380 3015 thynni.
428 2941 497 2999 Hi
527 2942 884 3002 membratim
911 2942 1067 3000 caesi
1094 2943 1328 3001 cervice
1359 2951 1417 3001 et
1440 2941 2255 3005 abdominecommendan-ss

166 3034 256 3085 tur
286 3033 459 3104 atque
494 3026 690 3101 clidio,
722 3028 944 3085 recenti
974 3025 1286 3102 dumtaxat,
1314 3035 1373 3085 et
1395 3035 1510 3085 tum
1534 3043 1768 3104 quoque
1790 3026 1955 3102 gravi
1982 3034 2165 3086 ructu.

86 3124 153 3172 ‘ss
169 3117 372 3169 cetera·
399 3118 563 3187 parte
595 3110 784 3188 plenis
818 3109 1201 3188 pulpamentis
1233 3109 1356 3169 sale
1388 3110 1781 3170 adservantur.
1834 3108 2168 3184 melandrya

165 3202 447 3253 vocantur
471 3210 721 3271 quercus
745 3194 954 3254 assulis
977 3193 1203 3252 similia.
1247 3193 1524 3255 vilissima
1548 3212 1623 3252 ex
1652 3193 1741 3255 his
1774 3211 1922 3272 quae
1951 3193 2169 3255 caudae

169 3295 472 3355 proxuma,
512 3279 640 3355 quia
671 3279 868 3356 pingui
901 3287 1119 3352 carent,
1154 3276 1556 3355 probatissima
1597 3296 1747 3356 quae
1776 3278 2059 3338 faucibus.
2114 3286 2171 3339 at

165 3364 222 3419 in
272 3362 389 3421 alio
438 3364 601 3438 pisce
658 3363 814 3422 circa
866 3362 1100 3423 caudam
1163 3363 1658 3422 exercitatissima.
1735 3362 2075 3442 pelamydes
2117 3362 2175 3419 in
