2320 3650
169 101 252 163 80
735 157 745 170 ,
865 112 923 163 c.
957 115 1151 163 emm
1182 115 1481 163 succum

171 282 297 333 rent
341 289 451 331 nec
494 271 1020 348 reciprocationem
1070 269 1368 346 longitudo
1418 272 1476 329 in
1524 269 1781 331 exilitate
1816 290 2027 349 caeca,
2073 281 2186 334 tor·

171 366 338 417 rente
368 354 571 434 rapido
586 356 887 415 minaciter
906 352 1347 429 subterfluente,
1366 353 1608 414 alteram
1625 354 1987 416 decubuisse
2013 367 2185 437 atque

83 445 279 504 202ita
315 440 556 500 alteram
592 438 970 517 proculcatae
1005 455 1469 516 supergressam.
1519 436 1695 498 Maris
1722 457 1890 517 quam
1913 460 2184 501 maxume

174 527 383 598 simos,
420 523 611 600 longis
654 522 886 583 auribus
928 521 1338 600 infractisque,
1391 524 1561 581 armis
1594 524 2185 604 quamyillosissimis
2235 561 2239 566 v

170 609 433 688 probant.
511 609 847 668 feminarum
888 607 1299 683 generositatis
1356 607 1578 683 insigne
1624 605 1869 666 laciniae
1917 613 2220 688 corpori-⁵
2311 647 2312 692 3

168 691 276 752 bus
311 712 345 754 a
375 694 608 752 cervice
642 690 813 750 binae
845 690 1265 769 dependentes.
1331 688 1461 749 Non
1502 689 1764 750 omnibus
1802 709 2047 767 cornua,
2082 692 2183 753 sed
2311 703 2312 706 ’

90 780 107 808 ‘·
168 777 377 856 quibus
407 786 559 852 sunt,
607 776 781 835 iubis
815 783 872 835 et
904 775 1111 834 indicia
1152 791 1435 834 annorum
1460 792 1567 852 per
1606 777 1966 836 incrementa
1997 779 2181 838 nodo<

142 881 308 921 mum.
366 860 575 919 mutilis
612 859 778 921 lactis
809 860 991 918 maior
1023 857 1280 917 ubertas.
1341 857 1576 918 auribus
1624 877 1723 918 eas
1772 862 2027 938 spirare,
2072 880 2183 922 non

167 944 430 1018 naribus,
494 961 608 1002 nec
648 961 912 1021 umquam
962 941 1112 1002 febri
1174 960 1377 1002 carere
1419 941 1745 1003 Archelaus
1798 955 2006 1004 auctor
2072 956 2178 1006 est.

168 1030 302 1089 ideo
340 1028 609 1087 fortassis
643 1028 826 1086 anima
862 1027 949 1085 his
984 1043 1151 1103 quam
1184 1026 1390 1085 ovibus
1422 1026 1716 1086 ardentior
1747 1028 2180 1109 calidioresque
2197 1045 2229 1086 ιο

80 1111 564 1176 20300ncubitus.
626 1110 879 1170 Tradunt
921 1119 979 1169 et
1017 1119 1191 1170 noctu
1224 1128 1337 1169 non
1382 1113 1566 1170 minus
1608 1129 1856 1171 cernere
1901 1131 2078 1191 quarn
2100 1117 2179 1175 in-

167 1197 374 1256 terdiu.
422 1195 579 1270 ideo,
602 1196 651 1253 si
674 1196 1150 1274 caprinum,iecur
1178 1204 1508 1268 vescantur,
1531 1197 1754 1255 restitui
1785 1200 2181 1275 vespertinam

166 1282 352 1340 aciem
383 1280 470 1339 his
504 1297 650 1357 quos
680 1279 1025 1363 nyctalopas
1056 1288 1287 1338 vocant.
1351 1280 1407 1337 in
1442 1277 1644 1338 Cilicia
1678 1281 1952 1359 circaque
1990 1283 2180 1357 Syrtis

165 1364 307 1424 villo
355 1364 549 1425 tonsili
592 1364 932 1423 vestiuntur.
997 1380 1206 1441 capras
1254 1365 1310 1421 in
1372 1380 1647 1423 occasum
1692 1364 1905 1424 declivi
1949 1366 2084 1426 sole
2127 1367 2180 1426 in

166 1451 398 1530 pascuis
442 1458 655 1526 negant
701 1449 963 1508 contueri
1005 1448 1154 1506 inter
1197 1465 1331 1506 sese
1364 1447 1471 1507 sed
1510 1465 1747 1508 aversas
1779 1450 2003 1525 iacere,
2044 1451 2230 1510 reli-¹⁵

169 1536 295 1611 quis
339 1543 527 1593 autem
572 1532 732 1592 horis
779 1533 1056 1592 adversas
1109 1540 1167 1590 et
1217 1533 1366 1591 inter
1396 1534 1798 1609 cognationes.
1865 1531 2182 1610 Dependet

80 1620 445 1681 2040mnium
477 1627 668 1676 mento
699 1616 871 1682 villus,
900 1635 1070 1694 quem
1099 1632 1371 1675 aruncum
1400 1625 1630 1676 vocant.
1693 1615 1807 1676 hoc
1839 1618 1889 1675 si
1922 1619 2056 1694 quis
2086 1620 2177 1679 ad÷

167 1703 517 1780 prehensam
550 1719 624 1759 ex
647 1719 833 1777 grege
862 1718 1028 1760 unam
1051 1698 1258 1773 trahat,
1291 1709 1543 1759 ceterae
1558 1709 1864 1778 stupentes
1883 1711 2176 1778 spectant.

164 1785 222 1846 id
255 1787 423 1845 etiam
457 1786 714 1859 evenire,
752 1801 877 1844 cum
907 1783 1187 1862 quandam
1220 1783 1458 1843 herbam
1489 1783 1680 1863 aliqua
1714 1802 1788 1844 ex
1819 1784 1904 1844 eis
1928 1801 2174 1847 momor-

136 1870 333 1929 1derit.
410 1867 637 1928 Morsus
671 1886 865 1928 earum
902 1868 1094 1942 arbori
1126 1867 1397 1928 exitialis.
1452 1869 1662 1928 olivam
1692 1867 2002 1929 lambendo
2037 1883 2230 1949 quo-²0

170 1971 281 2032 que
307 1953 567 2012 sterilem
583 1953 818 2027 faciunt,
841 1969 1028 2030 eaque
1053 1971 1128 2011 ex
1153 1970 1327 2011 causa
1351 1951 1646 2011 Minervae
1669 1969 1783 2011 non
1805 1953 2175 2015 inmolantur.

81 2047 186 2099 205
325 2038 424 2097 51.
461 2038 627 2116 (77.)
676 2036 840 2096 Suilli
880 2038 1112 2113 pecoris
1156 2036 1473 2095 admissura
1514 2055 1546 2095 a
1599 2036 1831 2096 favonio
1876 2037 1950 2097 ad
1980 2042 2211 2118 aequi-¹

166 2123 416 2181 noctium
457 2139 726 2196 vernum,
784 2129 943 2180 aetas
996 2129 1213 2180 octavo
1244 2118 1474 2196 mense,
1525 2119 1866 2198 quibusdam
1914 2121 1974 2180 in
2032 2122 2180 2183 locis

167 2208 337 2265 etiam
390 2214 632 2285 quarto,
682 2222 867 2283 usque
912 2204 983 2263 ad
1026 2215 1294 2264 octavom
1338 2223 1561 2264 annum.
1625 2213 1821 2282 partus
1864 2204 1958 2264 bis
2005 2222 2177 2280 anno,

165 2301 393 2368 tempus
440 2299 607 2349 utero
655 2298 921 2367 quattuor
960 2289 1274 2363 mensum,⁸
1311 2306 1579 2348 numerus
1621 2288 1961 2348 fecunditati
1993 2289 2068 2348 ad
2099 2292 2234 2349 vi-zs

168 2390 380 2447 cenos,
436 2373 540 2433 sed
591 2374 845 2433 educare
911 2381 1204 2450 nequeunt
1245 2382 1358 2431 tam
1407 2373 1639 2432 multos.
1707 2371 1913 2432 diebus
1971 2372 2180 2434 decem

169 2458 324 2516 circa
367 2455 621 2516 brumam
667 2456 854 2516 statim
898 2455 1165 2516 dentatos
1200 2457 1360 2515 nasci
1388 2455 1650 2533 Nigidius
1692 2457 1883 2516 tradit.
1949 2458 2177 2535 inplen-

165 2550 257 2619 tur
274 2557 390 2599 uno
422 2543 596 2616 coitu,
634 2543 730 2618 q'ui
763 2551 820 2600 et
849 2542 1172 2618 geminatur
1203 2548 1446 2618 propter
1480 2539 1814 2600 facilitatem
1844 2538 2175 2602 aboriendi.

165 2625 516 2698 remedium,
577 2643 653 2683 ne
692 2627 873 2703 prima
918 2623 1221 2684 subatione
1265 2643 1454 2702 neque
1511 2618 1644 2683 ante
1694 2624 1970 2685 flaccidas
2018 2625 2178 2685 auris

81 2711 382 2773 20600itus
432 2709 548 2768 flat.
615 2727 805 2768 mares
860 2725 975 2767 non
1030 2708 1176 2768 ultra
1220 2710 1502 2769 trimatum
1554 2718 1853 2784 generant.
1922 2708 2240 2769 feminae„
2310 2680 2313 2865 A

168 2801 471 2854 senectute
517 2793 712 2852 fessae
764 2792 1043 2855 cubantes
1105 2802 1335 2852 coeunt.
1408 2810 1676 2852 comesse
1720 2792 1874 2852 fetus
1917 2791 2011 2852 his
2064 2810 2178 2852 non

167 2887 256 2936 est
291 2878 633 2956 prodigium.
689 2878 807 2937 suis
837 2877 989 2936 fetus
1026 2876 1317 2936 sacrificio
1348 2877 1444 2936 die
1474 2879 1670 2955 quinto
1707 2893 1885 2954 purus
1915 2885 2032 2951 est,
2077 2894 2174 2955 pe·

168 2964 321 3021 coris
354 2962 446 3021 die
499 2971 797 3040 septumo,
835 2960 1002 3019 bovis
1034 2962 1349 3020 tricesimO.
1423 2959 1817 3020 Coruncanius
1877 2961 2174 3021 ruminalis

165 3044 384 3105 hostias
429 3045 616 3104 donec
668 3044 931 3104 bidentes
983 3045 1189 3105 fierent
1242 3062 1414 3123 puras
1463 3045 1713 3122 negavit.
1794 3046 1943 3103 Sues
1998 3046 2174 3105 oculo

168 3129 380 3185 amisso
429 3138 630 3205 putant
671 3131 785 3188 cito
835 3130 1154 3206 exstingui,
1190 3129 1405 3207 alioqui
1446 3131 1562 3187 vita
1603 3127 1671 3187 ad
1719 3128 2049 3206 quindecim
2080 3143 2238 3188 arr-³⁵

168 3225 306 3282 nos,
355 3211 689 3287 quibusdam
732 3221 791 3271 et
839 3216 1099 3273 vicenos,
1165 3231 1365 3272 verum
1395 3212 1741 3285 efferantur,
1787 3222 1845 3271 et
1892 3213 2037 3271 alias
2072 3213 2173 3272 ob·
2311 3230 2312 3285 γ

84 3298 186 3353 207
202 3293 436 3349 noxium
470 3311 653 3369 genus
699 3295 948 3371 morbis,
991 3298 1233 3372 anginae
1267 3313 1527 3354 maxume
1561 3305 1618 3354 et
1658 3304 1927 3354 strumae.
1998 3297 2176 3357 index

173 3374 290 3431 suis
332 3374 615 3436 invalidae
659 3396 831 3437 cruor
876 3382 934 3437 in
976 3379 1173 3439 radice
1219 3387 1416 3439 saetae
1463 3379 1643 3438 dorso
1675 3378 1950 3454 evolsae,
2000 3388 2175 3458 caput
