2320 3650
589 139 751 185 NAT.
780 138 959 184 Hrs'r.
989 138 1169 185 x1111.
1200 136 1407 191 8—12.
1444 127 1751 212 (lo—14.)
2062 131 2185 193 267

172 304 237 355 et
265 296 323 353 in
355 311 421 352 ea
450 302 713 367 maxume
742 290 1036 353 Vocontii.
1093 294 1436 355 adservatur
1468 297 1591 355 eius
1622 292 1804 374 gratia
1836 316 1946 357 uva
1977 298 2185 358 diutius

169 381 232 439 in
262 380 377 436 vite
408 376 682 455 pediculo
716 377 948 437 intorto.
1015 379 1087 438 ab
1119 379 1247 438 aliis
1278 380 1407 458 ipse
1433 380 1657 459 palmes
1686 382 1952 442 inciditur
1982 383 2040 440 in
2066 401 2181 442 me·
2200 395 2271 449 84

166 462 419 536 dullum,
453 461 525 521 ab
556 461 682 521 aliis
715 474 827 543 uva
858 471 1112 522 torretur
1143 466 1199 522 in
1224 463 1469 541 teguliS,
1505 466 1692 525 omnia
1724 484 1798 525 ex
1825 466 2183 529 helvennaca

171 549 310 611 vite.
377 542 465 609 his
507 545 759 605 adiciunt
796 545 972 625 aliqui
1006 548 1162 625 quod
1205 556 1417 607 vocant
1455 548 1767 624 diachyton
1798 553 1922 608 uvis
1953 552 2008 609 in
2052 550 2182 611 sole

121 631 404 692 ssiccatis
436 629 572 688 loco
608 629 775 689 cluso
817 648 925 708 per
966 630 1090 690 dies
1124 641 1351 710 septem
1386 633 1443 690 in
1475 634 1765 709 cratibus⁹
1809 634 2045 695 totidem
2078 654 2179 712 pe-

166 715 277 775 des
306 731 337 773 a
368 723 525 773 terra
561 712 710 790 alte,
745 710 1015 774 noctibus
1044 733 1076 775 a
1107 734 1243 775 rore
1280 716 1572 793 defensi5‚
1617 725 1828 778 octavo
1862 719 1955 777 die
1991 719 2179 778 calca-

162 801 262 860 tis'.
315 799 388 858 ita
422 798 548 857 fieri
579 799 796 889 optumi
834 799 1033 859 odoris
1061 801 1425 879 saporisque.
1479 800 1527 860 E
1561 801 1715 884 dulci
1746 820 1968 879 genere
2001 811 2091 862 est
2118 811 2175 862 et
2196 816 2267 869 85

163 883 460 942 melitites,
536 878 714 943 di‘stat‘
747 900 778 942 a
829 883 1049 960 mulso,
1098 885 1253 963 quod
1304 886 1365 944 fit
1416 904 1449 944 e
1498 895 1685 944 musto
1739 905 1867 946 cum
1927 888 2177 965 quinque

165 968 395 1043 congiis
438 968 652 1026 austeri
695 969 864 1027 musti
894 970 1105 1046 congio
1134 969 1324 1029 mellis
1368 978 1427 1028 et
1468 970 1606 1030 salis
1640 970 1849 1044 cyatho
1880 969 2179 1030 subferve-

85 1071 140 1112 ιο
165 1053 371 1125 factis,
414 1061 724 1110 austerum.
801 1051 907 1111 sed
948 1054 1096 1115 inter
1132 1054 1282 1113 haec
1310 1072 1531 1131 genera
1576 1055 1712 1132 poni
1744 1054 1919 1114 debet
1955 1064 2013 1113 et
2043 1072 2176 1133 pro·

160 1147 416 1213 tropum.
471 1137 549 1195 ita
595 1135 925 1213 appellatur
959 1156 989 1196 a
1016 1136 1632 1216 quibusdammustum
1669 1147 1877 1216 sponte
1916 1138 2177 1198 defluens

161 1229 473 1298 antequam
511 1219 812 1279 calcentur
851 1239 1017 1280 uvae.
1079 1221 1193 1280 hoc
1235 1225 1496 1299 protinus
1547 1221 1810 1285 diffusum
1853 1225 1909 1281 in
1953 1223 2178 1300 lagonis

160 1305 288 1364 suis
322 1302 633 1363 defervere
667 1302 856 1382 passi,
897 1315 1106 1384 postea
1148 1307 1205 1364 in
1236 1307 1367 1366 sole
1400 1306 1776 1384 quadraginta
1812 1307 2016 1366 diebus
2060 1317 2174 1367 tor·

159 1396 297 1448 rent
327 1389 566 1447 aestatis
597 1396 838 1448 secutae
871 1390 1003 1467 ipso
1039 1390 1197 1449 canis
1232 1400 1378 1449 ortu.

81 1497 137 1537 15
294 1473 388 1533 10.
421 1471 589 1550 (12.)
625 1471 756 1530 Non
779 1483 1023 1550 possunt
1052 1474 1176 1532 iure
1199 1475 1323 1534 ‘dici
1349 1476 1480 1534 vina
1505 1492 1653 1552 quae
1679 1472 1888 1534 Graeci
1914 1475 2172 1534 deuteria
2193 1484 2263 1540 86

159 1555 494 1635 appellant,
540 1553 684 1615 Cato
719 1566 778 1616 et
807 1575 913 1617 nos
946 1557 1127 1617 loram
1148 1603 1166 1633 ‚
1218 1558 1525 1618 maceratis
1557 1576 1705 1638 aqua
1736 1559 2026 1635 vinaceiS,
2071 1560 2177 1618 sed

156 1651 355 1700 tamen
397 1641 547 1698 inter
590 1642 721 1700 vina
768 1643 1037 1719 operaria
1071 1652 1457 1702 numerantur.
1528 1643 1637 1702 tria
1682 1659 1882 1701 eorum
1923 1660 2172 1719 genera:

157 1725 406 1784 decuma
442 1733 606 1801 parte
643 1743 828 1804 aquae
863 1726 1053 1786 addita
1079 1744 1246 1804 quam
1281 1745 1430 1804 quae
1462 1727 1632 1786 musti
1664 1745 1947 1804 expressa
1982 1729 2081 1801 sit,
2120 1736 2177 1785 et

154 1811 238 1870 ita
273 1817 444 1869 nocte
473 1828 543 1869 ac
575 1809 668 1869 die
699 1810 1036 1871 madefactis
1060 1813 1321 1871 vinaceis
1345 1830 1664 1891 rursusque
1684 1809 1851 1890 prelo
1878 1809 2173 1871 subiectis.

73 1918 132 1957 20
154 1895 438 1971 alterum,
477 1894 770 1973 quomodo
805 1893 1012 1956 Graeci
1047 1895 1422 1972 factitavere,
1466 1897 1636 1956 tertia
1668 1905 1832 1974 parte
1866 1897 1987 1955 eius
2023 1895 2175 1973 quod
2283 1925 2284 1980 3

155 1996 512 2056 expressum
555 1980 629 2038 sit
668 1979 860 2039 addita
903 1998 1087 2059 aquae
1138 1999 1548 2059 expressoque
1580 1980 1829 2040 decocto
1871 1980 1944 2039 ad
1977 1982 2177 2039 tertias
2283 2011 2284 2062 3

155 2064 365 2141 parti&
434 2064 665 2122 tertium
699 2073 790 2122 est
829 2063 1096 2123 faecibus
1123 2066 1241 2123 vini
1285 2083 1657 2143 expressum,
1708 2063 1862 2142 quod
1890 2063 2176 2123 faecatum
2283 2075 2284 2088 ¹

156 2143 310 2205 Cato
343 2147 625 2225 appellat.
695 2147 911 2207 nullum
946 2166 1020 2207 ex
1052 2147 1139 2206 his
1173 2147 1303 2226 plus
1336 2166 1505 2227 quam
1535 2149 1702 2207 annui
1731 2165 1889 2206 usus,

295 2232 392 2291 11.
442 2231 607 2309 (1.3.)
654 2230 871 2290 Verum
901 2232 1050 2290 inter
1079 2231 1230 2292 haec
1260 2232 1413 2290 subit
1443 2241 1723 2305 mentem,
1770 2248 1896 2290 cum
1929 2231 2042 2288 sint
2068 2248 2167 2306 ge·
2190 2239 2258 2294 87

65 2335 128 2376 25
151 2333 302 2375 nera
332 2314 588 2390 nobilia,
624 2334 774 2394 quae
808 2316 1047 2394 proprie
1072 2317 1189 2375 vini
1222 2315 1483 2393 intellegi
1515 2316 1771 2393 possint,
1816 2327 2008 2373 LXXX
2033 2313 2173 2386 'fere
2283 2315 2284 2318 ’

150 2401 212 2458 in
251 2406 379 2458 toto
413 2398 592 2474 orbe,
640 2399 782 2459 duas
818 2401 996 2479 partis
1029 2403 1104 2457 ex
1144 2400 1260 2458 hoc
1289 2416 1529 2458 numero
1561 2398 1764 2458 ltaliae
1795 2416 1959 2473 esse,
2007 2415 2173 2476 prae·
2283 2405 2284 2474 j

148 2493 324 2542 terea
368 2482 544 2560 longe
579 2493 711 2543 ante
746 2494 980 2543 cunctas
1024 2493 1231 2543 terras,
1295 2493 1353 2543 et
1386 2484 1521 2542 hinc
1560 2482 1771 2542 deinde
1814 2481 1998 2541 altius
2032 2498 2169 2540 cura
2283 2477 2284 2488 ’

147 2567 344 2645 serpit
366 2583 481 2644 non
513 2586 544 2627 a
577 2568 890 2645 primordio
917 2568 1064 2627 hanc
1087 2569 1329 2645 gratiam
1357 2567 1571 2643 fuisse,
1616 2566 2013 2625 auctoritatem
2042 2575 2177 2643 post

148 2653 654 2718 sexcentesimum
686 2652 844 2712 urbis
876 2671 1080 2711 annum
1117 2653 1413 2731 coepisse.
2139 2703 2145 2709 .

61 2759 123 2798 30
288 2734 388 2795 12.
439 2736 606 2815 (14.)
649 2735 952 2796 Romulum
983 2735 1170 2811 lacte,
1206 2755 1320 2795 non
1349 2739 1515 2809 vino,
1549 2733 1767 2794 libasse
1796 2734 2007 2793 indicio
2042 2741 2168 2792 sunt
2191 2742 2261 2796 88

144 2837 327 2880 sacra
360 2819 432 2878 ab
467 2837 538 2879 eo
579 2820 867 2897 instituta,
890 2821 1263 2897 ‘quae'hodie
1298 2819 1627 2880 custodiunt
1656 2836 1894 2877 morem.
1954 2816 2175 2884 Numae
2279 2831 2285 2926 1

140 2904 318 2981 regis
368 2901 661 2964 Postumia
705 2904 801 2963 lex
854 2904 1217 2979 est:,‘Vino
1274 2909 1523 2981 rogum
1571 2921 1656 2962 ne
1714 2902 2170 2979 respargito.

142 2987 314 3067 quod
339 2989 606 3054 sanxisse
630 2988 789 3048 illum
814 2983 1061 3066 propter
1089 2989 1341 3067 inopiam
1366 2990 1452 3047 rei
1473 2997 1644 3046 nemo
1672 2985 1909 3047 dubitet.
1957 2983 2177 3044 Eadem
2281 2981 2284 3032 ἐ

139 3073 295 3149 lege
335 3090 412 3131 ex
432 3073 706 3150 ,inputata
737 3072 855 3132 vite
886 3071 1053 3132 libari
1088 3075 1218 3132 vina
1249 3073 1335 3133 dis
1367 3073 1531 3132 nefas
1560 3071 1787 3146 statuit,
1819 3072 2042 3129 ratione
2074 3088 2172 3127 ex·
2283 3145 2284 3148 Ἴ

55 3174 116 3214 35
141 3155 417 3235 cogitata
459 3166 520 3215 ut
570 3168 774 3244 putare
815 3166 1170 3234 cogerentur
1215 3157 1358 3217 alias
1403 3165 1667 3219 aratores
1713 3163 1769 3214 et
1815 3155 1967 3234 pigri
2018 3155 2175 3213 circa
2283 3155 2284 3230 ξ

132 3241 428 3320 pericula
474 3237 713 3300 arbusti.
788 3239 867 3301 M.
909 3239 1096 3301 Varro
1145 3252 1348 3302 auctor
1392 3250 1482 3301 est
1522 3231 1866 3312 Mezentium
1909 3238 2173 3298 Etruriae
2283 3237 2284 3252 ¹

130 3343 360 3403 regem
411 3323 681 3385 auxilium
720 3325 946 3390 Rutulis
990 3336 1191 3386 contra
1229 3326 1461 3386 Latinos
1504 3324 1712 3386 tulisse
1746 3324 1862 3382 vini
1901 3321 2175 3382 mercede
2283 3369 2284 3390 ἶ

132 3409 314 3489 quod
349 3417 466 3469 tum
496 3413 554 3467 in
585 3387 959 3489 Latino‘agro
992 3411 1219 3470 fuisset.
1951 3415 1954 3416 ’
2029 3427 2040 3436 “
2283 3433 2284 3448 ¹

2193 3517 2285 3589 A
