2320 3650
122 51 204 114 56
465 115 471 126 ,
532 10 543 33 ⁸
811 64 871 113 e.
912 65 1102 114 rum
1148 64 1447 111 smmum
1495 93 1498 98 -

123 235 270 297 que,
301 218 725 277 leuerocottam
764 218 1219 294 pernicissimam
1258 216 1440 277 feram
1483 218 1628 277 asini
1665 218 1794 278 fere
1837 221 2140 295 magnitu-

123 302 278 374 dine,
314 299 574 360 clunibus
603 302 877 375 cervinis,
913 300 1101 374 colle,
1151 300 1367 373 cauda,
1408 308 1652 378 pectore
1687 301 1898 375 leonis,
1936 306 2151 381 capite

121 383 375 458 melium,
408 383 629 444 bisulca
660 384 893 460 ungula,
927 400 1031 443 ore
1057 382 1129 442 ad
1153 385 1306 443 auris
1337 401 1520 461 usque
1554 385 1836 459 rescisso,
1869 385 2148 446 dentium

40 468 266 531 731000
292 485 429 527 osse
453 467 1022 546 perpetum—hanc
1045 466 1226 526 feram
1248 467 1518 528 humanas
1545 485 1728 527 voees
1750 469 1987 530 tradunt
2013 473 2147 530 imi·

125 547 255 612 tari.
320 552 471 629 apud
517 551 754 612 eosdem
794 558 1042 629 et.quae
1084 559 1329 610 vocatur
1362 551 1515 627 eale,
1560 552 1949 627 magnitudine
1996 557 2185 632 equis

72 707 75 712 ⁴
123 636 446 710 fluviatiliS,
494 637 677 698 cauda
705 635 1029 713 elephanti,
1078 634 1282 694 colore
1314 636 1476 711 nigra
1507 636 1604 695 vel
1636 635 1826 710 fulva,
1871 639 2143 698 maxillis

123 721 269 796 apri,
305 722 522 788 maiora
561 719 903 780 cubitalibus
937 734 1151 778 cornua
1196 717 1419 777 habens
1450 719 1685 779 mobilia
1716 737 1865 797 qnae
1901 720 2141 781 alterna

122 804 177 862 in
209 822 399 881 pugna
430 804 579 872 sistit
613 805 913 879 variatque
943 802 1153 861 infesta
1182 811 1279 861 aut
1313 802 1585 879 obliqua,
1629 812 1939 881 utcumque
1977 808 2137 865 ratio

38 895 108 948 74
127 888 484 947 monstravit.
545 921 627 932 --
695 886 800 946 sed
861 887 1258 945 atrocissimos
1315 897 1512 946 tauros
1589 886 1873 946 silvestris
1947 891 2135 949 maio-

119 989 219 1030 res
251 969 610 1047 agrestibus,
655 969 969 1029 velocitate
1000 978 1131 1029 ante
1176 971 1394 1044 omnis,
1431 970 1636 1030 colore
1666 969 1883 1043 fulvoS,
1937 975 2193 1034 oculisu

123 1055 433 1127 caeruleiS,
462 1052 580 1130 pilo
605 1054 661 1111 in
683 1054 1029 1114 contrarium
1058 1055 1453 1129 verso,‘rictu
1483 1055 1554 1114 ad
1579 1057 1731 1114 auris
1755 1054 2132 1134 dehiscente,

121 1138 279 1196 iuxta
327 1153 540 1200 cornua
570 1137 820 1197 mobilia.
876 1139 1094 1214 tergori
1147 1139 1354 1198 duritia
1400 1139 1579 1199 silicis
1627 1154 1794 1198 omne
1829 1157 2133 1218 respuens

121 1221 347 1284 volnus.
409 1219 564 1279 feras
608 1223 789 1281 omnis
830 1231 1139 1295 venantur,
1199 1222 1308 1299 ipsi
1351 1239 1463 1281 non
1507 1223 1675 1281 aliter
1716 1241 1883 1299 quam
1929 1224 2132 1284 foveis

40 1310 105 1363 75
123 1307 277 1383 capti
339 1305 567 1365 feritate
599 1323 837 1383 semper·
860 1307 1163 1364 intereunt.
1228 1305 1398 1382 Apud
1433 1306 1672 1368 eosdem
1702 1308 1861 1366 nasei
1894 1305 2133 1368 Ctesias

122 1388 323 1449 scribit
366 1407 535 1466 quam
585 1389 995 1449 mantichoram
1049 1388 1307 1466 appellat
1349 1389 1564 1466 triplici
1614 1389 1863 1449 dentium
1917 1392 2129 1451 ordine
2148 1412 2189 1451 ιε

123 1475 457 1551 pectinatim
487 1475 833 1549 coeuntium,
869 1473 1020 1533 facie
1053 1482 1115 1531 et
1147 1472 1417 1531 auriculis
1447 1473 1714 1547 hominis,
1746 1474 1935 1532 oculis
1958 1475 2128 1551 glau-

16 1609 21 1612 ,
124 1559 231 1631 οίε,
268 1558 471 1617 colore
500 1559 838 1634 sanguineo,
864 1573 1115 1635 corpore
1144 1556 1358 1631 leonis,
1387 1557 1568 1617 cauda
1590 1558 1919 1634 scorpionis
1946 1559 2128 1619 modo

122 1641 349 1718 spicula
395 1641 756 1716 infigentem,
804 1642 968 1700 vocis
1005 1650 1064 1698 ut
1096 1641 1147 1697 si
1193 1642 1503 1699 misceatur
1560 1641 1784 1700 fistulae
1838 1650 1900 1699 et
1944 1642 2129 1702 tubae

127 1734 475 1798 concentus,
516 1725 846 1786 velocitatis
890 1740 1155 1799 magnae,
1196 1723 1422 1783 humani
1468 1726 1734 1801 corporis
1763 1725 1860 1783 vel
1892 1728 2125 1802 praeci·

44 1813 109 1870 76
132 1827 247 1886 pue
267 1808 651 1887 adpetentem.
714 1807 843 1885 (31.
849 1808 878 1885 )
924 1807 979 1866 in
1004 1805 1165 1867 India
1198 1816 1255 1867 et
1282 1807 1468 1868 boves
1496 1808 1697 1868 solidis
1720 1808 1973 1886 ungulis,
1999 1810 2125 1869 uni·
2142 1832 2189 1874 ιο

80 1898 86 1903 ’
128 1893 356 1964 cornis,
401 1900 458 1950 et
501 1892 682 1950 feram
726 1892 950 1950 nomine
997 1893 1120 1951 asin
1156 1891 1411 1951 hinnulei
1454 1893 1637 1971 pelle,
1683 1893 1943 1971 pluribus
1985 1912 2124 1954 can·

128 1973 559 2073 didioribusque
609 1974 879 2050 maculis,
913 1993 1212 2035 sacrorum
1255 1975 1448 2037 Liberi
1492 1977 1689 2062 patris.
1753 1975 1962 2036 Orsaei
1997 1978 2124 2038 Indi

126 2060 320 2119 simias
352 2059 647 2118 candentis
689 2067 812 2118 toto
854 2076 1106 2137 corpore
1150 2070 1448 2119 venantur.
1512 2063 1883 2137 asperrimam
1926 2071 2124 2121 autem

125 2143 308 2203 feram
347 2152 814 2218 monocerotem,
844 2144 1070 2221 reliquo
1117 2160 1369 2221 corpore
1409 2161 1562 2222 equo
1611 2144 1877 2218 similem,
1924 2146 2122 2224 capite

126 2244 327 2303 cervo,
361 2225 606 2304 pedibus
640 2227 983 2304 elephanto,
1043 2228 1225 2287 cauda
1262 2244 1437 2304 apro,
1492 2229 1706 2304 mugitu
1740 2245 1946 2303 gravi,
2004 2246 2120 2289 uno
2136 2251 2182 2290 τε

128 2328 306 2369 cornu
348 2311 511 2386 nigro
567 2311 756 2371 media
799 2311 988 2371 fronte
1034 2310 1379 2370 cubitorum
1388 2312 1556 2371 duum
1600 2313 1907 2370 eminente.
1970 2311 2121 2372 hanc

126 2395 308 2502 feram
338 2395 524 2454 vivam
559 2404 771 2471 negant
807 2397 956 2472 capi.

42 2481 109 2536 77
204 2475 416 2556 ·.(32)
459 2477 630 2555 Apud
659 2477 979 2556 Hesperios
1006 2479 1326 2557 Aethiopas
1358 2478 1489 2537 fons
1521 2488 1610 2537 est
1640 2478 1856 2555 Nigris,
1902 2489 1961 2540 ut
1995 2480 2116 2557 ple·

43 2561 292 2638 marique
348 2561 801 2637 existumavere,
848 2562 963 2622 Nili
1015 2573 1205 2641 caput.
1283 2571 1617 2638 argumenta
1668 2580 1816 2640 quae
1873 2563 2118 2623 diximus

126 2644 498 2722 persuadent.
549 2647 702 2707 iuxta
734 2648 886 2707 hunc
913 2646 1040 2706 fera
1097 2647 1426 2724 appellatur
1454 2645 1829 2724 catoblepas‚
1886 2647 2180 2713 modicam

127 2729 341 2805 alioqui
386 2731 718 2807 ceterisque
766 2730 1039 2789 membris
1093 2732 1280 2804 inerS,
1325 2738 1499 2807 caput
1541 2739 1755 2788 tantum
1793 2748 2118 2807 praegrave
2305 2768 2310 2817 k

126 2831 306 2889 aegre
342 2811 560 2872 ferenS.
629 2814 685 2872 id
738 2814 1029 2874 deiectum
1070 2831 1302 2891 semper
1353 2814 1406 2870 in
1459 2823 1690 2872 terram.
1757 2814 1898 2873 alias
1944 2816 2115 2873 inter-
2159 2809 2172 2820 ‘

126 2897 276 2955 nicio
334 2894 559 2955 humani
604 2897 838 2972 generis
887 2897 1147 2957 omnibus
1193 2897 1523 2974 quioculos
1565 2899 1689 2956 eius
1731 2898 1938 2956 videre
1981 2916 2115 2958 con-

125 2978 315 3037 festim
348 2980 792 3055 exspirantibus.

42 3068 110 3124 78
249 3062 414 3139 (33.)
473 3061 692 3123 Eadem
737 3073 795 3124 et
839 3063 1092 3143 basilisci
1144 3067 1431 3139 serpentis
1489 3076 1577 3124 est
1621 3067 1728 3123 vis.
1796 3061 2178 3138 Cyrenaica„

126 3144 274 3202 hunc
330 3156 574 3217 generat
617 3149 945 3223 provincia,
1006 3147 1308 3206 duodecim
1355 3165 1468 3206 non
1525 3149 1767 3225 amplius
1813 3146 2116 3223 digitorum

124 3226 530 3302 magnitudine,
568 3230 807 3291 candida
844 3232 900 3290 in
931 3232 1119 3307 capite
1149 3230 1374 3289 macula
1416 3240 1475 3289 ut
1506 3232 1751 3306 quodam
1794 3229 2113 3292 diademate

125 3311 425 3384 insignem.
487 3310 660 3372 sibilo
705 3314 887 3372 omnis
935 3313 1095 3388 fugat
1122 3314 1451 3389 serpentis,
1488 3331 1601 3372 nec
1631 3313 1783 3372 flexu
1813 3314 2113 3392 multiplici

13 3508 22 3540 Ι
109 3514 149 3540 h.
