2320 3650
179 134 259 197 98
900 144 958 191 o.
995 123 1190 193 PL‘INI
1226 143 1526 193 sssctmm

180 301 274 359 diu
308 300 542 377 saepius
571 315 737 377 quam
771 306 964 373 noctu,
995 307 1053 358 et
1077 300 1252 358 multo
1285 300 1537 360 celerius
1563 298 1782 357 resolvi
1816 315 1985 376 quam
2015 299 2184 359 niviS.

179 383 424 442 nebulas
454 400 565 441 nec
597 390 816 441 aestate
849 399 959 440 nec
988 399 1252 441 maxumo
1283 382 1505 459 frigore
1537 382 1852 456 exsistere,
1882 399 2053 441 rores
2082 400 2183 442 ne-

182 485 295 544 que
330 466 465 543 gelu
497 483 687 543 neque
721 463 1024 523 ardoribus
1047 483 1240 542 neque
1263 467 1452 525 ventis
1480 482 1591 524 nec
1616 464 1724 521 nisi
1749 482 1965 524 serena
1988 475 2181 524 nocte.

179 549 432 625 gelando
465 548 747 630 liquorem
777 548 980 622 minui,
1015 548 1320 625 solutaque
1365 549 1555 625 glacie
1586 564 1701 606 non
1739 547 1988 606 eundem
2027 550 2182 607 inve-

178 632 286 691 niri
318 627 565 691 modum.
620 631 720 696 61.
753 630 1064 690 varietates
1100 630 1361 690 colorum
1392 631 1814 708 figurarumque
1848 632 1908 689 in
1937 630 2182 690 nubibus
2206 654 2228 690 5

180 716 361 790 cerni,
393 723 564 793 prout
594 713 890 773 admixtus
909 714 1057 788 ignis
1092 721 1331 791 superet
1365 722 1456 772 aut
1481 714 1766 772 vincatur.

97 808 200 863 153
316 798 415 859 62.
452 796 619 876 (62.)
654 796 964 855 Praeterea
997 796 1270 874 quasdam
1302 797 1695 874 proprietates
1717 794 2073 875 vquibusdam
2103 797 2183 856 lo-

180 882 266 940 cis
301 899 470 955 esse,
523 878 789 943 roscidas
819 886 1043 938 aestate
1080 877 1320 938 Africae
1355 880 1577 954 noctiS,
1610 880 1667 937 in
1697 877 1862 938 Italia
1891 878 2101 939 Locris
2131 888 2186 938 et

179 967 235 1023 in
271 964 400 1024 lacu
430 962 641 1022 Velino
672 961 830 1020 nullo
862 976 975 1019 non
1007 961 1098 1020 die
1130 961 1418 1038 adparere
1452 979 1655 1037 arcuS,
1693 960 1886 1021 Rhodi
1923 970 1984 1021 et
2015 964 2184 1037 Syra-

181 1048 336 1106 cusis
367 1059 681 1124 numquam
730 1052 882 1102 tanta
927 1043 1120 1103 nubila
1172 1044 1381 1104 obduci
1430 1053 1489 1102 ut
1535 1060 1652 1103 non
1693 1044 1884 1121 aliqua
1919 1044 2067 1105 hora
2099 1044 2186 1104 sol
2203 1058 2247 1098 ιο

182 1138 469 1205 cernatur,
508 1127 697 1205 qualia
730 1126 917 1205 aptius
948 1127 1067 1186 suis
1099 1126 1429 1187 referentur
1459 1127 1627 1188 locis.
1691 1126 1856 1238 Haec
1891 1128 2005 1188 sint
2038 1129 2187 1188 dicta

182 1213 256 1272 de
286 1229 445 1273 aere.
1043 1241 1046 1244 ·
1816 1235 1821 1246 ¹

102 1308 202 1360 154
331 1294 431 1357 63
471 1293 638 1375 (63.)
677 1295 956 1374 Sequitur
978 1302 1155 1370 terra,
1192 1296 1284 1354 cui
1315 1298 1408 1355 uni
1443 1313 1634 1355 rerum
1668 1302 1910 1355 naturae
1944 1295 2188 1372 partium

184 1378 389 1439 eximia
439 1387 681 1458 propter
723 1379 925 1438 merita
977 1395 1302 1455 cognomen
1345 1380 1648 1440 indidimus
1677 1387 1977 1438 maternae
2012 1396 2186 1438 vene-

180 1463 436 1524 ratIonis.
489 1462 588 1521 Sic
618 1461 905 1522 hominum
936 1462 1053 1537 illa,
1087 1469 1146 1520 ut
1172 1462 1395 1522 caelum
1420 1463 1534 1537 dei,
1570 1479 1717 1540 quae
1742 1478 1852 1520 nos
1878 1462 2183 1522 nascentis
2202 1471 2245 1512 1⁵

183 1549 429 1627 excipit,
478 1558 645 1607 natos
677 1546 809 1616 alit,
842 1545 1144 1623 semelque
1177 1545 1365 1605 editos
1398 1547 1640 1604 sustinet
1672 1559 1942 1622 semper,
1994 1546 2188 1604 novis-

183 1633 323 1691 sime
372 1632 660 1709 conplexa
702 1618 926 1707 gremio
972 1629 1082 1687 iam
1129 1646 1160 1687 a
1208 1628 1431 1707 reliqua
1478 1638 1677 1688 natura
1719 1626 2033 1687 abdicatos
2079 1638 2191 1688 tum

181 1732 441 1774 maxume
461 1724 520 1773 ut
542 1722 725 1773 mater
749 1713 1044 1791 operiens,
1068 1710 1227 1771 nullo
1249 1713 1432 1788 magis
1457 1728 1622 1770 sacra
1646 1711 1854 1770 merito
1878 1729 2056 1790 quam
2082 1726 2193 1790 qno

182 1814 289 1857 nos
325 1814 557 1876 quoque
591 1813 793 1856 sacros
824 1795 995 1871 facit,
1038 1794 1210 1854 etiam
1244 1795 1588 1854 monimenta
1625 1811 1694 1854 ac
1735 1793 1940 1854 titulos
1974 1812 2194 1872 gerens

182 1898 508 1959 nomenque
539 1896 865 1958 prorogans
894 1887 1147 1938 nostrum
1185 1888 1243 1938 et
1271 1879 1604 1938 memoriam
1637 1877 1965 1937 extendens
1991 1887 2255 1940 contram

184 1962 526 2022 brevitatem
561 1962 723 2037 aevi,
778 1963 938 2021 cuius
984 1980 1203 2021 numen*
1235 1962 1486 2037 ultimum
1511 1962 1643 2020 iam
1672 1960 1848 2021 nullis
1880 1979 2198 2038 precamur

184 2047 311 2106 irati
342 2063 555 2122 grave,
602 2053 886 2123 tamquam
916 2045 1242 2104 nesciamus
1273 2045 1421 2105 hanc
1453 2062 1588 2103 esse
1622 2043 1806 2104 solam
1843 2061 2000 2122 quae
2038 2063 2198 2105 num·

101 2140 202 2191 155
228 2147 395 2208 quam
425 2130 705 2188 irascatur
734 2128 965 2187 homini.
1029 2127 1234 2205 Aquae
1266 2127 1512 2187 subeunt
1541 2129 1597 2185 in
1625 2126 1858 2202 imbris,
1889 2128 2223 2204 rigescunt

184 2213 242 2270 in
276 2212 607 2289 grandines,
645 2219 965 2270 tumescunt
989 2211 1046 2269 in
1070 2210 1299 2285 fluctus,
1329 2211 1783 2288 praecipitantur
1809 2210 1867 2269 in
1888 2212 2197 2271 torrentis.

184 2310 286 2354 aer
318 2295 588 2355 densatur
617 2294 885 2369 nubibus,
920 2295 1053 2352 furit
1082 2294 1381 2372 procelliS.
1440 2301 1497 2354 at
1523 2293 1672 2353 haec
1705 2292 1985 2370 benigna,
2018 2296 2260 2369 mitis‚2⁵

185 2377 522 2454 indulgens,
565 2395 819 2456 ususque
867 2376 1188 2436 mortalium
1231 2395 1466 2455 semper
1507 2376 1750 2450 ancilla,
1802 2394 1958 2455 quae
1991 2386 2201 2445 coacta

185 2469 460 2536 generat,
500 2479 648 2539 quae
678 2469 885 2539 sponte
917 2459 1118 2534 fundit,
1176 2476 1322 2538 quos
1354 2459 1571 2519 odores
1603 2475 2011 2538 saporesque,
2049 2477 2202 2540 quos

187 2561 395 2618 sucos,
443 2561 589 2622 quos
617 2552 838 2616 tactus,
874 2558 1021 2620 quos
1057 2542 1319 2602 colores!
1379 2559 1547 2621 quam
1577 2541 1729 2601 bona
1760 2541 1876 2602 fide
1912 2544 2203 2604 creditum

187 2627 393 2686 faenus
420 2626 641 2686 reddit!
676 2644 825 2703 quae
855 2633 1051 2684 nostra
1084 2642 1258 2684 causa
1284 2625 1414 2685 alit!
1449 2624 1732 2703 pestifera
1766 2626 1919 2685 enim
1942 2628 2198 2693 animan·

184 2711 299 2785 tia,
346 2710 505 2769 vitali
535 2710 737 2788 spiritu
779 2707 1029 2767 habente
1063 2709 1322 2786 culpam,
1367 2708 1452 2767 illi
1485 2726 1738 2767 necesse
1786 2717 1878 2768 est
1914 2711 2199 2768 seminata
2217 2728 2265 2770 30

188 2794 471 2870 excipere
508 2801 567 2852 et
597 2792 792 2868 genita
828 2791 1133 2850 sustiuere.
1191 2791 1296 2849 sed
1328 2791 1382 2848 in
1413 2791 1578 2850 malis
1609 2792 2015 2867 generantium
2046 2808 2204 2852 noxa

188 2885 297 2934 est.
331 2874 437 2936 Illa
462 2883 795 2954 serpentem
817 2872 1046 2932 homine
1071 2890 1354 2951 percusso
1383 2873 1628 2950 amplius
1649 2875 2028 2952 nonrecipit,
2058 2892 2201 2953 poe-

188 2975 408 3037 nasque
441 2959 611 3018 etiam
641 2956 904 3017 inertium
936 2957 1164 3014 nomine
1198 2957 1395 3032 exigit.
1430 2956 1528 3014 illa
1563 2956 1833 3031 medicas,
1852 2956 2045 3018 fundit
2068 2958 2203 3017 her-

108 3050 208 3104 156
233 3040 370 3116 baS,
416 3050 473 3101 et
508 3057 743 3119 semper
775 3038 988 3097 homini
1031 3040 1288 3116 parturit.
1353 3038 1502 3111 Quin
1534 3048 1592 3097 et
1622 3056 1848 3098 venena
1878 3043 2072 3100 nostri
2094 3041 2205 3100 mi·

197 3123 425 3181 seritam
449 3124 762 3182 instituisse
788 3121 948 3180 credi
973 3130 1190 3198 potest,
1222 3139 1294 3180 ne
1322 3121 1594 3187 intaedio
1619 3123 1770 3180 vitae
1795 3121 2010 3199 fames,
2043 3139 2269 3186 morsss

194 3213 387 3263 terrae
409 3205 627 3263 meritis
658 3203 1027 3277 alienissima,
1059 3204 1215 3263 lenta
1248 3212 1613 3263 consumeret
1646 3202 1804 3278 tabe,
1837 3222 1913 3264 ne
1940 3206 2211 3267 lacerum

198 3302 412 3362 corpus
432 3285 672 3364 abrupta
705 3287 1131 3364 dispergerent,
1165 3304 1236 3344 ne
1263 3287 1454 3364 laquei
1478 3295 1782 3363 torqueret
1806 3304 2007 3364 poena
2032 3307 2210 3368 prae·

196 3377 432 3444 postera
456 3364 906 3447 incluso'spiritu
930 3370 1021 3427 cui
1053 3378 1435 3447 quaereretur
1466 3371 1676 3445 exituS,
1706 3387 1785 3429 ne
1814 3371 1875 3430 in
1905 3373 2215 3450 profundo„
