2320 3650
609 96 770 146 rur.
801 96 979 145 msrr.
1011 97 1113 145 111.
1146 96 1197 147 1.
1234 85 1466 168 (2-3.)
1970 82 2089 147 125

88 253 368 318 Baeticae
396 251 639 331 primum
669 251 742 313 ab
766 249 1111 329 Ossigitania
1135 250 1354 326 infusus
1377 267 1620 312 amoeno
1649 249 1893 312 blandus
1916 250 2089 312 alveo

92 339 321 401 crebris
352 336 560 398 dextra
589 337 873 414 laevaque
906 336 1191 396 adcolitur
1214 336 1464 415 oppidis.
1521 333 1917 416 Celeberrima
1942 336 2091 396 inter
2105 347 2174 402 lo

93 424 240 484 bunc
277 430 338 486 et
373 422 584 482 oceani
618 438 776 480 oram
806 421 862 479 in
902 420 1327 480 mediterraneo
1358 420 1575 496 Segida
1613 437 1760 498 quae
1795 419 2091 496 Augurina

98 506 558 584 cognominatur,
589 502 736 564 Iulia
762 521 909 581 quae
944 502 1240 580 Fidentia,
1269 502 1466 580 Urgao
1499 522 1646 582 quae
1678 502 1862 579 Alba,
1894 503 2091 565 Ebura

55 613 81 653 5
100 609 239 670 quae
266 586 542 663 Cerialis,
566 587 794 647 Iliberri
818 587 970 665 quod
993 586 1269 668 Liberini,
1304 586 1509 664 Ilipula
1532 605 1683 666 quae
1706 585 1874 662 Laus,
1902 587 2089 663 Artigi

96 674 248 754 quod
269 672 583 747 Iulienses,
609 671 786 731 Vesci
806 670 962 749 quod
985 669 1280 747 Faventia,
1299 671 1523 747 Singili,
1549 671 1800 747 Ategua,
1825 670 2088 731 Arialdu-

92 776 239 833 num,
271 755 430 834 Agla
454 756 662 831 minor,
692 753 945 830 Baebr0,
980 751 1184 815 Castra
1205 756 1441 829 vinaria,
1477 751 1859 829 Cisimbrium,
1895 753 2088 832 Hippo

89 859 261 917 nova,
291 839 538 914 Illurco,
575 836 750 914 Osca,
785 836 995 914 Oscua,
1029 839 1339 914 Succaelo,
1371 837 1744 922 Unditanum,
1780 838 1956 898 Tucci
1987 855 2086 897 ve-

93 935 212 1002 tus,
257 925 450 985 omnia
483 922 848 983 Bastetaniae
890 924 1188 1000 vergentis
1235 923 1306 983 ad
1351 940 1540 998 mare,
1587 931 1901 982 conventus
1943 939 2088 982 vero

23 1032 81 1075 ιο
96 1008 518 1071 Cordubensis.
585 1004 754 1067 Circa
800 1006 1011 1066 flumen
1056 1008 1242 1084 ipsum
1287 1005 1479 1083 Ossigi
1521 1007 1678 1086 quod
1720 1008 2087 1083 cognomina-

94 1103 183 1154 tur
207 1092 584 1165 Laconicum,
621 1088 859 1167 Illiturgi
892 1091 1046 1167 quod
1077 1089 1286 1151 Forum
1319 1090 1902 1170 Iulium,1prasturgi
1933 1090 2090 1169 quod

92 1166 502 1256 Triumphale,
546 1174 715 1234 Sacia
758 1184 815 1233 et
844 1173 1008 1234 XIIII
1039 1173 1098 1234 Μ
1124 1193 1393 1254 passuum
1424 1184 1703 1235 remotum
1731 1178 1788 1234 in
1817 1175 2087 1235 mediter-

90 1278 266 1323 raneo
294 1258 529 1320 Obulco
562 1257 717 1338 quod
740 1257 1125 1318 Pontificense
1157 1259 1505 1337 appellatur,
1537 1276 1672 1319 mox
1692 1259 1860 1337 Ripa,
1892 1258 2089 1337 Epora

90 1347 550 1420 foederatorum,
578 1341 756 1403 Sacili
774 1340 1136 1441 Martialium,
1167 1341 1367 1403 Onoba
1388 1351 1446 1402 et
1468 1343 1670 1403 dextra
1695 1340 1962 1403 Corduba
1991 1359 2088 1402 co-

20 1454 74 1494 ιε
91 1430 242 1491 Ionia
276 1428 532 1490 Patricia
568 1427 932 1504 cognomine,
965 1426 1098 1486 inde
1135 1428 1373 1506 primum
1400 1425 1713 1503 navigabili
1740 1425 1950 1500 Baete,
1984 1442 2086 1505 op·

88 1514 220 1594 pida
252 1510 548 1587 Carbula,
581 1509 859 1587 Decuma,
896 1510 1101 1571 fluvius
1134 1510 1407 1588 SinguliS,
1442 1511 1650 1571 eodem
1678 1509 1872 1570 Baetis
1903 1508 2088 1569 latere

83 1598 377 1659 incidens.
424 1595 641 1673 oppida
669 1594 1029 1672 Hispalensis
1062 1603 1380 1655 conventus
1405 1592 1577 1669 Celti,
1607 1594 1783 1669 Arua,
1820 1590 2087 1669 Canama,
2106 1602 2170 1654 11

83 1681 252 1757 Evia,
287 1679 443 1757 Ilipa
475 1680 817 1755 cognomine
851 1677 1046 1757 [Ilpa,]
1081 1677 1311 1754 Italica,
1346 1687 1403 1738 et
1433 1696 1466 1739 a
1497 1677 1664 1738 laeva
1693 1676 1894 1756 Hispal
1927 1676 2086 1736 colo-

84 1769 178 1828 nia
211 1763 570 1843 cognomine
603 1762 998 1839 Romulensis,
1033 1782 1109 1822 ex
1140 1763 1390 1824 adverso
1427 1761 1699 1842 oppidum
1730 1760 1903 1821 Osset
1934 1760 2088 1840 quod

18 1850 538 1929 zocognominatur
566 1846 706 1908 Iulia
738 1844 1102 1924 Constantia,
1147 1846 1494 1924 Lurgentum
1530 1849 1684 1926 quod
1715 1845 1821 1908 Iuli
1852 1845 2087 1920 Genius,
2126 1874 2129 1877 ·

86 1934 341 2014 Orippo,
371 1929 581 2007 Caura,
612 1932 855 2009 Siarum,
880 1931 1083 1992 fluvius
1106 1931 1388 1992 Maenuba
1407 1931 1569 1992 Baeti
1593 1942 1650 1992 et
1678 1933 1805 2010 ipse
1829 1949 1860 1991 a
1882 1931 2088 1991 dextro

85 2021 278 2082 latere
331 2016 577 2075 infusus.
631 2025 690 2077 at
735 2002 884 2075 inter
925 2017 1213 2077 aestuaria
1258 2015 1452 2075 Baetis
1494 2017 1768 2095 oppidum
1809 2014 2089 2074 Nebrissa

85 2101 447 2182 cognomine
474 2099 726 2161 Veneria
768 2110 825 2160 et
858 2094 1192 2176 Colobana,
1240 2099 1501 2160 coloniae
1537 2100 1677 2160 Asta
1722 2117 1870 2178 quae
1901 2098 2089 2175 Regia

84 2188 302 2249 dieitur
337 2193 400 2244 et
433 2186 490 2243 in
529 2184 954 2246 mediterraneo
990 2184 1173 2244 Asido
1217 2201 1364 2262 quae
1402 2180 1770 2244 Caesariana.
1835 2182 2087 2258 Singulis
2105 2192 2170 2246 12

13 2270 300 2333 alluvius
331 2269 393 2328 in
420 2267 640 2328 Baetim
671 2285 784 2347 quo
817 2269 1026 2329 dictum
1057 2277 1147 2328 est
1183 2268 1382 2328 ordine
1416 2268 1778 2346 inrumpens,
1815 2266 2086 2344 Astigita-

81 2373 215 2416 nam
249 2344 544 2413 coloniam
580 2352 756 2412 adluit
787 2353 1129 2431 cognomine
1162 2351 1478 2429 Augustam
1508 2353 1753 2426 firmam,
1786 2350 1863 2411 ab
1892 2369 1961 2410 ea
1992 2368 2087 2410 na-

80 2437 388 2517 vig-abilis.
452 2435 629 2496 Huius
673 2446 991 2496 conventus
1039 2444 1168 2496 sunt
1212 2436 1474 2514 reliquae
1523 2437 1788 2496 coloniae
1831 2437 2089 2495 inmunes

82 2523 271 2590 Tucci
303 2538 457 2600 quae
491 2521 923 2598 cognominatur
952 2520 1212 2598 Augusta
1238 2519 1517 2596 Gemella,
1550 2518 1693 2580 Ituci
1724 2538 1872 2599 quae
1893 2518 2090 2578 Virtus

80 2605 265 2682 Iulia,
311 2603 504 2665 Ucubi
539 2622 687 2683 qnae
725 2602 968 2665 Claritas
1010 2604 1182 2681 Iulia,
1227 2603 1377 2665 Urso
1416 2623 1564 2682 quae
1595 2603 1792 2664 Genua
1820 2602 2082 2663 Urbano·

12 2709 250 2766 sorum,
296 2691 452 2749 inter
493 2706 642 2768 quae
685 2689 789 2748 fuit
817 2687 1027 2750 Munda
1057 2691 1184 2750 cuin
1218 2689 1456 2768 Pompei
1487 2689 1606 2748 filio
1637 2696 1818 2768 rapta.
1874 2687 2087 2764 oppida

78 2775 280 2836 libera
308 2772 504 2850 Astigi
538 2783 735 2849 vetuS,
773 2771 1049 2852 Ostippo,
1094 2773 1466 2852 stipendiaria
1499 2771 1718 2849 Callet,
1759 2769 2086 2847 ,Callecula,

81 2857 298 2921 Castra
331 2859 593 2934 gemina,
626 2856 830 2955 Ilipula
860 2858 1071 2933 minor,
1107 2856 1411 2931 Marucca,
1444 2858 1730 2932 Sacrana,
1782 2852 2087 2927 Obulcula,

81 2941 358 3020 Oaingis.
419 2940 511 3000 Ab
545 2958 648 3001 ora
690 2942 943 3000 venienti
973 2959 1159 3020 prope
1195 2941 1535 3002 Maenubam
1566 2958 1783 3001 amnem
1816 2947 1874 2999 et
1901 2939 2089 3016 ipsum
2192 2970 2205 2979 =

78 3024 482 3103 navigabilem
503 3024 640 3086 baut
663 3025 868 3103 procul
891 3024 1162 3085 adcolunt
1185 3024 1580 3102 Alontigiceli,
1613 3024 1886 3100 Alostigi.
1925 3021 2089 3113 Quae
2107 3030 2174 3084 13

11 3120 284 3174 mantem
313 3111 486 3187 regio
523 3127 558 3168 a
588 3109 766 3169 Baete
798 3109 868 3171 ad
903 3108 1131 3169 fluvium
1164 3109 1346 3167 Anam
1388 3109 1573 3168 tendit
1597 3117 1760 3167 extra
1791 3088 2089 3186 praedicta

79 3194 359 3256 Baeturia
403 3182 735 3292 appellatur
772 3194 829 3252 in
870 3193 1008 3253 duas
1056 3193 1237 3253 divisa
1269 3193 1445 3271 partis
1489 3192 1842 3270 totidemque
1872 3191 2085 3268 gentis,

82 3276 353 3340 Celticos
407 3279 504 3356 qui
558 3276 902 3337 Lusitaniam
956 3279 1272 3353 attingunt,
1327 3274 1684 3352 Hispalensis
1744 3280 2101 3346 conventuS,

83 3361 381 3424 Turdulos
435 3363 532 3441 qui
573 3360 913 3421 Lusitaniam
961 3369 1019 3420 et
1064 3360 1559 3420 Tarraconensem
1608 3357 1910 3432 adcolunt,
1962 3358 2085 3415 iura
