2320 3650
585 83 746 129 NAT.
780 81 962 130 ffls'r.
998 82 1147 132 vm.
1180 78 1417 131 45—45.
1447 67 1761 146 168—70.)
2098 70 2178 136 75

173 237 372 299 L'xxx
411 236 570 295 annis
616 237 833 298 vixisse
867 234 1302 298 Atheniensium
1363 238 1723 298 monimentis
1769 237 2029 315 adparet.
2077 254 2177 314 ga-

172 323 286 381 visi
320 338 586 398 namque,
623 338 749 380 cum
779 320 1054 397 templum
1081 321 1140 377 in
1173 338 1310 380 arce
1334 319 1634 395 facerent,
1678 320 1832 398 quod
1859 321 2179 388 derelictus

175 413 418 484 senecta
464 404 799 470 scandentia
840 405 1085 463 iumenta
1137 406 1410 464 comitatu
1456 405 1699 482 nisuque
1750 404 2174 481 exhortaretur,

147 489 472 571 ‚decretum
503 488 707 548 fecere
753 506 825 550 ne
872 487 1226 548 frumentarii
1255 489 1658 564 negotiatores
1693 486 1767 547 ab
1808 489 2179 549 incerniculis

120 587 150 628 ο
172 592 305 634 eum
335 581 626 636 arcerent.
758 631 761 634 ,
1367 629 1368 634 ,
2058 630 2065 637 .

299 658 402 718 45.
437 657 606 733 (70.)
637 654 828 715 Bubus
852 654 1064 718 Indicis
1092 656 1442 716 camelorum
1463 656 1700 715 altitudo
1725 656 1983 729 traditur,
2016 672 2143 714 cor·
2162 664 2265 719 176

169 759 297 801 ιιιιει»
316 742 375 799 in
406 740 757 800 latitudinem
783 749 1190 816 quaternorum
1215 741 1442 816 pedum.
1484 742 1542 798 in
1572 749 1771 800 nostro
1803 738 1945 800 orbe
1971 738 2178 815 Epiro-

169 827 303 886 ticis
320 825 449 885 laus
465 842 727 883 maxuma
743 842 777 888 a
792 824 976 898 Pyrri,
997 833 1056 883 ut
1074 823 1285 898 ferunt,
1307 826 1416 883 iam
1439 824 1576 884 inde
1591 826 1752 900 regis
1768 841 1926 890 cura.
1961 823 2018 883 id
2039 838 2192 892 ocur

172 918 412 970 secutus
446 917 536 968 est
565 925 680 967 non
714 917 846 968 ante
893 903 1412 985 quadrimatum-ad
1445 917 1643 986 partus
1673 908 1957 968 vocando.
2011 924 2177 985 prae-

96 1008 155 1051 ιο
171 987 428 1071 grandes
459 993 653 1070 itaque
695 992 862 1051 fuere
908 1001 966 1051 et
992 992 1281 1069 hodieque
1326 992 1609 1069 reliquiae
1650 993 1908 1069 stirpium
1955 990 2176 1051 durant.

168 1087 232 1138 at
256 1094 415 1137 nunc
443 1076 744 1136 anniculae
777 1076 1187 1136 fecunditatem
1229 1086 1568 1154 poscuntur,
1602 1076 1943 1136 tolerantius
1990 1084 2181 1138 tamen

170 1162 396 1236 bimae,
443 1163 590 1221 tauri
637 1161 1074 1237 generationem
1106 1160 1404 1237 quadrimi.
1482 1160 1704 1238 inplent
1751 1160 1960 1236 singuli
2001 1158 2181 1219 denas

161 1246 384 1306 eodem
422 1262 592 1320 anno,
623 1245 869 1306 tradunt.
909 1246 958 1306 si
991 1253 1181 1304 autem
1214 1253 1348 1320 post
1379 1246 1591 1308 coitum
1611 1246 1678 1307 in
1713 1245 2017 1306 dexteram
2048 1260 2177 1320 par-

169 1339 291 1389 tem
319 1329 531 1389 abeant
560 1330 738 1402 tauri,
783 1337 1099 1404 generatos
1141 1329 1314 1387 maris
1348 1346 1521 1402 esse,
1566 1329 1702 1386 siin
1739 1329 1985 1401 laevam,
2016 1326 2178 1390 femi·
2231 1383 2238 1398 ,

97 1426 152 1466 15
174 1432 298 1472 nas.
350 1415 659 1491 conceptio
693 1430 801 1472 uno
835 1413 975 1471 initu
1006 1413 1323 1488 peragitur,
1356 1430 1505 1489 quae
1537 1413 1586 1469 si
1615 1411 1769 1470 forte
1800 1412 2261 1488 pererravit,l77

170 1498 516 1573 vigesimum
558 1505 696 1573 post
735 1497 885 1557 diem
923 1514 1136 1554 marem
1165 1497 1389 1560 femina
1421 1496 1652 1572 repetit.
1725 1497 1951 1573 pariunt
1977 1512 2178 1554 mense

172 1581 438 1654 decumo.
476 1580 753 1658 quidquid
781 1590 912 1644 ante
940 1581 1192 1655 genitum
1221 1579 1420 1639 inutile
1451 1588 1559 1637 est.
1594 1588 1724 1638 sunt
1754 1589 2025 1638 auctores
2050 1579 2177 1655 ipso

88 1697 93 1702 ,
173 1664 488 1741 conplente
521 1663 818 1724 decumum
845 1682 1101 1726 mensem
1135 1664 1230 1739 ,die
1264 1681 1492 1742 parere.
1552 1664 1791 1739 gignunt
1834 1680 1967 1722 raro
1999 1664 2176 1739 gemi-

168 1764 304 1808 nos.
379 1749 565 1807 coitus
599 1767 643 1808 .a
685 1748 942 1825 delphini
985 1758 1190 1808 exortu
1225 1765 1277 1807 a.
1322 1748 1377 1807 d.
1432 1746 1615 1827 pridie
1662 1764 1843 1807 nonas
1882 1745 2179 1805 Ianuarias

93 1851 151 1892 ιο
177 1833 383 1901 diebus
425 1833 690 1909 triginta,
746 1833 949 1911 aliquis
997 1841 1055 1893 et
1096 1842 1398 1909 autumno,
1445 1832 1717 1908 gentibus
1762 1831 1986 1913 quidem
2031 1849 2179 1908 quae

173 1918 328 1976 lacte
364 1918 563 1977 vivont
611 1917 688 1976 ita
730 1917 1094 1994 dispensatus
1136 1927 1199 1979 ut
1247 1918 1396 1975 omni
1441 1925 1705 1994 tempore
1755 1917 1883 1974 anni
1925 1916 2180 1993 supersit

173 2000 606 2060 idalimentum.
653 2002 797 2059 tauri
829 2018 943 2061 non
972 2002 1206 2077 saepius
1239 2018 1406 2078 quam
1438 1999 1529 2059 bis
1566 2001 1656 2059 die
1691 2001 1904 2059 ineunt.
1950 2000 2143 2058 Boves
2160 2006 2264 2060 178

170 2084 496 2155 animalium
546 2084 661 2142 soli
708 2094 767 2143 et
805 2094 964 2143 retro
994 2083 1374 2143 ⁴ambulantes
1422 2093 1774 2160 pascuntur,
1814 2083 1965 2161 apud
2002 2083 2176 2141 Gara-

169 2177 393 2228 mantas
427 2168 654 2246 quidem
685 2167 822 2228 haut
852 2167 1039 2229 aliter.
1095 2167 1228 2226 Vita
1265 2167 1492 2226 feminis
1525 2167 1827 2244 quindenis
1863 2167 2025 2225 annis
2055 2167 2178 2225 lon-

92 2253 431 2330 25giss'ima,
478 2251 728 2310 maribus
767 2253 1006 2313 vicenis.
1071 2250 1250 2311 robur
1281 2252 1338 2309 in
1384 2251 1826 2328 quinquennatu.
1890 2248 2179 2315 lavatione

166 2336 400 2397 calidae
448 2353 635 2414 aquae
679 2334 975 2395 traduntur
1005 2335 1415 2412 pinguescere,
1462 2342 1520 2391 et
1560 2335 1610 2391 si
1654 2334 1782 2411 quis
1822 2333 2000 2393 incisa
2046 2342 2178 2393 cute

86 2492 89 2495 ¹
170 2419 782 2499 spiritumharundine
816 2420 871 2477 in
892 2420 1123 2479 viscera
1155 2418 1368 2494 adigat.
1414 2416 1546 2475 Non
1575 2418 1905 2494 degeneres
1933 2419 2145 2476 existu-
2164 2424 2262 2478 179

168 2504 360 2565 mandi
395 2505 564 2564 etiam
592 2503 776 2561 minus
807 2502 1034 2563 laudato
1074 2501 1375 2580 adspectu.
1441 2501 1760 2579 plurumum
1805 2501 1974 2563 lactis
2015 2499 2178 2578 Alpi-

169 2590 258 2648 nis
305 2587 510 2665 quibus
551 2589 854 2657 minumum
887 2587 1175 2663 corporis,
1221 2586 1542 2664 plurumum
1573 2585 1789 2645 laboris
1822 2586 2012 2663 capite
2051 2602 2179 2651 ,non

86 2674 411 2735 mccx-vioe
459 2673 689 2731 iunctiS.
762 2671 1019 2744 Syriacis
1061 2687 1176 2728 non
1224 2678 1355 2731 sunt
1413 2667 1831 2747 paleariased
1884 2667 2092 2743 gibber
2123 2668 2180 2725 in

171 2757 373 2816 dorsu.
437 2753 630 2815 Cal-ici
662 2771 896 2832 quoque
931 2755 986 2812 in
1019 2763 1180 2831 parte
1210 2753 1387 2813 Asiae
1418 2752 1578 2812 foedi
1604 2754 1732 2811 visu
1760 2752 1967 2811 tubere
2000 2769 2180 2828 super

168 2857 367 2901 amos
397 2857 431 2898 a
465 2839 790 2899 cervicibus
821 2840 1128 2913 eminente,
1163 2837 1373 2897 luxatis
1403 2836 1700 2911 cornibuS‚
1731 2835 2097 2899 excellentes
2123 2837 2179 2901 in

172 2941 359 3001 opere
393 2933 722 2998 narrantur,
777 2931 975 2983 cetero
1020 2923 1170 2998 nigri
1215 2922 1433 2981 coloris
1470 2921 1774 2981 candidive
1816 2919 1889 2983 ad
1920 2918 2180 2985 laborem

170 3007 529 3070 damnantur.
592 3008 770 3066 tauris
800 3008 1018 3067 minora
1068 3024 1236 3084 quam
1276 3004 1464 3064 bubus
1510 3022 1726 3065 cornua
1775 3006 2176 3082 tenuioraque.

88 3091 473 3154 &Demitura
521 3091 692 3153 boum
723 3092 780 3149 in
825 3091 1084 3164 trimatu,
1139 3099 1349 3166 postea
1378 3094 1549 3166 sera,
1594 3099 1724 3148 ante
1760 3097 2142 3167 praematura.
2163 3095 2266 3149 180

168 3185 410 3253 optume
449 3193 574 3234 cum
611 3176 826 3235 domito
860 3174 1138 3233 iuvencus
1172 3172 1434 3232 inbuitur.
1497 3173 1719 3232 socium
1763 3173 1914 3231 enim
1960 3171 2178 3231 laboris

173 3261 418 3337 agrique
461 3259 724 3321 culturae
767 3257 1042 3321 habemus
1091 3257 1206 3317 hoc
1259 3258 1467 3316 animal
1522 3266 1731 3327 tantae,
1759 3257 1910 3334 apud
1950 3257 2180 3334 priores

174 3361 351 3404 curae
399 3351 463 3401 ut
509 3345 583 3400 sit
624 3344 772 3401 inter
804 3342 1072 3420 exempla
1118 3342 1417 3403 damnatus
1448 3359 1480 3400 a
1516 3340 1745 3419 ‚populo
1789 3339 2047 3407 Romano
2086 3339 2201 3403 die.
2247 3400 2248 3403 ,
