2320 3650
181 82 260 143 58
911 89 970 137 C.
1005 88 1196 137 PLINI
1227 86 1529 138 summm
1593 92 1610 117 Ι

181 251 418 305 nocrate
449 244 606 320 item,
639 243 1050 319 Theomnesto,
1081 240 1533 320 Nymphodoro,
1569 241 1716 303 Iolla
1736 286 1754 319 ,
1793 243 2219 322 Apollodoro,

180 327 432 387 Pasitele
469 328 564 405 qui
593 326 872 386 mirabilia
906 343 1090 404 opera
1122 327 1390 402 scripsit,
1425 323 1722 402 Antigono
1761 327 1859 405 qui
1892 327 1972 388 de
2005 337 2218 388 toreu-

179 410 296 470 tice
326 410 578 487 scripsit,
603 409 980 470 Menaechmo
1004 410 1100 487 qui
1123 410 1281 483 item,
1305 407 1641 468 Xenocrate
1666 411 1764 487 qui
1788 412 1950 485 item,
1979 410 2218 472 Duride

183 494 279 571 qui
311 494 481 568 item,
517 492 831 553 Menandro
865 494 963 571 qui
996 493 1069 552 de
1098 492 1376 566 toreutis,
1420 491 1743 551 Heliodoro
1774 494 1873 571 qui
1901 494 1986 554 de
2021 494 2216 555 Athe·

180 578 459 636 ui‘ensium
491 577 864 636 anathematis
895 577 1146 653 scripsit,
1179 573 1517 634 Metrodoro
1551 575 1827 653 Scepsio.
2237 605 2263 641 5

296 658 470 719 Libro
486 658 779 719 XXXIIII.
808 659 1204 720 continentur:
1243 655 1512 736 (1—38)
1532 657 1710 717 Aeris
1723 659 1991 720 metalla.
2033 655 2220 746 (2—

178 744 242 802 5.
275 761 496 821 genera
529 744 703 804 aeris.
740 742 800 802 3.
835 759 981 819 quae
1019 740 1333 815 Corinthia,
1367 740 1427 799 4.
1459 759 1610 818 quae
1640 740 1914 818 Deliaca,
1953 744 2216 822 5.-quae
2301 742 2302 745 ’

182 826 546 904 Aeginetica.
581 826 637 886 6.
664 824 738 884 de
763 824 1146 884 candelabris.
1184 826 1241 883 7.
1268 824 1341 883 de
1355 823 1715 902 ,templorum
1738 829 2111 901 ornamentis
2136 846 2217 888 ex

182 928 343 970 aere.
393 907 450 970 8.
476 910 548 969 de
572 907 834 968 tricliniis
864 908 1077 967 aereis.
1109 907 1168 968 9.
1197 905 1353 986 quod
1385 907 1627 984 primum
1657 907 1756 968 dei
1785 909 2213 971 simulachrum

182 990 402 1053 Romae
434 1010 511 1051 ex
545 988 684 1051 aere
713 991 947 1050 factum.
1004 988 1079 1049 de
1110 989 1334 1066 origine
1366 998 1676 1051 statuarum
1709 990 2049 1052 ethonore.
2108 996 2209 1055 10.
2232 1015 2279 1056 ιο

183 1084 493 1136 statuarum
526 1091 745 1152 genera
773 1082 831 1132 et
860 1073 1100 1150 figurae.
1144 1073 1240 1132 11.
1268 1090 1418 1151 quae
1452 1074 1672 1150 primae
1697 1082 1925 1134 statuae
1949 1074 2210 1154 Romae,

184 1156 390 1237 quibus
422 1158 662 1236 primum
694 1155 930 1234 publice
976 1156 1240 1235 positae,
1294 1154 1502 1233 quibus
1537 1157 1781 1234 primum
1809 1159 1868 1217 in
1907 1159 2208 1220 columna.

182 1241 410 1319 quando
435 1250 642 1301 rostra.
678 1241 938 1319 antiquas
962 1248 1180 1300 statuas
1202 1247 1432 1315 togatas
1456 1239 1580 1298 sine
1605 1240 1817 1299 tunicis
1838 1240 2051 1302 fuisse.
2106 1242 2207 1303 12.

183 1323 390 1403 quibus
418 1325 679 1385 externis
714 1323 932 1383 Romae
960 1322 1199 1402 publice
1243 1322 1506 1400 positae,
1572 1321 1668 1382 13.
1710 1323 1925 1402 quibus
1972 1324 2210 1389 Romae
2301 1368 2302 1371 κ

181 1407 516 1467 mulieribus
540 1409 597 1467 in
621 1406 1131 1487 publicopositae,
1163 1422 1315 1483 quae
1339 1405 1520 1484 prima
1542 1404 1766 1466 Romae
1793 1416 1985 1468 statua
2017 1427 2274 1489 eque-15
2301 1470 2302 1473 ,

184 1493 318 1551 stris
342 1491 576 1570 publice
599 1491 808 1569 posita,
839 1492 933 1550 14.
952 1489 1180 1569 quando
1203 1505 1404 1549 omnes
1429 1490 1692 1567 privatim
1719 1492 1953 1567 positae
1971 1501 2206 1554 statuae

187 1593 263 1635 ex
294 1575 531 1654 publico
563 1573 848 1649 sublatae,
898 1574 994 1633 15.
1026 1588 1177 1652 quae
1209 1573 1389 1651 prima
1422 1571 1494 1632 ab
1523 1575 1784 1632 externis
1816 1574 2061 1652 publice
2097 1593 2203 1654 po-

184 1658 313 1718 sita.
350 1658 445 1719 16.
473 1657 654 1717 fuisse
678 1657 986 1736 antiquitus
1022 1666 1081 1716 et
1109 1657 1168 1715 in
1190 1654 1354 1715 Italia
1384 1655 1711 1717 statuarios.
1743 1657 1854 1717 ⁴17.
1881 1658 1960 1718 de
1992 1662 2204 1739 pretiis

125 1750 131 1757 “
185 1742 478 1817 signorum
523 1741 844 1800 inmodicis.
909 1739 1004 1802 18.
1052 1741 1128 1800 de
1175 1738 1425 1798 colossis
1467 1740 1525 1798 in
1567 1739 1713 1799 urbe
1760 1739 2198 1804 celeberrimis.

194 1824 287 1885 19.
320 1824 653 1888 nobilitates
696 1843 773 1884 ex
814 1831 952 1884 aere
989 1841 1232 1903 operum
1263 1831 1323 1882 et
1352 1823 1632 1885 artificum
1668 1821 2028 1887 CCCLXVI.
2096 1828 2268 1890 20.2o

187 1908 550 1969 differentiae
585 1909 737 1967 aeris
770 1916 827 1966 et
854 1909 1151 1969 mixturae.
1198 1907 1557 1986 depyropo,
1587 1908 1666 1969 de
1700 1906 2002 1987 Campano
2037 1929 2198 1973 aere.

187 1990 288 2050 21.
324 1992 397 2052 de
429 1990 716 2050 servando
749 2008 908 2051 aere.
964 1991 1064 2050 22.
1102 1991 1177 2050 de
1213 1990 1456 2053 cadmia.
1501 1990 1616 2071 23.
1653 1992 1987 2053 medicinae
2020 2014 2099 2055 ex
2130 2013 2201 2056 ea

185 2071 311 2133 XV.
353 2075 507 2134 aeris
546 2074 657 2133 usti
704 2074 948 2134 effectus
978 2075 1045 2134 in
1084 2074 1370 2134 medicina
1416 2071 1490 2133 X.
1553 2074 1655 2134 24.
1708 2075 1810 2135 25.
1872 2076 1952 2137 de
2004 2080 2201 2139 scoria

184 2159 361 2234 aeris,
396 2158 470 2218 de
501 2156 650 2217 flore
672 2158 855 2232 aeris,
893 2176 1128 2237 squama
1163 2157 1338 2231 aeris,
1372 2165 1717 2218 stomomate
1744 2160 1924 2219 aeris.
1957 2163 2198 2223 medici-

185 2258 298 2302 nae
330 2260 404 2301 ex
436 2242 522 2302 eis
555 2239 782 2302 XLVII.
837 2240 937 2302 26.
964 2258 1210 2318 aerugo.
1242 2240 1565 2300 medicinae
1600 2259 1676 2300 ex
1709 2260 1781 2301 ea
1814 2241 2033 2305 XVIII.
2092 2245 2193 2305 227.
2217 2266 2265 2308 ι’»

186 2324 519 2386 hieracium.
587 2324 690 2386 28.
737 2325 945 2385 scolex
986 2326 1160 2383 aeris.
1218 2323 1543 2384 medicinae
1585 2342 1663 2384 ex
1701 2341 1778 2385 eo
1813 2323 2033 2389 XVIII.
2094 2328 2198 2390 29.

188 2408 264 2468 de
291 2408 617 2469 chalcitide.
667 2408 988 2469 medicinae
1022 2425 1097 2466 ex
1129 2424 1199 2465 ea
1219 2405 1348 2467 VII.
1394 2408 1692 2484 psoricon.
1737 2407 1840 2468 30.
1877 2427 2044 2487 sory.
2077 2430 2203 2473 me-

188 2491 415 2553 dicinae
449 2511 524 2552 ex
555 2508 628 2552 eo
651 2490 753 2552 111.
799 2491 898 2552 31.
923 2492 1088 2565 misy.
1126 2489 1447 2550 medicinae
1476 2508 1551 2549 ex
1576 2508 1651 2550 eo
1674 2489 1861 2553 XIIII.
1910 2494 2015 2554 32.
2044 2496 2201 2558 chal-

160 2575 453 2635 canthum
495 2577 620 2635 sive
671 2584 1043 2636 atramentum
1086 2574 1381 2633 sutorium.
1431 2574 1754 2636 medicinae
1793 2594 1875 2635 ex
1919 2596 1994 2637 eo
2044 2578 2200 2641 XVI.

190 2657 291 2719 33.
327 2658 427 2719 34.
462 2658 853 2738 pompholyx,
888 2658 1172 2736 spodium.
1213 2656 1542 2718 medicinae
1576 2676 1651 2717 ex
1682 2659 1770 2717 eis
1799 2657 1903 2720 VI.
1963 2660 2070 2722 35.
2106 2681 2264 2725 ωηο

187 2742 406 2821 tispodi
433 2761 652 2819 genera
684 2741 810 2801 XV.
876 2741 977 2803 36.
1024 2758 1300 2818 smegma.
1361 2738 1461 2800 37.
1496 2742 1570 2801 de
1603 2740 1919 2819 diphryge.
1988 2741 2095 2806 38.
2131 2748 2203 2807 de

187 2826 400 2886 triente
442 2822 762 2911 Servilio).
827 2825 1141 2904 (39-46)
1189 2824 1280 2884 D’e
1325 2823 1468 2883 ferri
1517 2824 1770 2886 metallis
1822 2820 1973 2911 (40.
2032 2831 2202 2890 simu·

188 2908 390 2969 lachra
423 2928 499 2970 ex
547 2911 727 2972 ferro.
782 2909 1112 2969 caelaturae
1154 2926 1234 2967 ex
1277 2907 1458 2967 ferro.
1518 2908 1620 2967 41.
1655 2908 2032 2973 differentiae
2061 2913 2204 2974 ferri

192 3000 252 3051 et
282 3001 689 3072 temperatura.
744 2991 846 3053 42.
878 2992 955 3052 de
988 2992 1149 3051 ferro
1183 2991 1346 3069 quod
1366 2993 1559 3051 vivom
1589 2993 1909 3070 appellant.
1968 2995 2076 3057 43.
2109 3014 2204 3057 ro-

191 3074 404 3152 biginis
435 3077 711 3137 remedia.
769 3077 872 3136 44.
904 3075 1225 3135 medicinae
1257 3092 1335 3133 ex
1361 3074 1523 3134 ferro
1552 3073 1683 3150 VII,
1732 3076 1835 3135 45.
1871 3078 2261 3141 medicinaess

195 3175 273 3217 ex
321 3158 590 3235 robigine
637 3158 837 3234 XIIII,
894 3158 995 3217 46.
1026 3158 1350 3217 medicinae
1408 3174 1485 3216 ex
1537 3175 1775 3236 squama
1824 3160 1974 3221 ferri
2016 3159 2202 3239 XVII,

189 3236 782 3327 hygremplastrum).
816 3240 1128 3320 (47—56)
1162 3240 1253 3300 De
1275 3239 1494 3318 plumbi
1523 3237 1930 3327 metallissde
1965 3246 2203 3324 plumbo

191 3322 362 3402 albo,
426 3322 528 3385 48.
576 3325 651 3386 de
702 3334 938 3403 stagno,
996 3323 1071 3384 de
1127 3323 1493 3404 argentario,
1546 3324 1647 3385 49.
1702 3322 1777 3385 de
1824 3326 2073 3405 plumbo
2120 3321 2203 3393 ui-
