<?xml version="1.0" encoding="UTF-8"?>
<!DOCTYPE html PUBLIC "-//W3C//DTD XHTML 1.0 Transitional//EN"
    "http://www.w3.org/TR/xhtml1/DTD/xhtml1-transitional.dtd">
<html xmlns="http://www.w3.org/1999/xhtml" xml:lang="en" lang="en">
 <head>
  <title>
</title>
<meta http-equiv="Content-Type" content="text/html;charset=utf-8" />
  <meta name='ocr-system' content='tesseract 3.04.00' />
  <meta name='ocr-capabilities' content='ocr_page ocr_carea ocr_par ocr_line ocrx_word'/>
</head>
<body>
  <div class='ocr_page' id='page_1' title='image "./cplinisecundina00eldegoog_0615.png"; bbox 0 0 2320 3650; ppageno 0'>
   <div class='ocr_carea' id='block_1_1' title="bbox 48 65 1472 163">
    <p class='ocr_par' dir='ltr' id='par_1_1' title="bbox 48 65 1472 163">
     <span class='ocr_line' id='line_1_1' title="bbox 48 65 1472 163; baseline -0.006 -18"><span class='ocrx_word' id='word_1_1' title='bbox 48 65 58 79; x_wconf 84' lang='grc'><em>’</em></span> <span class='ocrx_word' id='word_1_2' title='bbox 148 83 270 144; x_wconf 84' lang='grc'><strong>270</strong></span> <span class='ocrx_word' id='word_1_3' title='bbox 824 94 885 141; x_wconf 81' lang='lat' dir='ltr'><strong>c,</strong></span> <span class='ocrx_word' id='word_1_4' title='bbox 931 94 1124 139; x_wconf 77' lang='lat' dir='ltr'><strong>Pmm</strong></span> <span class='ocrx_word' id='word_1_5' title='bbox 1171 91 1472 163; x_wconf 77' lang='lat' dir='ltr'><strong>sEcmrm</strong></span> 
     </span>
    </p>
   </div>
   <div class='ocr_carea' id='block_1_2' title="bbox 64 243 2275 3459">
    <p class='ocr_par' dir='ltr' id='par_1_2' title="bbox 64 243 2275 3445">
     <span class='ocr_line' id='line_1_2' title="bbox 149 243 2166 327; baseline -0.005 -16"><span class='ocrx_word' id='word_1_6' title='bbox 149 252 471 327; x_wconf 74' lang='lat' dir='ltr'><strong>adynamon</strong></span> <span class='ocrx_word' id='word_1_7' title='bbox 514 249 630 309; x_wconf 88' lang='lat' dir='ltr'><strong>hoc</strong></span> <span class='ocrx_word' id='word_1_8' title='bbox 672 249 879 308; x_wconf 85' lang='lat' dir='ltr'><strong>modo:</strong></span> <span class='ocrx_word' id='word_1_9' title='bbox 944 248 1061 308; x_wconf 85' lang='lat' dir='ltr'><strong>albi</strong></span> <span class='ocrx_word' id='word_1_10' title='bbox 1101 247 1585 306; x_wconf 84' lang='lat' dir='ltr'><strong>musti-sextariis</strong></span> <span class='ocrx_word' id='word_1_11' title='bbox 1629 259 1727 304; x_wconf 85' lang='lat' dir='ltr'><strong>xx</strong></span> <span class='ocrx_word' id='word_1_12' title='bbox 1772 261 1967 323; x_wconf 73' lang='lat' dir='ltr'><strong>aquae</strong></span> <span class='ocrx_word' id='word_1_13' title='bbox 2011 243 2166 302; x_wconf 82' lang='lat' dir='ltr'><strong>dimi·</strong></span> 
     </span>
     <span class='ocr_line' id='line_1_3' title="bbox 148 327 2166 410; baseline -0.005 -13"><span class='ocrx_word' id='word_1_14' title='bbox 148 336 298 397; x_wconf 87' lang='lat' dir='ltr'><strong>dium</strong></span> <span class='ocrx_word' id='word_1_15' title='bbox 334 333 401 375; x_wconf 84' lang='grc'><strong>**</strong></span> <span class='ocrx_word' id='word_1_16' title='bbox 432 335 624 393; x_wconf 81' lang='lat' dir='ltr'><strong>fervet</strong></span> <span class='ocrx_word' id='word_1_17' title='bbox 669 332 860 393; x_wconf 79' lang='lat' dir='ltr'><strong>donec</strong></span> <span class='ocrx_word' id='word_1_18' title='bbox 903 340 1265 410; x_wconf 80' lang='lat' dir='ltr'><strong>excoquatur</strong></span> <span class='ocrx_word' id='word_1_19' title='bbox 1313 348 1499 410; x_wconf 84' lang='lat' dir='ltr'><strong>aquae</strong></span> <span class='ocrx_word' id='word_1_20' title='bbox 1543 347 1840 388; x_wconf 88' lang='lat' dir='ltr'><strong>mensura.</strong></span> <span class='ocrx_word' id='word_1_21' title='bbox 1905 327 2007 388; x_wconf 85' lang='lat' dir='ltr'><strong>alii</strong></span> <span class='ocrx_word' id='word_1_22' title='bbox 2055 344 2166 394; x_wconf 83' lang='lat' dir='ltr'><strong>ma-</strong></span> 
     </span>
     <span class='ocr_line' id='line_1_4' title="bbox 148 412 2167 494; baseline -0.005 -16"><span class='ocrx_word' id='word_1_23' title='bbox 148 422 309 479; x_wconf 87' lang='lat' dir='ltr'><strong>rinae</strong></span> <span class='ocrx_word' id='word_1_24' title='bbox 371 419 663 477; x_wconf 80' lang='lat' dir='ltr'><strong>sextarios</strong></span> <span class='ocrx_word' id='word_1_25' title='bbox 717 418 956 492; x_wconf 90' lang='lat' dir='ltr'><strong>decem,</strong></span> <span class='ocrx_word' id='word_1_26' title='bbox 1013 416 1342 476; x_wconf 83' lang='lat' dir='ltr'><strong>tantundem</strong></span> <span class='ocrx_word' id='word_1_27' title='bbox 1399 415 1671 494; x_wconf 83' lang='lat' dir='ltr'><strong>pluviae,</strong></span> <span class='ocrx_word' id='word_1_28' title='bbox 1727 414 1788 471; x_wconf 89' lang='lat' dir='ltr'><strong>in</strong></span> <span class='ocrx_word' id='word_1_29' title='bbox 1848 412 1985 470; x_wconf 91' lang='lat' dir='ltr'><strong>sole</strong></span> <span class='ocrx_word' id='word_1_30' title='bbox 2037 429 2167 489; x_wconf 84' lang='lat' dir='ltr'><strong>qua·</strong></span> 
     </span>
     <span class='ocr_line' id='line_1_5' title="bbox 149 496 2170 580; baseline -0.004 -17"><span class='ocrx_word' id='word_1_31' title='bbox 149 505 408 580; x_wconf 80' lang='lat' dir='ltr'>draginta</span> <span class='ocrx_word' id='word_1_32' title='bbox 456 501 662 562; x_wconf 88' lang='lat' dir='ltr'><strong>diebus</strong></span> <span class='ocrx_word' id='word_1_33' title='bbox 707 510 952 561; x_wconf 87' lang='lat' dir='ltr'><strong>torrent.</strong></span> <span class='ocrx_word' id='word_1_34' title='bbox 1010 501 1146 560; x_wconf 89' lang='lat' dir='ltr'><strong>dant</strong></span> <span class='ocrx_word' id='word_1_35' title='bbox 1191 502 1388 577; x_wconf 79' lang='lat' dir='ltr'>aegris</span> <span class='ocrx_word' id='word_1_36' title='bbox 1432 497 1642 577; x_wconf 86' lang='lat' dir='ltr'><strong>quibus</strong></span> <span class='ocrx_word' id='word_1_37' title='bbox 1684 498 1802 556; x_wconf 84' lang='lat' dir='ltr'><strong>vini</strong></span> <span class='ocrx_word' id='word_1_38' title='bbox 1835 498 2075 555; x_wconf 78' lang='lat' dir='ltr'><strong>noxiam</strong></span> <span class='ocrx_word' id='word_1_39' title='bbox 2106 496 2170 553; x_wconf 86' lang='lat' dir='ltr'><strong>ti·</strong></span> 
     </span>
     <span class='ocr_line' id='line_1_6' title="bbox 64 579 2214 664; baseline -0.004 -13"><span class='ocrx_word' id='word_1_40' title='bbox 64 601 162 651; x_wconf 91' lang='grc'><strong>101</strong></span> <span class='ocrx_word' id='word_1_41' title='bbox 178 595 350 647; x_wconf 87' lang='lat' dir='ltr'><strong>ment.</strong></span> <span class='ocrx_word' id='word_1_42' title='bbox 384 588 458 664; x_wconf 82' lang='lat'><strong>[2.</strong></span> <span class='ocrx_word' id='word_1_43' title='bbox 464 587 485 664; x_wconf 83' lang='lat' dir='ltr'>J</span> <span class='ocrx_word' id='word_1_44' title='bbox 512 586 858 645; x_wconf 82' lang='lat' dir='ltr'><strong>Proxumum</strong></span> <span class='ocrx_word' id='word_1_45' title='bbox 883 586 947 644; x_wconf 84' lang='lat' dir='ltr'><strong>lit</strong></span> <span class='ocrx_word' id='word_1_46' title='bbox 965 604 998 644; x_wconf 85' lang='lat' dir='ltr'><strong>e</strong></span> <span class='ocrx_word' id='word_1_47' title='bbox 1024 585 1141 644; x_wconf 91' lang='lat' dir='ltr'><strong>mili</strong></span> <span class='ocrx_word' id='word_1_48' title='bbox 1158 587 1380 644; x_wconf 86' lang='lat' dir='ltr'><strong>semine</strong></span> <span class='ocrx_word' id='word_1_49' title='bbox 1401 591 1625 642; x_wconf 86' lang='lat' dir='ltr'><strong>maturo</strong></span> <span class='ocrx_word' id='word_1_50' title='bbox 1648 598 1779 641; x_wconf 83' lang='lat' dir='ltr'><strong>cum</strong></span> <span class='ocrx_word' id='word_1_51' title='bbox 1801 583 1937 660; x_wconf 87' lang='lat' dir='ltr'><strong>ipsa</strong></span> <span class='ocrx_word' id='word_1_52' title='bbox 1961 579 2172 658; x_wconf 79' lang='lat' dir='ltr'><strong>stipula</strong></span> <span class='ocrx_word' id='word_1_53' title='bbox 2191 603 2214 643; x_wconf 71' lang='grc' dir='ltr'>ε</span> 
     </span>
     <span class='ocr_line' id='line_1_7' title="bbox 148 666 2176 748; baseline -0.004 -18"><span class='ocrx_word' id='word_1_54' title='bbox 148 671 351 733; x_wconf 61' lang='lat' dir='ltr'><strong>libram</strong></span> <span class='ocrx_word' id='word_1_55' title='bbox 381 670 758 748; x_wconf 75' lang='lat' dir='ltr'><strong>quadrantem</strong></span> <span class='ocrx_word' id='word_1_56' title='bbox 801 672 859 728; x_wconf 91' lang='lat' dir='ltr'><strong>in</strong></span> <span class='ocrx_word' id='word_1_57' title='bbox 891 671 1135 745; x_wconf 79' lang='lat' dir='ltr'><strong>congios</strong></span> <span class='ocrx_word' id='word_1_58' title='bbox 1178 668 1325 728; x_wconf 89' lang='lat' dir='ltr'><strong>duos</strong></span> <span class='ocrx_word' id='word_1_59' title='bbox 1365 666 1569 742; x_wconf 85' lang='lat' dir='ltr'><strong>musti,</strong></span> <span class='ocrx_word' id='word_1_60' title='bbox 1609 674 1917 726; x_wconf 87' lang='lat' dir='ltr'><strong>macerato</strong></span> <span class='ocrx_word' id='word_1_61' title='bbox 1950 673 2015 724; x_wconf 85' lang='lat' dir='ltr'><strong>et</strong></span> <span class='ocrx_word' id='word_1_62' title='bbox 2043 673 2176 742; x_wconf 85' lang='lat' dir='ltr'><strong>post</strong></span> 
     </span>
     <span class='ocr_line' id='line_1_8' title="bbox 67 748 2174 834; baseline -0.003 -19"><span class='ocrx_word' id='word_1_63' title='bbox 67 756 137 830; x_wconf 68' lang='lat'><strong>,¹³00</strong></span> <span class='ocrx_word' id='word_1_64' title='bbox 168 766 488 834; x_wconf 83' lang='lat' dir='ltr'><strong>septumum</strong></span> <span class='ocrx_word' id='word_1_65' title='bbox 519 771 777 813; x_wconf 85' lang='lat' dir='ltr'><strong>mensem</strong></span> <span class='ocrx_word' id='word_1_66' title='bbox 804 754 1117 813; x_wconf 78' lang='lat' dir='ltr'><strong>transfuso.</strong></span> <span class='ocrx_word' id='word_1_67' title='bbox 1168 771 1245 812; x_wconf 87' lang='lat' dir='ltr'><strong>ex</strong></span> <span class='ocrx_word' id='word_1_68' title='bbox 1272 753 1394 812; x_wconf 94' lang='lat' dir='ltr'><strong>loto</strong></span> <span class='ocrx_word' id='word_1_69' title='bbox 1425 751 1674 827; x_wconf 86' lang='lat' dir='ltr'><strong>arbore,</strong></span> <span class='ocrx_word' id='word_1_70' title='bbox 1709 750 1962 824; x_wconf 82' lang='lat' dir='ltr'><strong>frutice,</strong></span> <span class='ocrx_word' id='word_1_71' title='bbox 1996 748 2174 808; x_wconf 82' lang='lat' dir='ltr'><strong>herba</strong></span> 
     </span>
     <span class='ocr_line' id='line_1_9' title="bbox 65 834 2242 935; baseline -0.005 -33"><span class='ocrx_word' id='word_1_72' title='bbox 65 850 165 902; x_wconf 83' lang='lat'><strong>102</strong></span> <span class='ocrx_word' id='word_1_73' title='bbox 190 840 402 900; x_wconf 91' lang='lat' dir='ltr'><strong>dictum</strong></span> <span class='ocrx_word' id='word_1_74' title='bbox 436 847 526 897; x_wconf 92' lang='lat' dir='ltr'><strong>est</strong></span> <span class='ocrx_word' id='word_1_75' title='bbox 557 839 637 896; x_wconf 90' lang='lat' dir='ltr'><strong>uti</strong></span> <span class='ocrx_word' id='word_1_76' title='bbox 670 855 942 917; x_wconf 84' lang='lat' dir='ltr'><strong>quaeque</strong></span> <span class='ocrx_word' id='word_1_77' title='bbox 988 838 1216 896; x_wconf 76' lang='lat' dir='ltr'><strong>tierent.</strong></span> <span class='ocrx_word' id='word_1_78' title='bbox 1259 837 1381 935; x_wconf 53' lang='lat'><strong>{351</strong></span> <span class='ocrx_word' id='word_1_79' title='bbox 1428 834 1602 895; x_wconf 84' lang='lat' dir='ltr'><strong>Fiunt</strong></span> <span class='ocrx_word' id='word_1_80' title='bbox 1632 844 1692 894; x_wconf 90' lang='lat' dir='ltr'><strong>et</strong></span> <span class='ocrx_word' id='word_1_81' title='bbox 1723 853 1761 894; x_wconf 90' lang='lat' dir='ltr'><strong>e</strong></span> <span class='ocrx_word' id='word_1_82' title='bbox 1793 835 1992 914; x_wconf 89' lang='lat' dir='ltr'><strong>pomis</strong></span> <span class='ocrx_word' id='word_1_83' title='bbox 2030 851 2173 912; x_wconf 81' lang='lat' dir='ltr'><strong>quae</strong></span> <span class='ocrx_word' id='word_1_84' title='bbox 2233 856 2242 868; x_wconf 93' lang='lat'><strong>·</strong></span> 
     </span>
     <span class='ocr_line' id='line_1_10' title="bbox 148 918 2171 1000; baseline -0.003 -18"><span class='ocrx_word' id='word_1_85' title='bbox 148 924 408 983; x_wconf 82' lang='lat' dir='ltr'><strong>dicemus</strong></span> <span class='ocrx_word' id='word_1_86' title='bbox 456 920 1028 1000; x_wconf 74' lang='lat' dir='ltr'><strong>interpretationibus</strong></span> <span class='ocrx_word' id='word_1_87' title='bbox 1072 938 1190 980; x_wconf 88' lang='lat' dir='ltr'><strong>non</strong></span> <span class='ocrx_word' id='word_1_88' title='bbox 1234 922 1346 980; x_wconf 85' lang='lat' dir='ltr'><strong>nisi</strong></span> <span class='ocrx_word' id='word_1_89' title='bbox 1373 921 1729 980; x_wconf 87' lang='lat' dir='ltr'><strong>necessariis</strong></span> <span class='ocrx_word' id='word_1_90' title='bbox 1764 918 2017 995; x_wconf 85' lang='lat' dir='ltr'><strong>additis,</strong></span> <span class='ocrx_word' id='word_1_91' title='bbox 2065 918 2171 996; x_wconf 91' lang='lat' dir='ltr'><strong>pri-</strong></span> 
     </span>
     <span class='ocr_line' id='line_1_11' title="bbox 144 1004 2231 1085; baseline 0 -19"><span class='ocrx_word' id='word_1_92' title='bbox 144 1025 414 1085; x_wconf 87' lang='lat' dir='ltr'><strong>mumque</strong></span> <span class='ocrx_word' id='word_1_93' title='bbox 449 1025 482 1064; x_wconf 92' lang='lat' dir='ltr'><strong>e</strong></span> <span class='ocrx_word' id='word_1_94' title='bbox 512 1006 752 1084; x_wconf 81' lang='lat' dir='ltr'><strong>palmis,</strong></span> <span class='ocrx_word' id='word_1_95' title='bbox 795 1024 910 1085; x_wconf 91' lang='lat' dir='ltr'><strong>quo</strong></span> <span class='ocrx_word' id='word_1_96' title='bbox 942 1005 1168 1081; x_wconf 77' lang='lat' dir='ltr'><strong>Parthi,</strong></span> <span class='ocrx_word' id='word_1_97' title='bbox 1211 1004 1333 1064; x_wconf 85' lang='lat' dir='ltr'><strong>Indi</strong></span> <span class='ocrx_word' id='word_1_98' title='bbox 1376 1014 1605 1064; x_wconf 89' lang='lat' dir='ltr'><strong>utuntur</strong></span> <span class='ocrx_word' id='word_1_99' title='bbox 1651 1012 1711 1063; x_wconf 88' lang='lat' dir='ltr'><strong>et</strong></span> <span class='ocrx_word' id='word_1_100' title='bbox 1761 1005 1963 1062; x_wconf 87' lang='lat' dir='ltr'><strong>oriens</strong></span> <span class='ocrx_word' id='word_1_101' title='bbox 1997 1011 2171 1075; x_wconf 82' lang='lat' dir='ltr'><strong>totns,</strong></span> <span class='ocrx_word' id='word_1_102' title='bbox 2190 1026 2231 1066; x_wconf 84' lang='grc' dir='ltr'><strong>ιο</strong></span> 
     </span>
     <span class='ocr_line' id='line_1_12' title="bbox 148 1087 2176 1167; baseline -0.003 -16"><span class='ocrx_word' id='word_1_103' title='bbox 148 1092 457 1164; x_wconf 89' lang='lat' dir='ltr'><strong>mitiorum,</strong></span> <span class='ocrx_word' id='word_1_104' title='bbox 492 1107 636 1167; x_wconf 87' lang='lat' dir='ltr'><strong>quas</strong></span> <span class='ocrx_word' id='word_1_105' title='bbox 669 1098 879 1150; x_wconf 87' lang='lat' dir='ltr'><strong>vocant</strong></span> <span class='ocrx_word' id='word_1_106' title='bbox 910 1089 1240 1165; x_wconf 73' lang='lat' dir='ltr'><strong>chydaeas,</strong></span> <span class='ocrx_word' id='word_1_107' title='bbox 1271 1089 1518 1148; x_wconf 84' lang='lat' dir='ltr'><strong>modio</strong></span> <span class='ocrx_word' id='word_1_108' title='bbox 1497 1107 1557 1148; x_wconf 89' lang='lat' dir='ltr'><strong>m</strong></span> <span class='ocrx_word' id='word_1_109' title='bbox 1584 1104 1772 1166; x_wconf 84' lang='lat' dir='ltr'><strong>aquae</strong></span> <span class='ocrx_word' id='word_1_110' title='bbox 1809 1088 2047 1164; x_wconf 83' lang='lat' dir='ltr'><strong>congiis</strong></span> <span class='ocrx_word' id='word_1_111' title='bbox 2077 1087 2176 1145; x_wconf 85' lang='lat' dir='ltr'><strong>tri-</strong></span> 
     </span>
     <span class='ocr_line' id='line_1_13' title="bbox 146 1172 2176 1252; baseline -0.002 -17"><span class='ocrx_word' id='word_1_112' title='bbox 146 1176 256 1236; x_wconf 87' lang='lat' dir='ltr'><strong>bus</strong></span> <span class='ocrx_word' id='word_1_113' title='bbox 300 1183 594 1234; x_wconf 89' lang='lat' dir='ltr'><strong>macerato</strong></span> <span class='ocrx_word' id='word_1_114' title='bbox 645 1191 1076 1252; x_wconf 83' lang='lat' dir='ltr'><strong>expressoque.</strong></span> <span class='ocrx_word' id='word_1_115' title='bbox 1149 1175 1237 1233; x_wconf 85' lang='lat' dir='ltr'><strong>sic</strong></span> <span class='ocrx_word' id='word_1_116' title='bbox 1282 1173 1344 1232; x_wconf 84' lang='lat' dir='ltr'><strong>fit</strong></span> <span class='ocrx_word' id='word_1_117' title='bbox 1392 1183 1453 1232; x_wconf 87' lang='lat' dir='ltr'><strong>et</strong></span> <span class='ocrx_word' id='word_1_118' title='bbox 1489 1174 1711 1246; x_wconf 73' lang='lat' dir='ltr'><strong>sycites</strong></span> <span class='ocrx_word' id='word_1_119' title='bbox 1749 1191 1783 1230; x_wconf 88' lang='lat' dir='ltr'><strong>e</strong></span> <span class='ocrx_word' id='word_1_120' title='bbox 1817 1172 1969 1244; x_wconf 84' lang='lat' dir='ltr'><strong>lico,</strong></span> <span class='ocrx_word' id='word_1_121' title='bbox 2007 1188 2176 1250; x_wconf 74' lang='lat' dir='ltr'><strong>quen</strong></span> 
     </span>
     <span class='ocr_line' id='line_1_14' title="bbox 149 1256 2177 1341; baseline -0.003 -22"><span class='ocrx_word' id='word_1_122' title='bbox 149 1261 245 1320; x_wconf 89' lang='lat' dir='ltr'><strong>alii</strong></span> <span class='ocrx_word' id='word_1_123' title='bbox 266 1259 719 1341; x_wconf 87' lang='lat' dir='ltr'><strong>pharnuprium,</strong></span> <span class='ocrx_word' id='word_1_124' title='bbox 763 1258 859 1317; x_wconf 87' lang='lat' dir='ltr'><strong>alii</strong></span> <span class='ocrx_word' id='word_1_125' title='bbox 902 1258 1130 1317; x_wconf 85' lang='lat' dir='ltr'><strong>trochin</strong></span> <span class='ocrx_word' id='word_1_126' title='bbox 1159 1265 1390 1317; x_wconf 88' lang='lat' dir='ltr'><strong>vocant.</strong></span> <span class='ocrx_word' id='word_1_127' title='bbox 1451 1265 1547 1317; x_wconf 92' lang='lat' dir='ltr'><strong>aut</strong></span> <span class='ocrx_word' id='word_1_128' title='bbox 1598 1258 1645 1316; x_wconf 89' lang='lat' dir='ltr'><strong>si</strong></span> <span class='ocrx_word' id='word_1_129' title='bbox 1680 1256 1858 1316; x_wconf 85' lang='lat' dir='ltr'><strong>dulce</strong></span> <span class='ocrx_word' id='word_1_130' title='bbox 1891 1274 2035 1315; x_wconf 88' lang='lat' dir='ltr'><strong>esse</strong></span> <span class='ocrx_word' id='word_1_131' title='bbox 2067 1271 2177 1313; x_wconf 83' lang='lat' dir='ltr'><strong>nou</strong></span> 
     </span>
     <span class='ocr_line' id='line_1_15' title="bbox 150 1338 2175 1421; baseline -0.002 -18"><span class='ocrx_word' id='word_1_132' title='bbox 150 1344 351 1419; x_wconf 87' lang='lat' dir='ltr'><strong>libeat,</strong></span> <span class='ocrx_word' id='word_1_133' title='bbox 388 1361 496 1421; x_wconf 92' lang='lat' dir='ltr'><strong>pro</strong></span> <span class='ocrx_word' id='word_1_134' title='bbox 528 1359 677 1421; x_wconf 84' lang='lat' dir='ltr'><strong>aqua</strong></span> <span class='ocrx_word' id='word_1_135' title='bbox 696 1342 1027 1402; x_wconf 87' lang='lat' dir='ltr'><strong>tantundem</strong></span> <span class='ocrx_word' id='word_1_136' title='bbox 1057 1343 1431 1402; x_wconf 82' lang='lat' dir='ltr'><strong>vinaceorum</strong></span> <span class='ocrx_word' id='word_1_137' title='bbox 1453 1341 1716 1400; x_wconf 82' lang='lat' dir='ltr'><strong>adicitur.</strong></span> <span class='ocrx_word' id='word_1_138' title='bbox 1754 1360 1789 1400; x_wconf 92' lang='lat' dir='ltr'><strong>e</strong></span> <span class='ocrx_word' id='word_1_139' title='bbox 1815 1338 2041 1418; x_wconf 73' lang='lat' dir='ltr'><strong>Cypria</strong></span> <span class='ocrx_word' id='word_1_140' title='bbox 2059 1339 2175 1398; x_wconf 77' lang='lat' dir='ltr'><strong>fico</strong></span> 
     </span>
     <span class='ocr_line' id='line_1_16' title="bbox 149 1422 2233 1505; baseline 0 -17"><span class='ocrx_word' id='word_1_141' title='bbox 149 1438 210 1487; x_wconf 81' lang='lat' dir='ltr'><strong>et</strong></span> <span class='ocrx_word' id='word_1_142' title='bbox 252 1437 476 1488; x_wconf 87' lang='lat' dir='ltr'><strong>acetum</strong></span> <span class='ocrx_word' id='word_1_143' title='bbox 509 1427 571 1486; x_wconf 83' lang='lat' dir='ltr'><strong>lit</strong></span> <span class='ocrx_word' id='word_1_144' title='bbox 611 1426 983 1505; x_wconf 78' lang='lat' dir='ltr'><strong>praecellens</strong></span> <span class='ocrx_word' id='word_1_145' title='bbox 1024 1436 1199 1504; x_wconf 88' lang='lat' dir='ltr'><strong>atque</strong></span> <span class='ocrx_word' id='word_1_146' title='bbox 1237 1425 1640 1485; x_wconf 79' lang='lat' dir='ltr'><strong>Alexandrino</strong></span> <span class='ocrx_word' id='word_1_147' title='bbox 1667 1422 1910 1503; x_wconf 79' lang='lat' dir='ltr'><strong>quoque</strong></span> <span class='ocrx_word' id='word_1_148' title='bbox 1952 1424 2233 1489; x_wconf 69' lang='lat' dir='ltr'><strong>melias-15</strong></span> 
     </span>
     <span class='ocr_line' id='line_1_17' title="bbox 67 1508 2177 1590; baseline -0.003 -16"><span class='ocrx_word' id='word_1_149' title='bbox 67 1523 170 1575; x_wconf 81' lang='grc'><strong>103</strong></span> <span class='ocrx_word' id='word_1_150' title='bbox 191 1512 397 1571; x_wconf 88' lang='lat' dir='ltr'><strong>Vinum</strong></span> <span class='ocrx_word' id='word_1_151' title='bbox 428 1512 488 1570; x_wconf 84' lang='lat' dir='ltr'><strong>lit</strong></span> <span class='ocrx_word' id='word_1_152' title='bbox 517 1520 578 1570; x_wconf 92' lang='lat' dir='ltr'><strong>et</strong></span> <span class='ocrx_word' id='word_1_153' title='bbox 609 1529 642 1570; x_wconf 92' lang='lat' dir='ltr'><strong>e</strong></span> <span class='ocrx_word' id='word_1_154' title='bbox 673 1510 891 1590; x_wconf 84' lang='lat' dir='ltr'><strong>siliqua</strong></span> <span class='ocrx_word' id='word_1_155' title='bbox 913 1511 1186 1586; x_wconf 74' lang='lat' dir='ltr'><strong>syriaca,</strong></span> <span class='ocrx_word' id='word_1_156' title='bbox 1220 1530 1256 1569; x_wconf 90' lang='lat' dir='ltr'><strong>e</strong></span> <span class='ocrx_word' id='word_1_157' title='bbox 1287 1512 1433 1589; x_wconf 90' lang='lat' dir='ltr'><strong>piris</strong></span> <span class='ocrx_word' id='word_1_158' title='bbox 1478 1511 1883 1589; x_wconf 82' lang='lat' dir='ltr'><strong>malorumque</strong></span> <span class='ocrx_word' id='word_1_159' title='bbox 1913 1508 2177 1568; x_wconf 79' lang='lat' dir='ltr'><strong>omnihus</strong></span> 
     </span>
     <span class='ocr_line' id='line_1_18' title="bbox 150 1593 2176 1672; baseline -0.002 -16"><span class='ocrx_word' id='word_1_160' title='bbox 150 1595 500 1672; x_wconf 86' lang='lat' dir='ltr'><strong>generibus,</strong></span> <span class='ocrx_word' id='word_1_161' title='bbox 538 1596 647 1655; x_wconf 88' lang='lat' dir='ltr'><strong>sed</strong></span> <span class='ocrx_word' id='word_1_162' title='bbox 679 1613 713 1654; x_wconf 89' lang='lat' dir='ltr'><strong>e</strong></span> <span class='ocrx_word' id='word_1_163' title='bbox 743 1595 972 1654; x_wconf 89' lang='lat' dir='ltr'><strong>Punicis</strong></span> <span class='ocrx_word' id='word_1_164' title='bbox 1002 1594 1237 1655; x_wconf 88' lang='lat' dir='ltr'><strong>rhoiten</strong></span> <span class='ocrx_word' id='word_1_165' title='bbox 1264 1603 1513 1669; x_wconf 84' lang='lat' dir='ltr'><strong>vocant,</strong></span> <span class='ocrx_word' id='word_1_166' title='bbox 1547 1603 1608 1652; x_wconf 86' lang='lat' dir='ltr'><strong>et</strong></span> <span class='ocrx_word' id='word_1_167' title='bbox 1630 1613 1667 1652; x_wconf 91' lang='lat' dir='ltr'><strong>e</strong></span> <span class='ocrx_word' id='word_1_168' title='bbox 1693 1595 1931 1668; x_wconf 85' lang='lat' dir='ltr'><strong>cornis,</strong></span> <span class='ocrx_word' id='word_1_169' title='bbox 1961 1593 2176 1671; x_wconf 86' lang='lat' dir='ltr'><strong>mespi-</strong></span> 
     </span>
     <span class='ocr_line' id='line_1_19' title="bbox 149 1675 2180 1758; baseline 0 -20"><span class='ocrx_word' id='word_1_170' title='bbox 149 1681 253 1756; x_wconf 85' lang='lat' dir='ltr'><strong>lis,</strong></span> <span class='ocrx_word' id='word_1_171' title='bbox 308 1679 540 1756; x_wconf 86' lang='lat' dir='ltr'><strong>sorbis,</strong></span> <span class='ocrx_word' id='word_1_172' title='bbox 585 1680 763 1738; x_wconf 89' lang='lat' dir='ltr'><strong>moris</strong></span> <span class='ocrx_word' id='word_1_173' title='bbox 807 1680 1017 1756; x_wconf 87' lang='lat' dir='ltr'><strong>siccis,</strong></span> <span class='ocrx_word' id='word_1_174' title='bbox 1062 1679 1289 1739; x_wconf 86' lang='lat' dir='ltr'><strong>nucleis</strong></span> <span class='ocrx_word' id='word_1_175' title='bbox 1338 1679 1545 1758; x_wconf 84' lang='lat' dir='ltr'><strong>pineis.</strong></span> <span class='ocrx_word' id='word_1_176' title='bbox 1631 1678 1690 1738; x_wconf 89' lang='lat' dir='ltr'><strong>hi</strong></span> <span class='ocrx_word' id='word_1_177' title='bbox 1729 1687 1926 1737; x_wconf 89' lang='lat' dir='ltr'><strong>musto</strong></span> <span class='ocrx_word' id='word_1_178' title='bbox 1969 1675 2180 1738; x_wconf 69' lang='lat' dir='ltr'><strong>madidi</strong></span> 
     </span>
     <span class='ocr_line' id='line_1_20' title="bbox 68 1759 2180 1880; baseline -0.004 -52"><span class='ocrx_word' id='word_1_179' title='bbox 68 1774 170 1880; x_wconf 59' lang='lat'><strong>¹1504</strong></span> <span class='ocrx_word' id='word_1_180' title='bbox 195 1765 619 1843; x_wconf 85' lang='lat' dir='ltr'><strong>exprimuntur,</strong></span> <span class='ocrx_word' id='word_1_181' title='bbox 665 1764 969 1842; x_wconf 86' lang='lat' dir='ltr'><strong>superiora</strong></span> <span class='ocrx_word' id='word_1_182' title='bbox 1012 1782 1122 1843; x_wconf 88' lang='lat' dir='ltr'><strong>per</strong></span> <span class='ocrx_word' id='word_1_183' title='bbox 1149 1781 1222 1823; x_wconf 89' lang='lat' dir='ltr'><strong>se</strong></span> <span class='ocrx_word' id='word_1_184' title='bbox 1246 1765 1422 1823; x_wconf 89' lang='lat' dir='ltr'><strong>mitia</strong></span> <span class='ocrx_word' id='word_1_185' title='bbox 1475 1761 1747 1839; x_wconf 76' lang='lat' dir='ltr'><strong>Myrtiten</strong></span> <span class='ocrx_word' id='word_1_186' title='bbox 1785 1759 1938 1822; x_wconf 86' lang='lat' dir='ltr'><strong>Cato</strong></span> <span class='ocrx_word' id='word_1_187' title='bbox 1984 1779 2180 1841; x_wconf 76' lang='lat' dir='ltr'><strong>quem·</strong></span> 
     </span>
     <span class='ocr_line' id='line_1_21' title="bbox 70 1845 2237 1930; baseline 0 -22"><span class='ocrx_word' id='word_1_188' title='bbox 70 1890 133 1923; x_wconf 70' lang='lat'><strong>,23</strong></span> <span class='ocrx_word' id='word_1_189' title='bbox 159 1848 460 1909; x_wconf 88' lang='lat' dir='ltr'><strong>admodum</strong></span> <span class='ocrx_word' id='word_1_190' title='bbox 521 1848 647 1907; x_wconf 82' lang='lat' dir='ltr'><strong>lie‘ri</strong></span> <span class='ocrx_word' id='word_1_191' title='bbox 704 1848 972 1930; x_wconf 87' lang='lat' dir='ltr'><strong>docuerit</strong></span> <span class='ocrx_word' id='word_1_192' title='bbox 1042 1865 1181 1908; x_wconf 86' lang='lat' dir='ltr'><strong>mox</strong></span> <span class='ocrx_word' id='word_1_193' title='bbox 1232 1848 1408 1927; x_wconf 88' lang='lat' dir='ltr'><strong>paulo</strong></span> <span class='ocrx_word' id='word_1_194' title='bbox 1463 1847 1845 1908; x_wconf 87' lang='lat' dir='ltr'><strong>indicabimus</strong></span> <span class='ocrx_word' id='word_1_195' title='bbox 1874 1893 1893 1923; x_wconf 90' lang='lat'><strong>.,</strong></span> <span class='ocrx_word' id='word_1_196' title='bbox 1969 1845 2237 1909; x_wconf 66' lang='lat' dir='ltr'><strong>Graecia</strong></span> 
     </span>
     <span class='ocr_line' id='line_1_22' title="bbox 153 1931 2178 1993; baseline -0 -2"><span class='ocrx_word' id='word_1_197' title='bbox 153 1943 212 1991; x_wconf 90' lang='lat' dir='ltr'><strong>et</strong></span> <span class='ocrx_word' id='word_1_198' title='bbox 240 1933 355 1991; x_wconf 90' lang='lat' dir='ltr'><strong>alio</strong></span> <span class='ocrx_word' id='word_1_199' title='bbox 385 1932 580 1991; x_wconf 89' lang='lat' dir='ltr'><strong>modo.</strong></span> <span class='ocrx_word' id='word_1_200' title='bbox 633 1933 806 1991; x_wconf 87' lang='lat' dir='ltr'><strong>ramis</strong></span> <span class='ocrx_word' id='word_1_201' title='bbox 835 1934 1053 1993; x_wconf 87' lang='lat' dir='ltr'><strong>teneris</strong></span> <span class='ocrx_word' id='word_1_202' title='bbox 1096 1951 1226 1993; x_wconf 86' lang='lat' dir='ltr'><strong>cum</strong></span> <span class='ocrx_word' id='word_1_203' title='bbox 1262 1935 1377 1992; x_wconf 84' lang='lat' dir='ltr'><strong>suis</strong></span> <span class='ocrx_word' id='word_1_204' title='bbox 1411 1932 1613 1992; x_wconf 84' lang='lat' dir='ltr'><strong>foliis</strong></span> <span class='ocrx_word' id='word_1_205' title='bbox 1597 1950 1655 1991; x_wconf 90' lang='grc' dir='ltr'><strong>ιιι</strong></span> <span class='ocrx_word' id='word_1_206' title='bbox 1687 1931 1824 1991; x_wconf 86' lang='lat' dir='ltr'><strong>albo</strong></span> <span class='ocrx_word' id='word_1_207' title='bbox 1852 1941 2054 1992; x_wconf 86' lang='lat' dir='ltr'><strong>musto</strong></span> <span class='ocrx_word' id='word_1_208' title='bbox 2085 1931 2178 1990; x_wconf 76' lang='lat' dir='ltr'><strong>‹le-</strong></span> 
     </span>
     <span class='ocr_line' id='line_1_23' title="bbox 154 2015 2178 2093; baseline -0.002 -16"><span class='ocrx_word' id='word_1_209' title='bbox 154 2018 373 2092; x_wconf 89' lang='lat' dir='ltr'><strong>coctis,</strong></span> <span class='ocrx_word' id='word_1_210' title='bbox 407 2018 622 2092; x_wconf 76' lang='lat' dir='ltr'><strong>tunsiS,</strong></span> <span class='ocrx_word' id='word_1_211' title='bbox 671 2016 874 2075; x_wconf 85' lang='lat' dir='ltr'><strong>libram</strong></span> <span class='ocrx_word' id='word_1_212' title='bbox 906 2018 963 2075; x_wconf 89' lang='lat' dir='ltr'><strong>in</strong></span> <span class='ocrx_word' id='word_1_213' title='bbox 997 2018 1183 2077; x_wconf 90' lang='lat' dir='ltr'><strong>trihus</strong></span> <span class='ocrx_word' id='word_1_214' title='bbox 1218 2018 1391 2077; x_wconf 87' lang='lat' dir='ltr'><strong>musti</strong></span> <span class='ocrx_word' id='word_1_215' title='bbox 1422 2018 1648 2093; x_wconf 84' lang='lat' dir='ltr'><strong>congiis</strong></span> <span class='ocrx_word' id='word_1_216' title='bbox 1679 2015 2178 2089; x_wconf 83' lang='lat' dir='ltr'><strong>defervefaciunt,</strong></span> 
     </span>
     <span class='ocr_line' id='line_1_24' title="bbox 154 2100 2181 2179; baseline -0 -18"><span class='ocrx_word' id='word_1_217' title='bbox 154 2101 346 2161; x_wconf 82' lang='lat' dir='ltr'><strong>donec</strong></span> <span class='ocrx_word' id='word_1_218' title='bbox 386 2101 854 2179; x_wconf 70' lang='lat' dir='ltr'><strong>duo&#39;supersint.</strong></span> <span class='ocrx_word' id='word_1_219' title='bbox 922 2102 1081 2179; x_wconf 84' lang='lat' dir='ltr'><strong>quod</strong></span> <span class='ocrx_word' id='word_1_220' title='bbox 1122 2103 1201 2161; x_wconf 89' lang='lat' dir='ltr'><strong>ita</strong></span> <span class='ocrx_word' id='word_1_221' title='bbox 1245 2102 1534 2161; x_wconf 74' lang='lat' dir='ltr'><strong>silvestris</strong></span> <span class='ocrx_word' id='word_1_222' title='bbox 1564 2102 1733 2175; x_wconf 76' lang='lat' dir='ltr'><strong>myrti</strong></span> <span class='ocrx_word' id='word_1_223' title='bbox 1766 2100 1937 2160; x_wconf 88' lang='lat' dir='ltr'><strong>bacis</strong></span> <span class='ocrx_word' id='word_1_224' title='bbox 1968 2101 2181 2160; x_wconf 78' lang='lat' dir='ltr'><strong>factum</strong></span> 
     </span>
     <span class='ocr_line' id='line_1_25' title="bbox 71 2183 2181 2264; baseline -0.001 -17"><span class='ocrx_word' id='word_1_225' title='bbox 71 2195 172 2247; x_wconf 81' lang='lat'><strong>105</strong></span> <span class='ocrx_word' id='word_1_226' title='bbox 203 2195 292 2245; x_wconf 86' lang='lat' dir='ltr'><strong>est</strong></span> <span class='ocrx_word' id='word_1_227' title='bbox 333 2185 713 2260; x_wconf 79' lang='lat' dir='ltr'><strong>myrtidanum</strong></span> <span class='ocrx_word' id='word_1_228' title='bbox 754 2194 1018 2245; x_wconf 53' lang='lat' dir='ltr'><strong>vocatur,</strong></span> <span class='ocrx_word' id='word_1_229' title='bbox 1093 2186 1211 2246; x_wconf 88' lang='lat' dir='ltr'><strong>hoc</strong></span> <span class='ocrx_word' id='word_1_230' title='bbox 1248 2203 1448 2245; x_wconf 86' lang='lat' dir='ltr'><strong>manus</strong></span> <span class='ocrx_word' id='word_1_231' title='bbox 1490 2186 1717 2262; x_wconf 82' lang='lat' dir='ltr'><strong>tinguit.</strong></span> <span class='ocrx_word' id='word_1_232' title='bbox 1784 2186 1893 2264; x_wconf 75' lang='grc'>[4.]</span> <span class='ocrx_word' id='word_1_233' title='bbox 1952 2183 2055 2243; x_wconf 83' lang='lat' dir='ltr'><strong>Ex</strong></span> <span class='ocrx_word' id='word_1_234' title='bbox 2097 2184 2181 2244; x_wconf 83' lang='lat' dir='ltr'><strong>his</strong></span> 
     </span>
     <span class='ocr_line' id='line_1_26' title="bbox 156 2269 2274 2348; baseline 0.001 -19"><span class='ocrx_word' id='word_1_235' title='bbox 156 2287 305 2347; x_wconf 87' lang='lat' dir='ltr'><strong>quae</strong></span> <span class='ocrx_word' id='word_1_236' title='bbox 334 2270 394 2328; x_wconf 90' lang='lat' dir='ltr'><strong>in</strong></span> <span class='ocrx_word' id='word_1_237' title='bbox 422 2270 606 2330; x_wconf 88' lang='lat' dir='ltr'><strong>hortis</strong></span> <span class='ocrx_word' id='word_1_238' title='bbox 638 2270 949 2346; x_wconf 82' lang='lat' dir='ltr'><strong>gignuntur</strong></span> <span class='ocrx_word' id='word_1_239' title='bbox 980 2271 1041 2329; x_wconf 83' lang='lat' dir='ltr'><strong>fit</strong></span> <span class='ocrx_word' id='word_1_240' title='bbox 1083 2271 1276 2329; x_wconf 83' lang='lat' dir='ltr'><strong>vinum</strong></span> <span class='ocrx_word' id='word_1_241' title='bbox 1312 2289 1345 2329; x_wconf 90' lang='lat' dir='ltr'><strong>e</strong></span> <span class='ocrx_word' id='word_1_242' title='bbox 1379 2270 1579 2330; x_wconf 86' lang='lat' dir='ltr'><strong>radice</strong></span> <span class='ocrx_word' id='word_1_243' title='bbox 1609 2272 1921 2347; x_wconf 84' lang='lat' dir='ltr'><strong>asparagi,</strong></span> <span class='ocrx_word' id='word_1_244' title='bbox 1967 2269 2238 2344; x_wconf 50' lang='lat' dir='ltr'><strong>cunilam</strong></span> <span class='ocrx_word' id='word_1_245' title='bbox 2273 2289 2274 2348; x_wconf 37' lang='grc' dir='ltr'>ζ</span> 
     </span>
     <span class='ocr_line' id='line_1_27' title="bbox 157 2353 2182 2433; baseline 0 -21"><span class='ocrx_word' id='word_1_246' title='bbox 157 2355 435 2431; x_wconf 82' lang='lat' dir='ltr'><strong>origano,</strong></span> <span class='ocrx_word' id='word_1_247' title='bbox 485 2355 579 2432; x_wconf 89' lang='lat' dir='ltr'><strong>api</strong></span> <span class='ocrx_word' id='word_1_248' title='bbox 621 2354 875 2429; x_wconf 87' lang='lat' dir='ltr'><strong>semine,</strong></span> <span class='ocrx_word' id='word_1_249' title='bbox 923 2353 1287 2430; x_wconf 76' lang='lat' dir='ltr'><strong>habrotono,</strong></span> <span class='ocrx_word' id='word_1_250' title='bbox 1332 2362 1684 2429; x_wconf 88' lang='lat' dir='ltr'><strong>mentastro,</strong></span> <span class='ocrx_word' id='word_1_251' title='bbox 1729 2361 1896 2429; x_wconf 87' lang='lat' dir='ltr'><strong>ruta,</strong></span> <span class='ocrx_word' id='word_1_252' title='bbox 1941 2361 2182 2433; x_wconf 78' lang='lat' dir='ltr'><strong>nepeta,</strong></span> 
     </span>
     <span class='ocr_line' id='line_1_28' title="bbox 156 2437 2274 2522; baseline -0 -25"><span class='ocrx_word' id='word_1_253' title='bbox 156 2438 452 2516; x_wconf 74' lang='lat' dir='ltr'><strong>serpyllo,</strong></span> <span class='ocrx_word' id='word_1_254' title='bbox 486 2437 797 2499; x_wconf 85' lang='lat' dir='ltr'><strong>marrubio.</strong></span> <span class='ocrx_word' id='word_1_255' title='bbox 856 2439 1182 2517; x_wconf 86' lang='lat' dir='ltr'><strong>manipulos</strong></span> <span class='ocrx_word' id='word_1_256' title='bbox 1202 2438 1373 2499; x_wconf 87' lang='lat' dir='ltr'><strong>binos</strong></span> <span class='ocrx_word' id='word_1_257' title='bbox 1407 2439 1660 2499; x_wconf 88' lang='lat' dir='ltr'><strong>condunt</strong></span> <span class='ocrx_word' id='word_1_258' title='bbox 1689 2438 1747 2496; x_wconf 89' lang='lat' dir='ltr'><strong>in</strong></span> <span class='ocrx_word' id='word_1_259' title='bbox 1771 2437 1981 2497; x_wconf 88' lang='lat' dir='ltr'><strong>cadum</strong></span> <span class='ocrx_word' id='word_1_260' title='bbox 2019 2438 2185 2499; x_wconf 85' lang='lat' dir='ltr'><strong>musti</strong></span> <span class='ocrx_word' id='word_1_261' title='bbox 2239 2445 2274 2522; x_wconf 50' lang='grc' dir='ltr'><strong>ι’</strong></span> 
     </span>
     <span class='ocr_line' id='line_1_29' title="bbox 74 2522 2274 2603; baseline -0.003 -20"><span class='ocrx_word' id='word_1_262' title='bbox 74 2531 174 2584; x_wconf 91' lang='grc'><strong>106</strong></span> <span class='ocrx_word' id='word_1_263' title='bbox 198 2531 255 2581; x_wconf 87' lang='lat' dir='ltr'><strong>et</strong></span> <span class='ocrx_word' id='word_1_264' title='bbox 311 2539 491 2600; x_wconf 86' lang='lat' dir='ltr'><strong>sapae</strong></span> <span class='ocrx_word' id='word_1_265' title='bbox 545 2522 858 2582; x_wconf 87' lang='lat' dir='ltr'><strong>sextarium</strong></span> <span class='ocrx_word' id='word_1_266' title='bbox 900 2531 960 2581; x_wconf 87' lang='lat' dir='ltr'><strong>et</strong></span> <span class='ocrx_word' id='word_1_267' title='bbox 1011 2540 1198 2601; x_wconf 86' lang='lat' dir='ltr'><strong>aquae</strong></span> <span class='ocrx_word' id='word_1_268' title='bbox 1250 2524 1506 2583; x_wconf 85' lang='lat' dir='ltr'><strong>marinae</strong></span> <span class='ocrx_word' id='word_1_269' title='bbox 1553 2522 1860 2582; x_wconf 85' lang='lat' dir='ltr'><strong>heminam.</strong></span> <span class='ocrx_word' id='word_1_270' title='bbox 1932 2541 1967 2581; x_wconf 91' lang='lat' dir='ltr'><strong>e</strong></span> <span class='ocrx_word' id='word_1_271' title='bbox 2023 2523 2188 2603; x_wconf 80' lang='lat' dir='ltr'><strong>napis</strong></span> <span class='ocrx_word' id='word_1_272' title='bbox 2273 2573 2274 2576; x_wconf 74' lang='grc'>,</span> 
     </span>
     <span class='ocr_line' id='line_1_30' title="bbox 155 2603 2274 2685; baseline -0.001 -18"><span class='ocrx_word' id='word_1_273' title='bbox 155 2607 218 2667; x_wconf 83' lang='lat' dir='ltr'><strong>fit</strong></span> <span class='ocrx_word' id='word_1_274' title='bbox 248 2606 418 2665; x_wconf 90' lang='lat' dir='ltr'><strong>duum</strong></span> <span class='ocrx_word' id='word_1_275' title='bbox 446 2605 815 2666; x_wconf 86' lang='lat' dir='ltr'><strong>denariorum</strong></span> <span class='ocrx_word' id='word_1_276' title='bbox 839 2607 1103 2685; x_wconf 89' lang='lat' dir='ltr'><strong>pondere</strong></span> <span class='ocrx_word' id='word_1_277' title='bbox 1136 2609 1193 2667; x_wconf 90' lang='lat' dir='ltr'><strong>in</strong></span> <span class='ocrx_word' id='word_1_278' title='bbox 1226 2611 1516 2668; x_wconf 86' lang='lat' dir='ltr'><strong>sextarios</strong></span> <span class='ocrx_word' id='word_1_279' title='bbox 1549 2607 1717 2666; x_wconf 84' lang='lat' dir='ltr'><strong>binos</strong></span> <span class='ocrx_word' id='word_1_280' title='bbox 1750 2609 1924 2666; x_wconf 86' lang='lat' dir='ltr'><strong>musti</strong></span> <span class='ocrx_word' id='word_1_281' title='bbox 1961 2607 2185 2681; x_wconf 81' lang='lat' dir='ltr'><strong>addito,</strong></span> <span class='ocrx_word' id='word_1_282' title='bbox 2273 2603 2274 2610; x_wconf 72' lang='grc'>’</span> 
     </span>
     <span class='ocr_line' id='line_1_31' title="bbox 156 2690 2274 2752; baseline -0 -2"><span class='ocrx_word' id='word_1_283' title='bbox 156 2692 293 2750; x_wconf 86' lang='lat' dir='ltr'><strong>item</strong></span> <span class='ocrx_word' id='word_1_284' title='bbox 338 2709 372 2749; x_wconf 88' lang='lat' dir='ltr'><strong>e</strong></span> <span class='ocrx_word' id='word_1_285' title='bbox 416 2690 621 2750; x_wconf 88' lang='lat' dir='ltr'><strong>scillae</strong></span> <span class='ocrx_word' id='word_1_286' title='bbox 664 2690 882 2750; x_wconf 86' lang='lat' dir='ltr'><strong>radice.</strong></span> <span class='ocrx_word' id='word_1_287' title='bbox 941 2693 1091 2752; x_wconf 88' lang='lat' dir='ltr'><strong>inter</strong></span> <span class='ocrx_word' id='word_1_288' title='bbox 1133 2692 1313 2752; x_wconf 88' lang='lat' dir='ltr'><strong>flores</strong></span> <span class='ocrx_word' id='word_1_289' title='bbox 1357 2710 1433 2751; x_wconf 83' lang='lat' dir='ltr'><strong>ex</strong></span> <span class='ocrx_word' id='word_1_290' title='bbox 1478 2709 1652 2751; x_wconf 90' lang='lat' dir='ltr'><strong>rosae</strong></span> <span class='ocrx_word' id='word_1_291' title='bbox 1696 2690 1855 2750; x_wconf 81' lang='lat' dir='ltr'><strong>foliis</strong></span> <span class='ocrx_word' id='word_1_292' title='bbox 1908 2693 2100 2751; x_wconf 84' lang='lat' dir='ltr'><strong>tunsis</strong></span> <span class='ocrx_word' id='word_1_293' title='bbox 2132 2692 2274 2751; x_wconf 25' lang='lat' dir='ltr'><strong>inni</strong></span> 
     </span>
     <span class='ocr_line' id='line_1_32' title="bbox 158 2774 2189 2855; baseline 0 -21"><span class='ocrx_word' id='word_1_294' title='bbox 158 2774 403 2834; x_wconf 90' lang='lat' dir='ltr'><strong>linteolo</strong></span> <span class='ocrx_word' id='word_1_295' title='bbox 434 2775 491 2833; x_wconf 88' lang='lat' dir='ltr'><strong>in</strong></span> <span class='ocrx_word' id='word_1_296' title='bbox 534 2784 780 2834; x_wconf 87' lang='lat' dir='ltr'><strong>mustum</strong></span> <span class='ocrx_word' id='word_1_297' title='bbox 822 2775 1069 2835; x_wconf 89' lang='lat' dir='ltr'><strong>conlatis</strong></span> <span class='ocrx_word' id='word_1_298' title='bbox 1104 2795 1232 2836; x_wconf 89' lang='lat' dir='ltr'><strong>cum</strong></span> <span class='ocrx_word' id='word_1_299' title='bbox 1261 2775 1663 2855; x_wconf 82' lang='lat' dir='ltr'><strong>pondusculo,</strong></span> <span class='ocrx_word' id='word_1_300' title='bbox 1708 2784 1769 2834; x_wconf 87' lang='lat' dir='ltr'><strong>ut</strong></span> <span class='ocrx_word' id='word_1_301' title='bbox 1798 2775 1986 2850; x_wconf 87' lang='lat' dir='ltr'><strong>sidat,</strong></span> <span class='ocrx_word' id='word_1_302' title='bbox 2039 2774 2116 2835; x_wconf 85' lang='lat' dir='ltr'><strong>X.</strong></span> <span class='ocrx_word' id='word_1_303' title='bbox 2145 2787 2189 2835; x_wconf 71' lang='grc' dir='ltr'><strong>Ι,</strong></span> 
     </span>
     <span class='ocr_line' id='line_1_33' title="bbox 159 2858 2216 2937; baseline 0.001 -19"><span class='ocrx_word' id='word_1_304' title='bbox 159 2858 424 2937; x_wconf 88' lang='lat' dir='ltr'><strong>pondere</strong></span> <span class='ocrx_word' id='word_1_305' title='bbox 457 2860 513 2917; x_wconf 89' lang='lat' dir='ltr'><strong>in</strong></span> <span class='ocrx_word' id='word_1_306' title='bbox 545 2860 836 2918; x_wconf 84' lang='lat' dir='ltr'><strong>sextarios</strong></span> <span class='ocrx_word' id='word_1_307' title='bbox 866 2861 1034 2919; x_wconf 89' lang='lat' dir='ltr'><strong>musti</strong></span> <span class='ocrx_word' id='word_1_308' title='bbox 1064 2862 1307 2920; x_wconf 79' lang='lat' dir='ltr'><strong>vicenos</strong></span> <span class='ocrx_word' id='word_1_309' title='bbox 1337 2879 1449 2920; x_wconf 89' lang='lat' dir='ltr'><strong>nec</strong></span> <span class='ocrx_word' id='word_1_310' title='bbox 1479 2869 1612 2920; x_wconf 91' lang='lat' dir='ltr'><strong>ante</strong></span> <span class='ocrx_word' id='word_1_311' title='bbox 1636 2860 1740 2918; x_wconf 87' lang='lat' dir='ltr'><strong>tris</strong></span> <span class='ocrx_word' id='word_1_312' title='bbox 1770 2877 2013 2919; x_wconf 79' lang='lat' dir='ltr'><strong>menses</strong></span> <span class='ocrx_word' id='word_1_313' title='bbox 2046 2875 2216 2928; x_wconf 76' lang='lat' dir='ltr'><strong>vase.</strong></span> 
     </span>
     <span class='ocr_line' id='line_1_34' title="bbox 74 2942 2188 3024; baseline 0.001 -21"><span class='ocrx_word' id='word_1_314' title='bbox 74 2952 174 3005; x_wconf 88' lang='grc'><strong>107</strong></span> <span class='ocrx_word' id='word_1_315' title='bbox 202 2950 428 3019; x_wconf 88' lang='lat' dir='ltr'><strong>aperto.</strong></span> <span class='ocrx_word' id='word_1_316' title='bbox 487 2944 624 3002; x_wconf 88' lang='lat' dir='ltr'><strong>item</strong></span> <span class='ocrx_word' id='word_1_317' title='bbox 656 2961 691 3001; x_wconf 92' lang='lat' dir='ltr'><strong>e</strong></span> <span class='ocrx_word' id='word_1_318' title='bbox 721 2944 903 3003; x_wconf 89' lang='lat' dir='ltr'><strong>nardo</strong></span> <span class='ocrx_word' id='word_1_319' title='bbox 937 2942 1165 3004; x_wconf 82' lang='lat' dir='ltr'><strong>Gallico</strong></span> <span class='ocrx_word' id='word_1_320' title='bbox 1200 2954 1258 3005; x_wconf 91' lang='lat' dir='ltr'><strong>et</strong></span> <span class='ocrx_word' id='word_1_321' title='bbox 1289 2945 1443 3005; x_wconf 88' lang='lat' dir='ltr'><strong>aliud</strong></span> <span class='ocrx_word' id='word_1_322' title='bbox 1480 2964 1514 3004; x_wconf 89' lang='lat' dir='ltr'><strong>e</strong></span> <span class='ocrx_word' id='word_1_323' title='bbox 1548 2944 1825 3006; x_wconf 86' lang='lat' dir='ltr'><strong>silvestri.</strong></span> <span class='ocrx_word' id='word_1_324' title='bbox 1887 2945 1966 3024; x_wconf 74' lang='lat'><strong>[5.</strong></span> <span class='ocrx_word' id='word_1_325' title='bbox 1977 2945 2001 3023; x_wconf 85' lang='lat' dir='ltr'><strong>l</strong></span> <span class='ocrx_word' id='word_1_326' title='bbox 2038 2945 2188 3005; x_wconf 81' lang='lat' dir='ltr'><strong>Aro-</strong></span> 
     </span>
     <span class='ocr_line' id='line_1_35' title="bbox 159 3026 2186 3106; baseline 0.004 -25"><span class='ocrx_word' id='word_1_327' title='bbox 159 3026 394 3082; x_wconf 87' lang='lat' dir='ltr'><strong>matiten</strong></span> <span class='ocrx_word' id='word_1_328' title='bbox 443 3043 678 3105; x_wconf 83' lang='lat' dir='ltr'><strong>qnoque</strong></span> <span class='ocrx_word' id='word_1_329' title='bbox 716 3028 957 3087; x_wconf 86' lang='lat' dir='ltr'><strong>invenio</strong></span> <span class='ocrx_word' id='word_1_330' title='bbox 991 3028 1315 3089; x_wconf 79' lang='lat' dir='ltr'><strong>factitatum</strong></span> <span class='ocrx_word' id='word_1_331' title='bbox 1360 3038 1574 3089; x_wconf 86' lang='lat' dir='ltr'><strong>tantum</strong></span> <span class='ocrx_word' id='word_1_332' title='bbox 1612 3043 1728 3088; x_wconf 83' lang='lat' dir='ltr'><strong>uon</strong></span> <span class='ocrx_word' id='word_1_333' title='bbox 1757 3038 2186 3106; x_wconf 74' lang='lat' dir='ltr'><strong>unguentorum</strong></span> 
     </span>
     <span class='ocr_line' id='line_1_36' title="bbox 91 3110 2274 3188; baseline 0.004 -25"><span class='ocrx_word' id='word_1_334' title='bbox 91 3131 145 3164; x_wconf 71' lang='lat'><strong>⁹2</strong></span> <span class='ocrx_word' id='word_1_335' title='bbox 170 3110 611 3184; x_wconf 82' lang='lat' dir='ltr'><strong>conpos1trone</strong></span> <span class='ocrx_word' id='word_1_336' title='bbox 659 3112 845 3187; x_wconf 87' lang='lat' dir='ltr'><strong>primo</strong></span> <span class='ocrx_word' id='word_1_337' title='bbox 894 3129 970 3171; x_wconf 88' lang='lat' dir='ltr'><strong>ex</strong></span> <span class='ocrx_word' id='word_1_338' title='bbox 1003 3129 1238 3187; x_wconf 87' lang='lat' dir='ltr'><strong>murra,</strong></span> <span class='ocrx_word' id='word_1_339' title='bbox 1255 3122 1347 3172; x_wconf 92' lang='lat' dir='ltr'><strong>ut</strong></span> <span class='ocrx_word' id='word_1_340' title='bbox 1392 3114 1671 3188; x_wconf 77' lang='lat' dir='ltr'><strong>diximus,</strong></span> <span class='ocrx_word' id='word_1_341' title='bbox 1711 3130 1852 3172; x_wconf 87' lang='lat' dir='ltr'><strong>mox</strong></span> <span class='ocrx_word' id='word_1_342' title='bbox 1897 3121 1959 3173; x_wconf 85' lang='lat' dir='ltr'><strong>et</strong></span> <span class='ocrx_word' id='word_1_343' title='bbox 1999 3113 2274 3174; x_wconf 68' lang='lat' dir='ltr'><strong>nard-n</strong></span> 
     </span>
     <span class='ocr_line' id='line_1_37' title="bbox 169 3157 2275 3302; baseline 0.008 -61"><span class='ocrx_word' id='word_1_344' title='bbox 169 3184 428 3262; x_wconf 81' lang='lat' dir='ltr'><strong>Celtico,</strong></span> <span class='ocrx_word' id='word_1_345' title='bbox 461 3193 719 3268; x_wconf 86' lang='lat' dir='ltr'><strong>calamo,</strong></span> <span class='ocrx_word' id='word_1_346' title='bbox 752 3195 1091 3273; x_wconf 86' lang='lat' dir='ltr'><strong>aspalatho,</strong></span> <span class='ocrx_word' id='word_1_347' title='bbox 1130 3157 1312 3257; x_wconf 63' lang='lat' dir='ltr'><strong>offi’s</strong></span> <span class='ocrx_word' id='word_1_348' title='bbox 1294 3216 1351 3256; x_wconf 87' lang='lat' dir='ltr'><strong>m</strong></span> <span class='ocrx_word' id='word_1_349' title='bbox 1380 3207 1627 3258; x_wconf 86' lang='lat' dir='ltr'><strong>mustum</strong></span> <span class='ocrx_word' id='word_1_350' title='bbox 1654 3199 1752 3257; x_wconf 83' lang='lat' dir='ltr'><strong>aut</strong></span> <span class='ocrx_word' id='word_1_351' title='bbox 1782 3196 1964 3257; x_wconf 82' lang='lat' dir='ltr'><strong>dulce</strong></span> <span class='ocrx_word' id='word_1_352' title='bbox 1995 3201 2185 3259; x_wconf 72' lang='lat' dir='ltr'><strong>viam</strong></span> <span class='ocrx_word' id='word_1_353' title='bbox 2272 3221 2275 3302; x_wconf 38' lang='grc' dir='ltr'><strong><em>ρ</em></strong></span> 
     </span>
     <span class='ocr_line' id='line_1_38' title="bbox 168 3238 2274 3359; baseline 0.011 -40"><span class='ocrx_word' id='word_1_354' title='bbox 168 3264 428 3325; x_wconf 86' lang='lat' dir='ltr'><strong>deiectis.</strong></span> <span class='ocrx_word' id='word_1_355' title='bbox 507 3274 642 3333; x_wconf 85' lang='lat' dir='ltr'><strong>alibi</strong></span> <span class='ocrx_word' id='word_1_356' title='bbox 694 3238 768 3335; x_wconf 72' lang='lat' dir='ltr'><strong>de</strong></span> <span class='ocrx_word' id='word_1_357' title='bbox 820 3279 1074 3356; x_wconf 89' lang='lat' dir='ltr'><strong>calamo,</strong></span> <span class='ocrx_word' id='word_1_358' title='bbox 1134 3282 1344 3358; x_wconf 87' lang='lat' dir='ltr'><strong>iunco,</strong></span> <span class='ocrx_word' id='word_1_359' title='bbox 1411 3291 1614 3358; x_wconf 85' lang='lat' dir='ltr'><strong>costo,</strong></span> <span class='ocrx_word' id='word_1_360' title='bbox 1670 3281 1857 3342; x_wconf 87' lang='lat' dir='ltr'><strong>nardo</strong></span> <span class='ocrx_word' id='word_1_361' title='bbox 1913 3283 2181 3359; x_wconf 72' lang='lat' dir='ltr'><strong>Syriaco,</strong></span> <span class='ocrx_word' id='word_1_362' title='bbox 2273 3339 2274 3342; x_wconf 74' lang='grc'>,</span> 
     </span>
     <span class='ocr_line' id='line_1_39' title="bbox 167 3358 2274 3459; baseline 0.013 -60"><span class='ocrx_word' id='word_1_363' title='bbox 167 3361 426 3423; x_wconf 84' lang='lat' dir='ltr'><strong>amomo,</strong></span> <span class='ocrx_word' id='word_1_364' title='bbox 464 3358 659 3432; x_wconf 85' lang='lat' dir='ltr'><strong>casia,</strong></span> <span class='ocrx_word' id='word_1_365' title='bbox 704 3361 998 3438; x_wconf 89' lang='lat' dir='ltr'><strong>cinnamo,</strong></span> <span class='ocrx_word' id='word_1_366' title='bbox 1044 3381 1259 3459; x_wconf 85' lang='lat' dir='ltr'><strong>croco,</strong></span> <span class='ocrx_word' id='word_1_367' title='bbox 1300 3366 1523 3445; x_wconf 83' lang='lat' dir='ltr'><strong>palma,</strong></span> <span class='ocrx_word' id='word_1_368' title='bbox 1568 3382 1779 3444; x_wconf 75' lang='lat' dir='ltr'><strong>asam,</strong></span> <span class='ocrx_word' id='word_1_369' title='bbox 1825 3365 2101 3428; x_wconf 82' lang='lat' dir='ltr'><strong>similiter</strong></span> <span class='ocrx_word' id='word_1_370' title='bbox 2131 3368 2180 3427; x_wconf 76' lang='lat' dir='ltr'><strong>in</strong></span> <span class='ocrx_word' id='word_1_371' title='bbox 2273 3377 2274 3420; x_wconf 66' lang='lat'>1</span> 
     </span>
    </p>
   </div>
   <div class='ocr_carea' id='block_1_3' title="bbox 2271 2023 2277 2558">
    <p class='ocr_par' dir='ltr' id='par_1_3' title="bbox 2271 2023 2277 2558">
     <span class='ocr_line' id='line_1_40' title="bbox 2271 2023 2277 2558; baseline 0 0"><span class='ocrx_word' id='word_1_372' title='bbox 2271 2023 2277 2558; x_wconf 95' lang='lat' dir='ltr'><strong> </strong></span> 
     </span>
    </p>
   </div>
   <div class='ocr_carea' id='block_1_4' title="bbox 2265 33 2282 1735">
    <p class='ocr_par' dir='ltr' id='par_1_4' title="bbox 2265 33 2282 1735">
     <span class='ocr_line' id='line_1_41' title="bbox 2265 33 2282 1735; baseline 0 0"><span class='ocrx_word' id='word_1_373' title='bbox 2265 33 2282 1735; x_wconf 95' lang='lat' dir='ltr'><strong> </strong></span> 
     </span>
    </p>
   </div>
  </div>
 </body>
</html>
