2320 3650
569 80 732 130 NA'r.
761 57 941 129 ms'r‘.
974 80 1051 127 11.
1082 73 1323 130 47—50.
1356 64 1651 150 (48—51.)
2068 67 2149 131 93

270 234 377 298 48.
397 235 569 315 (49.)
586 232 750 295 Nunc
774 233 847 295 de
869 235 1190 314 repentinis
1212 233 1460 309 flatibus,
1487 235 1584 313 qui
1608 234 1915 296 exhalante
1939 245 2115 312 terra,
2132 247 2231 300 131

159 328 217 381 ut
243 319 459 381 dictum
491 329 602 395 est,
637 320 854 394 coorti,
896 337 1213 399 rursusque
1246 317 1460 396 deiecti
1500 319 1724 378 interim
1767 319 2017 380 obducta
2047 338 2146 380 nu·
2164 341 2227 376 ιιι

161 403 309 464 bium
358 405 513 480 cuti,
564 399 954 462 multiformes
993 404 1295 463 exsistunt.
1354 401 1508 479 Vagi
1552 404 1768 482 quippe
1815 411 1872 462 et
1914 413 2149 464 ruentes

161 489 497 548 torrentium
525 487 700 546 modo
745 486 837 564 (ut
868 486 1076 566 aliquis
1119 486 1361 563 placere
1395 486 1782 565 ostendimus)
1804 489 2063 549 -tonitrua
2095 492 2235 548 etm

120 571 383 650 sfulgura
415 571 609 650 edunt.
640 571 860 630 maiore
888 587 1034 630 vero
1067 569 1225 629 inlati
1259 569 1522 648 pondere
1553 571 1922 650 incursuque,
1958 574 2009 631 si
2034 572 2152 631 late

155 656 368 715 siccam
413 672 630 734 rupere
675 653 917 729 nubem,
974 653 1298 732 procellam
1350 654 1590 731 gignunt
1635 673 1784 733 quae
1827 665 2069 715 vocatur
2120 673 2153 715 a

155 738 399 800 Graecis
432 738 771 816 ecnephias.
827 740 916 797 sin
948 755 1094 798 vero
1124 738 1413 816 depresso
1449 739 1575 798 sinu
1616 740 1829 798 arctius
1859 740 2028 799 rotati
2066 738 2151 798 ef-

151 822 491 901 fregerunt,
541 823 664 882 sine
696 823 862 899 igne,
902 822 1016 881 hoc
1048 831 1140 882 est
1173 822 1297 882 sine
1328 821 1599 898 fulmine,
1628 823 1910 882 verticem
1940 822 2154 882 faciunt

154 908 246 986 qui
282 903 514 984 typhon
553 914 823 981 vocatur,
869 906 926 966 id
959 915 1051 965 est
1077 903 1336 965 vibratus
1371 906 1705 984 ecnephiaS.
1770 905 1979 967 Defert
2020 905 2114 966 hic
2137 916 2238 969 132

91 1008 138 1052 ιο
155 1008 357 1050 secum
394 989 615 1069 aliquid
646 988 946 1067 abruptum
978 1009 1011 1050 e
1040 988 1195 1048 nube
1226 989 1451 1065 gelida,
1498 991 1855 1050 convolvens
1883 1009 2151 1051 versans·

151 1092 264 1154 que
299 1082 361 1132 et
391 1074 615 1133 ruinam
646 1091 804 1133 suam
834 1073 935 1133 illo
968 1073 1232 1152 pondere
1265 1074 1585 1149 adgravans
1611 1084 1668 1135 et
1698 1074 1891 1134 locum
1917 1091 1993 1134 ex
2015 1074 2151 1134 loco

148 1166 374 1217 mutans
407 1156 613 1235 rapida
645 1158 933 1234 vertigine
953 1202 970 1233 ,
1014 1158 1331 1236 praecipua
1360 1158 1744 1235 navigantium
1774 1161 1991 1237 pestis,
2038 1176 2152 1218 non

150 1250 453 1302 antemnas
495 1240 668 1300 modo
701 1259 901 1301 verum
934 1242 1061 1320 ipsa
1097 1242 1328 1318 navigia
1360 1250 1623 1302 contorta
1653 1242 1960 1319 frangens,
1997 1243 2151 1302 tenui

150 1325 418 1388 remedio
452 1325 605 1386 aceti
635 1326 691 1385 in
719 1324 1122 1385 advenientem
1155 1325 1353 1400 effusi,
1404 1327 1493 1385 cui
1536 1326 1902 1403 frigidissima
1935 1335 2024 1386 est
2054 1345 2150 1386 na-

95 1417 293 1471 mura.
345 1410 506 1471 idem
534 1410 701 1470 inlisu
731 1409 858 1488 ipse
892 1426 1277 1488 repercussus
1308 1419 1585 1489 conrepta
1617 1428 1816 1470 secum
1843 1412 1901 1470 in
1930 1411 2153 1471 caelum

149 1496 335 1555 refert
369 1492 693 1574 sorbetque
723 1496 780 1553 in
815 1494 1132 1553 excelsum.
2098 1525 2105 1530 x

271 1578 452 1659 (50.)
499 1577 667 1651 Quod
699 1580 747 1637 si
791 1579 1007 1638 maiore
1052 1579 1375 1655 depressae
1405 1576 1574 1638 nubis
1621 1578 1879 1656 eruperit
1909 1594 2111 1656 specu,
2136 1584 2239 1640 133

152 1663 256 1723 sed
289 1664 485 1722 minus
516 1661 634 1721 lato
665 1680 833 1741 quam
862 1662 1127 1741 procella
1157 1680 1269 1722 nec
1300 1663 1423 1721 sine
1454 1661 1712 1739 fragore,
1744 1661 2027 1721 turbinem
2050 1677 2152 1719 vo-

153 1756 281 1809 cant
309 1763 600 1825 proxuma
636 1764 901 1825 quaeque
934 1755 1416 1825 prosternentem.
1452 1745 1603 1804 idem
1628 1746 1921 1806 ardentior
1946 1764 2152 1806 accen·
2240 1813 2251 1822 .

91 1842 401 1911 asusque,
443 1830 575 1890 dum
595 1830 750 1906 furit,
784 1840 1016 1909 prester
1037 1841 1278 1891 vocatur
1300 1831 1606 1891 amburens
1642 1840 1905 1892 contacta
1937 1833 2154 1911 pariter

143 1924 212 1987 ,et
241 1923 581 1993 proterens.
643 1915 743 1976 49.
776 1912 906 1974 Non
949 1915 1010 1975 fit
1043 1925 1231 1975 autem
1273 1916 1597 1994 aquilonius
1630 1915 1881 1994 typhon,
1931 1934 2042 1976 nec
2071 1917 2152 1974 ni-

152 1998 299 2059 valis
338 2007 439 2059 aut
481 2000 613 2059 nive
643 1999 871 2058 iacente
906 1999 1240 2079 ecnephias.
1296 1998 1464 2072 Quod
1501 2001 1549 2059 si
1585 2001 1748 2060 simul
1769 2002 1922 2078 rupit
1946 2000 2154 2060 nubem

155 2083 497 2162 exarsitque
530 2091 589 2142 et
619 2083 807 2160 ignem
839 2083 1054 2158 habuit,
1089 2101 1205 2143 non
1234 2094 1442 2162 postea
1477 2085 1766 2162 concepit,
1799 2085 2015 2144 fulmen
2043 2093 2150 2144 est.

152 2164 348 2227 Distat
379 2185 411 2226 a
437 2175 704 2245 prestere
730 2185 843 2247 quo
875 2167 1094 2227 flamma
1130 2167 1202 2228 ab
1235 2169 1369 2245 igni.
1406 2166 1501 2227 hic
1532 2167 1647 2229 late
1677 2167 1928 2228 funditur
1956 2168 2111 2244 flatu,
2139 2178 2239 2233 134

92 2250 294 2311 ²5illud
332 2250 720 2328 conglobatur
764 2252 995 2329 impetu.
1056 2250 1283 2311 Vertex
1327 2260 1514 2312 autem
1558 2252 1870 2311 remeando
1918 2252 2086 2312 distat
2120 2272 2153 2313 a

153 2335 389 2394 turbine
424 2343 482 2394 et
511 2352 625 2414 quo
659 2335 868 2395 stridor
901 2353 934 2395 a
965 2334 1232 2412 fragore,
1269 2337 1533 2415 procella
1566 2336 1860 2397 latitudine
1894 2335 1966 2396 ab
1998 2345 2150 2396 utro-

156 2436 304 2497 que,
365 2418 604 2480 disiecta
635 2419 786 2478 nube
827 2420 1021 2478 verius
1054 2438 1220 2498 quam
1248 2431 1433 2500 rupta.
1498 2420 1587 2481 Fit
1618 2430 1676 2480 et
1719 2421 1909 2498 caligo
1941 2419 2152 2480 beluae

156 2503 328 2563 simili
361 2502 513 2561 nube
547 2503 667 2562 dira
697 2502 1113 2580 navigantibus.
1168 2503 1427 2566 Vocatur
1458 2514 1515 2565 et
1539 2505 1821 2581 columna,
1855 2524 1983 2565 cum
2007 2507 2151 2584 spis-

156 2595 315 2646 satus
352 2603 516 2646 umor
555 2588 868 2666 rigensque
909 2589 1036 2666 ipse
1070 2606 1134 2647 se
1178 2591 1436 2649 sustinet.
1496 2608 1572 2649 ex
1603 2590 1811 2649 eodem
1839 2608 2063 2667 genere
2096 2598 2154 2649 et

96 2668 213 2729 seiri
240 2670 484 2747 longum
513 2669 692 2729 veluti
721 2670 907 2731 fistula
939 2671 1124 2731 nubes
1159 2691 1363 2751 aquam
1382 2662 1586 2733 trahit.
2288 2750 2291 2751 ⁷

282 2755 389 2815 50.
426 2755 609 2853 (51.)
635 2753 836 2814 Hieme
885 2764 943 2815 et
988 2748 1210 2816 aestate
1260 2775 1392 2818 rara
1435 2757 1667 2817 fulmina
1704 2757 2005 2817 contrariis
2037 2756 2110 2816 de
2138 2765 2238 2821 135

158 2840 387 2914 causis,
436 2839 701 2916 quoniam
745 2838 933 2898 hieme
966 2840 1238 2900 densatus
1271 2859 1372 2901 aer
1402 2841 1631 2900 nubium
1664 2842 1952 2901 crassiore
1991 2840 2153 2900 corio

158 2923 465 3002 spissatur,
499 2923 801 3021 omnisque
833 2932 1112 3003 terrarum
1145 2925 1433 2985 exhalatio
1463 2926 1659 3003 rigens
1683 2943 1751 2984 ac
1774 2924 1970 3002 gelida
1993 2925 2153 3005 quid·

103 3005 297 3085 quid
320 3006 538 3084 accipit
559 3007 714 3083 ignei
737 3008 971 3085 vaporis
995 3009 1324 3085 exstinguit.
1360 3027 1507 3088 quae
1532 3011 1678 3069 ratio
1703 3009 1985 3069 inmunem
2009 3011 2152 3084 Scy-

97 3088 333 3150 ssthiam
366 3099 426 3149 et
456 3091 614 3150 circa
643 3091 889 3167 rigentia
914 3108 946 3150 a
969 3092 1259 3151 fulminum
1292 3110 1431 3152 casu
1460 3101 1736 3171 praestat,
1771 3102 1830 3153 et
1861 3112 1893 3152 e
1919 3094 2151 3173 diverso

158 3174 364 3233 nimius
398 3175 572 3234 ardor
606 3174 956 3253 Aegyptum,
990 3176 1274 3257 siquidem
1307 3176 1476 3237 calidi
1511 3178 1768 3256 siccique
1800 3170 2006 3238 halitus
2037 3170 2150 3237 ter-

157 3273 262 3316 rae
294 3275 428 3318 raro
462 3258 795 3332 admodum,
829 3260 1129 3337 tenuisque
1162 3269 1221 3319 et
1255 3259 1503 3320 infirmas
1535 3261 1886 3321 densantur
1871 3281 1926 3320 ιιι
1960 3261 2147 3320 nubis
2286 3298 2287 3315 2

158 3337 319 3401 Vere
346 3350 535 3403 autem
560 3351 620 3403 et
651 3350 914 3403 autumno
949 3342 1244 3403 crebriora
1275 3343 1526 3420 fulmina,
1566 3346 1851 3423 corruptis
1877 3345 1929 3402 in
1959 3348 2287 3403 utro-136
2286 3380 2287 3413 x

2218 3472 2286 3570 Α
