2320 3650
148 122 223 169 VI
759 120 1087 171 EDITORIS
1112 119 1532 171 PRAEFATIO.

146 280 311 350 paucis
346 280 393 335 in
421 280 715 336 sectionibus
746 280 1050 352 longioribus
1079 282 1243 351 posuit
1279 297 1305 335 a
1327 279 1519 355 Silligio
1552 284 1757 339 omissos
1774 330 1787 351 ‚
1822 285 2001 341 inserui
2031 289 2179 344 uncis

147 365 381 430 inclusos,
407 380 501 435 quo
524 365 710 420 facilius
730 366 1053 420 invenirentur
1073 364 1149 419 his
1171 366 1383 421 numeris
1401 367 1462 421 ab
1485 367 1588 422 aliis
1608 368 1846 440 designati
1870 370 1981 428 loci.

269 448 361 504 Ubi
382 448 565 504 Plinius
594 450 817 521 legentes
849 450 1084 521 relegavit
1120 448 1183 504 ad
1205 464 1262 504 ea
1289 465 1412 520 quae
1444 451 1547 520 ipse
1571 451 1765 525 dixerat
1800 460 1940 509 antea
1969 455 2048 510 vel
2070 463 2178 511 erat

144 533 374 597 dicturus,
391 533 526 588 locos
547 533 608 589 ad
629 549 751 607 quos
770 534 981 604 respexit
1003 532 1158 602 parvis
1180 533 1395 588 numeris
1414 535 1464 590 in
1484 536 1705 609 margine
1724 536 1941 594 indicavi.
1967 538 2174 595 aliorum

142 617 433 688 scriptorum
456 617 551 672 loci
572 619 623 672 in
644 624 897 673 auctorum
916 617 1075 671 indice
1096 616 1468 675 denotabantur.

268 701 324 756 In
366 702 711 757 conscribenda
755 702 1021 771 scripturae
1062 700 1378 771 discrepantia
1418 700 1700 775 Silligianae
1737 704 1965 759 editionis
2007 714 2175 776 aperta

142 785 315 840 menda
334 828 346 848 ,
382 801 505 856 quae
535 786 729 857 quidem
765 791 879 840 sunt
907 799 1059 856 pauca
1079 829 1091 851 ‚
1139 786 1352 856 neglexi.
1419 802 1542 858 quae
1574 788 1885 844 animadverti
1920 804 1948 843 a
1975 803 2058 843 me
2093 790 2173 845 vel

142 869 446 941 typographo
482 884 592 924 meo
628 870 834 925 admissa
852 916 864 936 ‚
906 884 963 923 ea
998 869 1187 922 correxi
1228 869 1399 924 additis
1445 870 1616 925 litteris
1658 889 1753 926 scr.
1769 914 1782 937 ,
1825 873 1857 929 i.
1886 887 1929 927 e.
1966 872 2172 937 scribas,

140 953 217 1008 vel
253 954 344 1009 del.
362 1000 374 1019 ,
405 955 436 1010 i.
463 968 505 1009 e.
542 952 717 1010 deleas.
776 952 902 1010 Usus
937 966 1046 1007 sum
1082 953 1254 1008 iisdem
1294 953 1467 1024 quibus
1498 953 1727 1027 Silligius
1754 957 1894 1028 siglis
1926 955 2052 1012 infra
2084 971 2173 1012 ex-

138 1037 345 1108 plicatis.
411 1038 467 1092 In
509 1038 702 1093 sinistra
731 1052 920 1110 quaque
956 1036 1134 1108 pagina
1169 1037 1374 1092 indicavi
1396 1037 1455 1091 ad
1488 1054 1610 1110 quos
1640 1040 1833 1095 codices
1872 1042 2174 1111 respexerim

140 1136 286 1176 manu
308 1122 532 1192 scriptos.
581 1120 679 1178 Sed
701 1136 763 1176 ex
782 1122 842 1176 iis
863 1135 985 1192 quae
1005 1136 1149 1192 supra
1172 1120 1270 1176 dixi
1299 1129 1495 1192 apparet
1516 1137 1596 1178 me
1616 1139 1713 1178 non
1734 1124 1827 1178 nisi
1849 1138 1907 1178 ea
1926 1125 2176 1180 natavisse

139 1221 263 1277 quae
283 1205 342 1261 ad
364 1205 676 1278 intelligenda
711 1204 857 1282 verba
879 1220 907 1260 a
928 1219 1009 1258 me
1041 1211 1234 1275 recepta
1270 1204 1549 1261 viderentur
1584 1216 1691 1262 esse
1716 1208 1988 1263 necessaria
2007 1208 2086 1264 vel
2109 1209 2175 1265 ad

140 1288 435 1345 monendum
469 1291 701 1345 lectorem
738 1289 901 1344 locum
943 1288 1159 1343 nondum
1194 1297 1303 1343 esse
1344 1297 1677 1360 pei-sanatum,
1723 1297 1779 1347 ut
1812 1292 1858 1347 ei
1899 1292 1982 1363 qui
2013 1298 2176 1348 artem

139 1373 356 1430 criticam
377 1375 425 1428 in
448 1373 602 1431 Plinio
624 1379 846 1428 exerceat
875 1372 952 1427 vel
974 1379 1197 1426 accurate
1227 1373 1343 1427 velit
1376 1388 1676 1445 cognoscere
1705 1375 1823 1446 quid
1848 1375 1898 1430 in
1918 1374 2177 1433 codicibus

138 1457 333 1529 legatur
354 1458 581 1514 Plinianis
597 1457 720 1514 haec
741 1458 886 1512 editio
910 1455 1193 1527 Silligianae
1208 1457 1315 1511 vice
1336 1457 1534 1512 minime
1553 1459 1706 1528 possit
1728 1459 1886 1530 fungi.

269 1541 488 1613 Denique
522 1542 713 1598 laudem
743 1557 841 1596 non
874 1541 1115 1612 quaesivit
1146 1556 1259 1595 nam
1296 1555 1408 1596 cum
1436 1541 1592 1597 Plinio
1626 1557 1735 1610 meo
1772 1542 1949 1614 (praef.
1976 1545 2025 1606 S.
2071 1545 2174 1613 16)

139 1627 362 1698 equidem
395 1628 461 1682 ita
495 1627 681 1691 sentin,
723 1625 1018 1696 peculiarem
1050 1625 1100 1678 in
1135 1625 1306 1679 studiis
1337 1639 1533 1680 causam
1565 1640 1736 1682 eorum
1770 1641 1878 1681 esse
1917 1627 2001 1697 qui
2040 1626 2177 1683 diffi-

138 1715 400 1769 cultatibus
419 1711 561 1769 victis
582 1710 843 1767 utilitatem
864 1707 1056 1763 iuvandi
1077 1707 1407 1779 praetulerunt
1427 1711 1612 1781 gratiae
1634 1710 1869 1780 placendi.

264 1797 548 1854 Scribebam
573 1793 855 1852 Suevosurti
883 1808 928 1847 a.
957 1792 1003 1850 d.
1026 1791 1149 1849 VIII.
1173 1791 1409 1849 Kalendas
1436 1792 1745 1867 Septembres
1766 1792 2107 1853 Mocccuv.

520 2145 1063 2233 SCRIPTURAE
1118 2158 1778 2230 DISCREPANTIA.

140 2386 300 2439 codd.
327 2384 408 2436 Ta
441 2385 513 2451 (n
548 2353 713 2452 praef.
749 2380 818 2449 a,
847 2385 1030 2438 4-29.
1057 2392 1106 2435 ei
1141 2386 1233 2435 nb.
1270 2387 1343 2444 1.;
1395 2399 1426 2433 a
1461 2383 1625 2450 praef.
1671 2379 1745 2444 a,
1794 2381 2004 2447 13—5,
2040 2381 2075 2433 3
2118 2391 2176 2434 ei

928 2450 1005 2519 o,
1038 2449 1265 2519 34—8,
1301 2451 1379 2517 2).
1961 2513 2116 2556 puer.

178 2621 187 2630 ι
260 2590 424 2664 Pruef.
458 2606 574 2664 pag.
610 2586 665 2650 3.
704 2591 788 2647 lin.
824 2596 911 2649 11.
945 2553 1442 2648 eveat‘Schneidewin
1474 2588 1605 2646 Gott.
1632 2587 1734 2646 Gel.
1772 2588 1891 2644 Anz.
1925 2590 2082 2646 1849.
2116 2603 2173 2659 p.

142 2680 306 2744 1817,
351 2683 548 2740 exeant
579 2672 692 2746 S*)
730 2676 870 2732 codd.
910 2674 920 2747 Ι
961 2678 1031 2734 23
1061 2676 1173 2731 ullo
1206 2675 1271 2732 Sa
1298 2677 1443 2749 signo
1465 2675 1699 2747 interrog,
1738 2673 1897 2745 posito
1936 2676 2050 2743 post
2082 2671 2175 2743 fa-

274 2856 330 2923 *)
363 2856 406 2907 S
437 2856 692 2922 significat
729 2863 1019 2908 contextum
1055 2856 1178 2907 edit.
1217 2855 1419 2922 Sillig.;
1454 2854 1566 2906 Sill.
1604 2859 1930 2905 commentar.
1960 2849 2172 2917 Sillig.;

143 2926 194 2978 U
209 2928 540 2983 'coniecturas
566 2926 805 2977 Urlichsii
839 2927 891 2976 in
916 2927 1174 2976 Vindiciis
1200 2927 1448 2976 plinianis
1473 2924 1665 2990 Gryph.
1697 2922 1861 2981 1853;
1890 2921 1932 2971 I
1946 2922 2170 2973 coniect.

138 2995 368 3050 editoris,
409 2994 574 3048 Bar-b.
613 2994 868 3061 significat
901 2996 1160 3046 Hermolai
1190 2994 1398 3045 Barbari
1435 2995 1796 3059 castigationes
1823 2991 1969 3057 Rom.
2007 2988 2170 3052 1492,

136 3065 265 3116 Rob.
292 3065 501 3117 Roberti
530 3064 710 3115 Canuti
743 3064 1119 3115 crikeladensis
1151 3065 1530 3115 deflorationem
1559 3062 1691 3117 Plin.
1719 3075 1821 3112 sec.
1850 3060 1966 3119 XII,
2004 3056 2167 3115 Saba.

138 3132 379 3185 Salmasii
413 3136 811 3185 Exercitationes
848 3134 979 3186 Plin.
1014 3134 1153 3188 Trai.
1205 3135 1273 3183 ad
1321 3133 1417 3186 Rh.
1462 3130 1609 3183 1689.
1682 3130 1733 3180 Α
1770 3130 1883 3183 cod.
1919 3127 2168 3179 Leidens.

139 3205 488 3268 praestantis&
530 3193 763 3257 sec.'IX.
813 3203 896 3253 vel
940 3204 1028 3268 X„
1065 3203 1116 3253 B
1155 3204 1271 3253 cod.
1318 3201 1495 3252 Bamb.
1545 3199 1901 3267 praestantiss.
1948 3212 2052 3250 sec.
2092 3196 2178 3250 X.·

139 3272 224 3321 vel
238 3272 356 3334 XL,
391 3275 440 3323 D
477 3272 590 3323 cod.
630 3273 800 3323 Vatic.
827 3272 983 3323 3861.
1024 3287 1127 3323 sec.
1153 3271 1248 3325 XI.
1284 3271 1369 3321 vel
1399 3271 1538 3329 XIL,
1572 3270 1626 3319 N
1657 3268 1771 3318 cod.
1799 3266 2024 3317 Burbon.
2053 3265 2172 3317 sive

139 3340 352 3406 Neapol.
400 3360 443 3393 s.
482 3341 676 3406 X1111.,
730 3342 783 3389 P
819 3341 932 3393 cod.
983 3340 1201 3405 Polling.
1253 3341 1363 3389 sive
1398 3339 1597 3391 Monac.
1644 3353 1747 3390 sec.
1786 3336 1929 3396 XV„
1963 3335 2010 3386 R
2046 3335 2216 3387 cod.‘

138 3410 371 3473 Riccard.
411 3427 515 3463 sec.
547 3409 656 3469 IX„
699 3410 747 3460 T
772 3411 885 3460 cod.
924 3409 1109 3472 Tolet.‚
1146 3425 1180 3456 a
1217 3409 1329 3460 cod.
1365 3407 1527 3460 Paris,
1568 3406 1723 3458 6795.
1760 3420 1866 3458 sec.
1905 3404 2041 3455 VIII.
2078 3403 2172 3454 vel

136 3478 249 3542 lx„
272 3479 433 3531 deod.
455 3480 615 3529 Poris.
642 3477 798 3529 6797.
827 3493 927 3528 sec.
952 3477 1110 3537 XIIL,
1142 3477 1200 3526 V
1212 3476 1325 3530 cod.
1354 3476 1615 3537 Vossian„
1638 3470 1688 3524 Θ
1709 3473 1823 3527 cod.
1849 3471 2166 3546 chiffletian.
