<?xml version="1.0" encoding="UTF-8"?>
<!DOCTYPE html PUBLIC "-//W3C//DTD XHTML 1.0 Transitional//EN"
    "http://www.w3.org/TR/xhtml1/DTD/xhtml1-transitional.dtd">
<html xmlns="http://www.w3.org/1999/xhtml" xml:lang="en" lang="en">
 <head>
  <title>
</title>
<meta http-equiv="Content-Type" content="text/html;charset=utf-8" />
  <meta name='ocr-system' content='tesseract 3.04.00' />
  <meta name='ocr-capabilities' content='ocr_page ocr_carea ocr_par ocr_line ocrx_word'/>
</head>
<body>
  <div class='ocr_page' id='page_1' title='image "./cplinisecundina00eldegoog_0183.png"; bbox 0 0 2320 3650; ppageno 0'>
   <div class='ocr_carea' id='block_1_1' title="bbox 171 49 1538 152">
    <p class='ocr_par' dir='ltr' id='par_1_1' title="bbox 171 49 1538 152">
     <span class='ocr_line' id='line_1_1' title="bbox 171 49 1538 152; baseline -0.001 -15"><span class='ocrx_word' id='word_1_1' title='bbox 171 74 292 138; x_wconf 83' lang='lat'>152</span> <span class='ocrx_word' id='word_1_2' title='bbox 319 49 324 54; x_wconf 32' lang='lat'>⁸</span> <span class='ocrx_word' id='word_1_3' title='bbox 577 89 586 96; x_wconf 88' lang='lat'><em>·</em></span> <span class='ocrx_word' id='word_1_4' title='bbox 727 145 736 152; x_wconf 53' lang='lat'>,</span> <span class='ocrx_word' id='word_1_5' title='bbox 922 88 982 138; x_wconf 80' lang='lat' dir='ltr'>c,</span> <span class='ocrx_word' id='word_1_6' title='bbox 1013 90 1206 137; x_wconf 80' lang='lat' dir='ltr'>PLmI</span> <span class='ocrx_word' id='word_1_7' title='bbox 1237 87 1538 138; x_wconf 68' lang='lat' dir='ltr'>summm</span> 
     </span>
    </p>
   </div>
   <div class='ocr_carea' id='block_1_2' title="bbox 85 241 2238 3421">
    <p class='ocr_par' dir='ltr' id='par_1_2' title="bbox 85 241 2238 3421">
     <span class='ocr_line' id='line_1_2' title="bbox 163 241 2179 323; baseline 0 -18"><span class='ocrx_word' id='word_1_8' title='bbox 163 245 333 323; x_wconf 82' lang='lat' dir='ltr'>regio</span> <span class='ocrx_word' id='word_1_9' title='bbox 378 252 436 304; x_wconf 92' lang='lat' dir='ltr'>et</span> <span class='ocrx_word' id='word_1_10' title='bbox 468 241 768 303; x_wconf 86' lang='lat' dir='ltr'>castellum</span> <span class='ocrx_word' id='word_1_11' title='bbox 799 241 1076 318; x_wconf 86' lang='lat' dir='ltr'>Tariona,</span> <span class='ocrx_word' id='word_1_12' title='bbox 1120 244 1570 321; x_wconf 83' lang='lat' dir='ltr'><strong>promontorium</strong></span> <span class='ocrx_word' id='word_1_13' title='bbox 1606 243 1909 305; x_wconf 87' lang='lat' dir='ltr'>Diomedis</span> <span class='ocrx_word' id='word_1_14' title='bbox 1936 245 2073 321; x_wconf 81' lang='lat' dir='ltr'>vel,</span> <span class='ocrx_word' id='word_1_15' title='bbox 2118 255 2179 306; x_wconf 88' lang='lat' dir='ltr'>ut</span> 
     </span>
     <span class='ocr_line' id='line_1_3' title="bbox 165 326 2180 413; baseline 0 -25"><span class='ocrx_word' id='word_1_16' title='bbox 165 329 295 404; x_wconf 87' lang='lat' dir='ltr'>alii,</span> <span class='ocrx_word' id='word_1_17' title='bbox 342 328 645 407; x_wconf 83' lang='lat' dir='ltr'><strong>peninsula</strong></span> <span class='ocrx_word' id='word_1_18' title='bbox 673 326 860 402; x_wconf 73' lang='lat' dir='ltr'>Hyllis</span> <span class='ocrx_word' id='word_1_19' title='bbox 903 327 1144 387; x_wconf 87' lang='lat' dir='ltr'>circuitu</span> <span class='ocrx_word' id='word_1_20' title='bbox 1176 326 1223 387; x_wconf 92' lang='lat' dir='ltr'>C</span> <span class='ocrx_word' id='word_1_21' title='bbox 1258 326 1316 386; x_wconf 88' lang='lat' dir='ltr'><strong><em>M</em></strong></span> <span class='ocrx_word' id='word_1_22' title='bbox 1342 346 1538 406; x_wconf 90' lang='lat' dir='ltr'>pass.,</span> <span class='ocrx_word' id='word_1_23' title='bbox 1586 326 1925 405; x_wconf 82' lang='lat' dir='ltr'>Tragurium</span> <span class='ocrx_word' id='word_1_24' title='bbox 1966 331 2180 413; x_wconf 71' lang='lat' dir='ltr'>civium</span> 
     </span>
     <span class='ocr_line' id='line_1_4' title="bbox 165 411 2177 490; baseline 0.001 -19"><span class='ocrx_word' id='word_1_25' title='bbox 165 412 550 472; x_wconf 88' lang='lat' dir='ltr'>Romanorum</span> <span class='ocrx_word' id='word_1_26' title='bbox 594 428 880 470; x_wconf 90' lang='lat' dir='ltr'>marmore</span> <span class='ocrx_word' id='word_1_27' title='bbox 924 419 1149 487; x_wconf 87' lang='lat' dir='ltr'>notum,</span> <span class='ocrx_word' id='word_1_28' title='bbox 1199 411 1393 470; x_wconf 90' lang='lat' dir='ltr'>Sicum</span> <span class='ocrx_word' id='word_1_29' title='bbox 1437 412 1494 472; x_wconf 89' lang='lat' dir='ltr'>in</span> <span class='ocrx_word' id='word_1_30' title='bbox 1542 430 1712 490; x_wconf 91' lang='lat' dir='ltr'>quem</span> <span class='ocrx_word' id='word_1_31' title='bbox 1759 413 1952 472; x_wconf 90' lang='lat' dir='ltr'>locum</span> <span class='ocrx_word' id='word_1_32' title='bbox 2006 414 2177 474; x_wconf 86' lang='lat' dir='ltr'>divos</span> 
     </span>
     <span class='ocr_line' id='line_1_5' title="bbox 170 493 2180 569; baseline 0.001 -15"><span class='ocrx_word' id='word_1_33' title='bbox 170 493 442 555; x_wconf 90' lang='lat' dir='ltr'>Claudius</span> <span class='ocrx_word' id='word_1_34' title='bbox 482 506 795 555; x_wconf 84' lang='lat' dir='ltr'>veteranos</span> <span class='ocrx_word' id='word_1_35' title='bbox 842 496 1030 569; x_wconf 82' lang='lat' dir='ltr'>misit,</span> <span class='ocrx_word' id='word_1_36' title='bbox 1079 494 1294 555; x_wconf 90' lang='lat' dir='ltr'>Salona</span> <span class='ocrx_word' id='word_1_37' title='bbox 1334 495 1567 555; x_wconf 87' lang='lat' dir='ltr'>colonia</span> <span class='ocrx_word' id='word_1_38' title='bbox 1609 494 1681 554; x_wconf 91' lang='lat' dir='ltr'>ab</span> <span class='ocrx_word' id='word_1_39' title='bbox 1724 494 1897 556; x_wconf 92' lang='lat' dir='ltr'>Iader</span> <span class='ocrx_word' id='word_1_40' title='bbox 1929 494 2091 557; x_wconf 87' lang='lat' dir='ltr'>CXII</span> <span class='ocrx_word' id='word_1_41' title='bbox 2121 496 2180 557; x_wconf 86' lang='lat' dir='ltr'><strong><em>M</em></strong></span> 
     </span>
     <span class='ocr_line' id='line_1_6' title="bbox 85 578 2218 657; baseline -0 -16"><span class='ocrx_word' id='word_1_42' title='bbox 85 587 185 642; x_wconf 81' lang='lat'>142</span> <span class='ocrx_word' id='word_1_43' title='bbox 207 597 365 656; x_wconf 85' lang='lat' dir='ltr'>pass.</span> <span class='ocrx_word' id='word_1_44' title='bbox 440 580 647 639; x_wconf 81' lang='lat' dir='ltr'><strong>Petunt</strong></span> <span class='ocrx_word' id='word_1_45' title='bbox 699 579 756 637; x_wconf 93' lang='lat' dir='ltr'>in</span> <span class='ocrx_word' id='word_1_46' title='bbox 812 597 940 638; x_wconf 91' lang='lat' dir='ltr'>eam</span> <span class='ocrx_word' id='word_1_47' title='bbox 989 579 1111 637; x_wconf 90' lang='lat' dir='ltr'>iura</span> <span class='ocrx_word' id='word_1_48' title='bbox 1163 578 1380 638; x_wconf 87' lang='lat' dir='ltr'>iuribus</span> <span class='ocrx_word' id='word_1_49' title='bbox 1432 578 1741 657; x_wconf 79' lang='lat' dir='ltr'>descriptis</span> <span class='ocrx_word' id='word_1_50' title='bbox 1793 582 1850 639; x_wconf 90' lang='lat' dir='ltr'>in</span> <span class='ocrx_word' id='word_1_51' title='bbox 1904 581 2218 641; x_wconf 72' lang='lat' dir='ltr'>decuriass</span> 
     </span>
     <span class='ocr_line' id='line_1_7' title="bbox 169 659 2176 740; baseline 0 -18"><span class='ocrx_word' id='word_1_52' title='bbox 169 659 598 723; x_wconf 89' lang='lat' dir='ltr'>CCCXXXXII</span> <span class='ocrx_word' id='word_1_53' title='bbox 626 661 951 736; x_wconf 81' lang='lat' dir='ltr'>Delmatae,</span> <span class='ocrx_word' id='word_1_54' title='bbox 981 659 1147 722; x_wconf 86' lang='lat' dir='ltr'>XXII</span> <span class='ocrx_word' id='word_1_55' title='bbox 1175 661 1385 738; x_wconf 88' lang='lat' dir='ltr'>Deuni,</span> <span class='ocrx_word' id='word_1_56' title='bbox 1421 659 1852 724; x_wconf 86' lang='lat' dir='ltr'>CCXXXVIIII</span> <span class='ocrx_word' id='word_1_57' title='bbox 1883 663 2176 740; x_wconf 72' lang='lat' dir='ltr'>DitioneS,</span> 
     </span>
     <span class='ocr_line' id='line_1_8' title="bbox 169 743 2175 820; baseline 0.002 -16"><span class='ocrx_word' id='word_1_58' title='bbox 169 743 534 807; x_wconf 84' lang='lat' dir='ltr'>CCLXVIIII</span> <span class='ocrx_word' id='word_1_59' title='bbox 562 745 817 820; x_wconf 89' lang='lat' dir='ltr'>Mazaei,</span> <span class='ocrx_word' id='word_1_60' title='bbox 837 793 846 800; x_wconf 83' lang='lat'>.</span> <span class='ocrx_word' id='word_1_61' title='bbox 868 744 966 804; x_wconf 89' lang='lat' dir='ltr'>LII</span> <span class='ocrx_word' id='word_1_62' title='bbox 1007 746 1327 805; x_wconf 83' lang='lat' dir='ltr'>Sardiates.</span> <span class='ocrx_word' id='word_1_63' title='bbox 1362 745 1453 816; x_wconf 65' lang='lat' dir='ltr'>¹In</span> <span class='ocrx_word' id='word_1_64' title='bbox 1494 746 1608 806; x_wconf 91' lang='lat' dir='ltr'>hoc</span> <span class='ocrx_word' id='word_1_65' title='bbox 1652 755 1839 807; x_wconf 87' lang='lat' dir='ltr'>tractu</span> <span class='ocrx_word' id='word_1_66' title='bbox 1874 757 2007 807; x_wconf 86' lang='lat' dir='ltr'>sunt</span> <span class='ocrx_word' id='word_1_67' title='bbox 2040 748 2175 808; x_wconf 91' lang='lat' dir='ltr'>Bur-</span> 
     </span>
     <span class='ocr_line' id='line_1_9' title="bbox 166 828 2223 909; baseline 0 -21"><span class='ocrx_word' id='word_1_68' title='bbox 166 848 318 906; x_wconf 91' lang='lat' dir='ltr'>num,</span> <span class='ocrx_word' id='word_1_69' title='bbox 351 830 711 904; x_wconf 83' lang='lat' dir='ltr'>Andetrium,</span> <span class='ocrx_word' id='word_1_70' title='bbox 746 829 1080 903; x_wconf 88' lang='lat' dir='ltr'>Tribulium,</span> <span class='ocrx_word' id='word_1_71' title='bbox 1113 828 1409 889; x_wconf 86' lang='lat' dir='ltr'>nobilitata</span> <span class='ocrx_word' id='word_1_72' title='bbox 1436 830 1640 908; x_wconf 86' lang='lat' dir='ltr'>populi</span> <span class='ocrx_word' id='word_1_73' title='bbox 1663 829 1909 891; x_wconf 90' lang='lat' dir='ltr'>Romani</span> <span class='ocrx_word' id='word_1_74' title='bbox 1934 832 2178 909; x_wconf 83' lang='lat' dir='ltr'>proeliis</span> <span class='ocrx_word' id='word_1_75' title='bbox 2209 878 2223 888; x_wconf 90' lang='lat'>.</span> 
     </span>
     <span class='ocr_line' id='line_1_10' title="bbox 169 911 2173 993; baseline 0 -20"><span class='ocrx_word' id='word_1_76' title='bbox 169 913 430 973; x_wconf 91' lang='lat' dir='ltr'>castella.</span> <span class='ocrx_word' id='word_1_77' title='bbox 496 914 700 973; x_wconf 78' lang='lat' dir='ltr'><strong>Petunt</strong></span> <span class='ocrx_word' id='word_1_78' title='bbox 731 922 790 973; x_wconf 92' lang='lat' dir='ltr'>et</span> <span class='ocrx_word' id='word_1_79' title='bbox 821 932 897 973; x_wconf 85' lang='lat' dir='ltr'>ex</span> <span class='ocrx_word' id='word_1_80' title='bbox 926 913 1127 972; x_wconf 90' lang='lat' dir='ltr'>insulis</span> <span class='ocrx_word' id='word_1_81' title='bbox 1153 911 1359 988; x_wconf 82' lang='lat' dir='ltr'>Issaei,</span> <span class='ocrx_word' id='word_1_82' title='bbox 1393 911 1704 988; x_wconf 86' lang='lat' dir='ltr'>Colentini,</span> <span class='ocrx_word' id='word_1_83' title='bbox 1739 915 1987 992; x_wconf 89' lang='lat' dir='ltr'>Separi,</span> <span class='ocrx_word' id='word_1_84' title='bbox 2022 914 2173 993; x_wconf 90' lang='lat' dir='ltr'>Epe-</span> 
     </span>
     <span class='ocr_line' id='line_1_11' title="bbox 167 994 2233 1073; baseline 0 -19"><span class='ocrx_word' id='word_1_85' title='bbox 167 996 288 1055; x_wconf 89' lang='lat' dir='ltr'>tini.</span> <span class='ocrx_word' id='word_1_86' title='bbox 347 996 441 1056; x_wconf 88' lang='lat' dir='ltr'>Ab</span> <span class='ocrx_word' id='word_1_87' title='bbox 472 997 562 1057; x_wconf 90' lang='lat' dir='ltr'>his</span> <span class='ocrx_word' id='word_1_88' title='bbox 595 997 837 1057; x_wconf 90' lang='lat' dir='ltr'>castella</span> <span class='ocrx_word' id='word_1_89' title='bbox 866 995 1235 1073; x_wconf 86' lang='lat' dir='ltr'>Peguntium,</span> <span class='ocrx_word' id='word_1_90' title='bbox 1268 994 1618 1073; x_wconf 88' lang='lat' dir='ltr'>Rataneum,</span> <span class='ocrx_word' id='word_1_91' title='bbox 1663 996 1902 1059; x_wconf 81' lang='lat' dir='ltr'>Narona</span> <span class='ocrx_word' id='word_1_92' title='bbox 1946 999 2174 1059; x_wconf 88' lang='lat' dir='ltr'>colonia</span> <span class='ocrx_word' id='word_1_93' title='bbox 2194 1016 2233 1056; x_wconf 75' lang='grc' dir='ltr'>ιο</span> 
     </span>
     <span class='ocr_line' id='line_1_12' title="bbox 168 1077 2174 1159; baseline 0.001 -21"><span class='ocrx_word' id='word_1_94' title='bbox 168 1080 323 1139; x_wconf 88' lang='lat' dir='ltr'>tertii</span> <span class='ocrx_word' id='word_1_95' title='bbox 360 1091 676 1141; x_wconf 87' lang='lat' dir='ltr'>conventus</span> <span class='ocrx_word' id='word_1_96' title='bbox 718 1099 751 1140; x_wconf 92' lang='lat' dir='ltr'>a</span> <span class='ocrx_word' id='word_1_97' title='bbox 783 1081 996 1141; x_wconf 91' lang='lat' dir='ltr'>Salona</span> <span class='ocrx_word' id='word_1_98' title='bbox 1024 1078 1289 1140; x_wconf 89' lang='lat' dir='ltr'>LXXXII</span> <span class='ocrx_word' id='word_1_99' title='bbox 1321 1077 1381 1138; x_wconf 87' lang='grc' dir='ltr'><strong>Μ</strong></span> <span class='ocrx_word' id='word_1_100' title='bbox 1409 1098 1600 1158; x_wconf 67' lang='grc' dir='ltr'>ραεει,</span> <span class='ocrx_word' id='word_1_101' title='bbox 1648 1081 1916 1158; x_wconf 87' lang='lat' dir='ltr'>adposita</span> <span class='ocrx_word' id='word_1_102' title='bbox 1958 1098 2174 1159; x_wconf 87' lang='lat' dir='ltr'>cogno·</span> 
     </span>
     <span class='ocr_line' id='line_1_13' title="bbox 170 1162 2173 1241; baseline 0.001 -20"><span class='ocrx_word' id='word_1_103' title='bbox 170 1163 337 1222; x_wconf 90' lang='lat' dir='ltr'>minis</span> <span class='ocrx_word' id='word_1_104' title='bbox 369 1166 453 1223; x_wconf 90' lang='lat' dir='ltr'>sui</span> <span class='ocrx_word' id='word_1_105' title='bbox 488 1164 663 1224; x_wconf 84' lang='lat' dir='ltr'>fluvio</span> <span class='ocrx_word' id='word_1_106' title='bbox 700 1182 732 1223; x_wconf 87' lang='lat' dir='ltr'>a</span> <span class='ocrx_word' id='word_1_107' title='bbox 767 1164 908 1224; x_wconf 87' lang='lat' dir='ltr'>mari</span> <span class='ocrx_word' id='word_1_108' title='bbox 940 1162 1058 1223; x_wconf 90' lang='lat' dir='ltr'>XX·</span> <span class='ocrx_word' id='word_1_109' title='bbox 1079 1162 1141 1222; x_wconf 88' lang='lat' dir='ltr'>M</span> <span class='ocrx_word' id='word_1_110' title='bbox 1167 1180 1322 1241; x_wconf 87' lang='lat' dir='ltr'>pass.</span> <span class='ocrx_word' id='word_1_111' title='bbox 1359 1162 1435 1223; x_wconf 89' lang='lat' dir='ltr'>M.</span> <span class='ocrx_word' id='word_1_112' title='bbox 1468 1164 1656 1223; x_wconf 87' lang='lat' dir='ltr'>Varro</span> <span class='ocrx_word' id='word_1_113' title='bbox 1687 1163 2069 1225; x_wconf 87' lang='lat' dir='ltr'>LXXXVIIII</span> <span class='ocrx_word' id='word_1_114' title='bbox 2100 1165 2173 1224; x_wconf 89' lang='lat' dir='ltr'>ci-</span> 
     </span>
     <span class='ocr_line' id='line_1_14' title="bbox 88 1247 2176 1327; baseline 0 -19"><span class='ocrx_word' id='word_1_115' title='bbox 88 1253 190 1309; x_wconf 83' lang='lat'>143</span> <span class='ocrx_word' id='word_1_116' title='bbox 210 1248 400 1307; x_wconf 87' lang='lat' dir='ltr'>vitatis</span> <span class='ocrx_word' id='word_1_117' title='bbox 435 1253 536 1308; x_wconf 51' lang='lat' dir='ltr'>eos</span> <span class='ocrx_word' id='word_1_118' title='bbox 559 1249 875 1308; x_wconf 82' lang='lat' dir='ltr'>ventitasse</span> <span class='ocrx_word' id='word_1_119' title='bbox 906 1256 1110 1307; x_wconf 87' lang='lat' dir='ltr'>auctor</span> <span class='ocrx_word' id='word_1_120' title='bbox 1152 1256 1260 1306; x_wconf 86' lang='lat' dir='ltr'>est.</span> <span class='ocrx_word' id='word_1_121' title='bbox 1313 1265 1464 1306; x_wconf 87' lang='lat' dir='ltr'>nunc</span> <span class='ocrx_word' id='word_1_122' title='bbox 1499 1247 1610 1307; x_wconf 89' lang='lat' dir='ltr'>soli</span> <span class='ocrx_word' id='word_1_123' title='bbox 1645 1265 1832 1327; x_wconf 84' lang='lat' dir='ltr'><strong>prope</strong></span> <span class='ocrx_word' id='word_1_124' title='bbox 1864 1258 2176 1308; x_wconf 86' lang='lat' dir='ltr'>noscuntur</span> 
     </span>
     <span class='ocr_line' id='line_1_15' title="bbox 177 1327 2171 1408; baseline 0.002 -19"><span class='ocrx_word' id='word_1_125' title='bbox 177 1327 425 1391; x_wconf 87' lang='lat' dir='ltr'><strong>Cerauni</strong></span> <span class='ocrx_word' id='word_1_126' title='bbox 455 1333 706 1392; x_wconf 87' lang='lat' dir='ltr'>decuriis</span> <span class='ocrx_word' id='word_1_127' title='bbox 736 1329 989 1405; x_wconf 86' lang='lat' dir='ltr'>XXIIII,</span> <span class='ocrx_word' id='word_1_128' title='bbox 1020 1330 1254 1390; x_wconf 84' lang='lat' dir='ltr'>Daorizi</span> <span class='ocrx_word' id='word_1_129' title='bbox 1277 1329 1458 1406; x_wconf 89' lang='lat' dir='ltr'>XVII,</span> <span class='ocrx_word' id='word_1_130' title='bbox 1492 1330 1847 1391; x_wconf 85' lang='lat' dir='ltr'>Daesitiates</span> <span class='ocrx_word' id='word_1_131' title='bbox 1874 1330 2028 1408; x_wconf 80' lang='lat' dir='ltr'>CIII,</span> <span class='ocrx_word' id='word_1_132' title='bbox 2061 1333 2171 1392; x_wconf 90' lang='lat' dir='ltr'>Do·</span> 
     </span>
     <span class='ocr_line' id='line_1_16' title="bbox 175 1401 2231 1491; baseline 0 -18"><span class='ocrx_word' id='word_1_133' title='bbox 175 1413 401 1475; x_wconf 79' lang='lat' dir='ltr'>oleatae</span> <span class='ocrx_word' id='word_1_134' title='bbox 437 1401 714 1490; x_wconf 78' lang='lat' dir='ltr'>xxxin,</span> <span class='ocrx_word' id='word_1_135' title='bbox 759 1414 1021 1474; x_wconf 89' lang='lat' dir='ltr'>Deretini</span> <span class='ocrx_word' id='word_1_136' title='bbox 1050 1413 1243 1489; x_wconf 82' lang='lat' dir='ltr'>XIIII,</span> <span class='ocrx_word' id='word_1_137' title='bbox 1286 1413 1651 1474; x_wconf 90' lang='lat' dir='ltr'>Deremistae</span> <span class='ocrx_word' id='word_1_138' title='bbox 1687 1412 1888 1491; x_wconf 90' lang='lat' dir='ltr'>XXX,</span> <span class='ocrx_word' id='word_1_139' title='bbox 1939 1416 2231 1476; x_wconf 78' lang='lat' dir='ltr'>Dindari15</span> 
     </span>
     <span class='ocr_line' id='line_1_17' title="bbox 173 1495 2170 1574; baseline 0.001 -17"><span class='ocrx_word' id='word_1_140' title='bbox 173 1495 441 1574; x_wconf 88' lang='lat' dir='ltr'>XXXIII,</span> <span class='ocrx_word' id='word_1_141' title='bbox 478 1498 859 1560; x_wconf 83' lang='lat' dir='ltr'>Glinditiones</span> <span class='ocrx_word' id='word_1_142' title='bbox 888 1496 1115 1572; x_wconf 88' lang='lat' dir='ltr'>XLIIII,</span> <span class='ocrx_word' id='word_1_143' title='bbox 1148 1496 1493 1557; x_wconf 87' lang='lat' dir='ltr'>Melcomani</span> <span class='ocrx_word' id='word_1_144' title='bbox 1518 1497 1756 1574; x_wconf 88' lang='lat' dir='ltr'>XXIIII,</span> <span class='ocrx_word' id='word_1_145' title='bbox 1790 1497 2025 1560; x_wconf 83' lang='lat' dir='ltr'>Naresii</span> <span class='ocrx_word' id='word_1_146' title='bbox 2056 1498 2170 1574; x_wconf 85' lang='lat' dir='ltr'>cn,</span> 
     </span>
     <span class='ocr_line' id='line_1_18' title="bbox 173 1579 2172 1662; baseline 0.002 -22"><span class='ocrx_word' id='word_1_147' title='bbox 173 1583 414 1641; x_wconf 84' lang='lat' dir='ltr'>Scirtari</span> <span class='ocrx_word' id='word_1_148' title='bbox 445 1579 685 1659; x_wconf 86' lang='lat' dir='ltr'>LXXII,</span> <span class='ocrx_word' id='word_1_149' title='bbox 726 1582 1025 1643; x_wconf 88' lang='lat' dir='ltr'>Siculotae</span> <span class='ocrx_word' id='word_1_150' title='bbox 1056 1579 1303 1657; x_wconf 87' lang='lat' dir='ltr'>XXIIII,</span> <span class='ocrx_word' id='word_1_151' title='bbox 1350 1581 1850 1660; x_wconf 84' lang='lat' dir='ltr'>populatoresque</span> <span class='ocrx_word' id='word_1_152' title='bbox 1893 1585 2172 1662; x_wconf 81' lang='lat' dir='ltr'>quondam</span> 
     </span>
     <span class='ocr_line' id='line_1_19' title="bbox 174 1664 2174 1745; baseline 0 -21"><span class='ocrx_word' id='word_1_153' title='bbox 174 1664 374 1725; x_wconf 85' lang='lat' dir='ltr'>Italiae</span> <span class='ocrx_word' id='word_1_154' title='bbox 404 1665 657 1728; x_wconf 87' lang='lat' dir='ltr'>Vardaei</span> <span class='ocrx_word' id='word_1_155' title='bbox 691 1684 806 1726; x_wconf 87' lang='lat' dir='ltr'>non</span> <span class='ocrx_word' id='word_1_156' title='bbox 846 1666 1087 1745; x_wconf 91' lang='lat' dir='ltr'>amplius</span> <span class='ocrx_word' id='word_1_157' title='bbox 1123 1682 1291 1743; x_wconf 89' lang='lat' dir='ltr'>quam</span> <span class='ocrx_word' id='word_1_158' title='bbox 1321 1664 1433 1724; x_wconf 91' lang='lat' dir='ltr'>XX</span> <span class='ocrx_word' id='word_1_159' title='bbox 1462 1666 1733 1726; x_wconf 88' lang='lat' dir='ltr'>decuriis.</span> <span class='ocrx_word' id='word_1_160' title='bbox 1800 1666 2046 1743; x_wconf 76' lang='lat' dir='ltr'>Praeter</span> <span class='ocrx_word' id='word_1_161' title='bbox 2073 1667 2174 1725; x_wconf 85' lang='lat' dir='ltr'>hos</span> 
     </span>
     <span class='ocr_line' id='line_1_20' title="bbox 173 1748 2170 1825; baseline 0.001 -19"><span class='ocrx_word' id='word_1_162' title='bbox 173 1758 415 1808; x_wconf 89' lang='lat' dir='ltr'>tenuere</span> <span class='ocrx_word' id='word_1_163' title='bbox 446 1760 685 1810; x_wconf 89' lang='lat' dir='ltr'>tractum</span> <span class='ocrx_word' id='word_1_164' title='bbox 721 1769 851 1811; x_wconf 90' lang='lat' dir='ltr'>eum</span> <span class='ocrx_word' id='word_1_165' title='bbox 885 1748 1134 1823; x_wconf 86' lang='lat' dir='ltr'>Ozuaei,</span> <span class='ocrx_word' id='word_1_166' title='bbox 1179 1748 1479 1825; x_wconf 86' lang='lat' dir='ltr'>Partheni,</span> <span class='ocrx_word' id='word_1_167' title='bbox 1515 1748 1845 1824; x_wconf 85' lang='lat' dir='ltr'>Hemasini,</span> <span class='ocrx_word' id='word_1_168' title='bbox 1894 1749 2170 1823; x_wconf 83' lang='lat' dir='ltr'>Arthitae,</span> 
     </span>
     <span class='ocr_line' id='line_1_21' title="bbox 173 1829 2229 1913; baseline -0 -23"><span class='ocrx_word' id='word_1_169' title='bbox 173 1831 485 1894; x_wconf 88' lang='lat' dir='ltr'>Armistae.</span> <span class='ocrx_word' id='word_1_170' title='bbox 551 1835 604 1894; x_wconf 98' lang='lat' dir='ltr'>A</span> <span class='ocrx_word' id='word_1_171' title='bbox 646 1835 879 1894; x_wconf 87' lang='lat' dir='ltr'>Narone</span> <span class='ocrx_word' id='word_1_172' title='bbox 923 1853 1086 1895; x_wconf 90' lang='lat' dir='ltr'>amne</span> <span class='ocrx_word' id='word_1_173' title='bbox 1134 1829 1181 1891; x_wconf 89' lang='lat' dir='ltr'>C</span> <span class='ocrx_word' id='word_1_174' title='bbox 1213 1831 1272 1891; x_wconf 88' lang='grc' dir='ltr'><strong>Μ</strong></span> <span class='ocrx_word' id='word_1_175' title='bbox 1310 1844 1580 1910; x_wconf 85' lang='lat' dir='ltr'>passuum</span> <span class='ocrx_word' id='word_1_176' title='bbox 1615 1833 1786 1893; x_wconf 85' lang='lat' dir='ltr'>abest</span> <span class='ocrx_word' id='word_1_177' title='bbox 1826 1833 2229 1913; x_wconf 73' lang='lat' dir='ltr'>Epidaurumw</span> 
     </span>
     <span class='ocr_line' id='line_1_22' title="bbox 91 1915 2174 1997; baseline 0.001 -23"><span class='ocrx_word' id='word_1_178' title='bbox 91 1927 198 1982; x_wconf 71' lang='lat'>144</span> <span class='ocrx_word' id='word_1_179' title='bbox 216 1916 465 1977; x_wconf 88' lang='lat' dir='ltr'>colonia.</span> <span class='ocrx_word' id='word_1_180' title='bbox 520 1918 592 1978; x_wconf 88' lang='lat' dir='ltr'>ab</span> <span class='ocrx_word' id='word_1_181' title='bbox 624 1918 919 1997; x_wconf 87' lang='lat' dir='ltr'>Epidauro</span> <span class='ocrx_word' id='word_1_182' title='bbox 967 1928 1096 1978; x_wconf 88' lang='lat' dir='ltr'>sunt</span> <span class='ocrx_word' id='word_1_183' title='bbox 1137 1917 1352 1994; x_wconf 90' lang='lat' dir='ltr'>oppida</span> <span class='ocrx_word' id='word_1_184' title='bbox 1388 1918 1594 1977; x_wconf 87' lang='lat' dir='ltr'>civium</span> <span class='ocrx_word' id='word_1_185' title='bbox 1624 1916 2018 1978; x_wconf 88' lang='lat' dir='ltr'>Romanorum</span> <span class='ocrx_word' id='word_1_186' title='bbox 2050 1915 2174 1993; x_wconf 76' lang='lat' dir='ltr'>Rhi-</span> 
     </span>
     <span class='ocr_line' id='line_1_23' title="bbox 182 1999 2176 2081; baseline 0.001 -22"><span class='ocrx_word' id='word_1_187' title='bbox 182 2000 422 2077; x_wconf 87' lang='lat' dir='ltr'>zinium,</span> <span class='ocrx_word' id='word_1_188' title='bbox 465 2001 807 2076; x_wconf 85' lang='lat' dir='ltr'>Acruvium,</span> <span class='ocrx_word' id='word_1_189' title='bbox 850 1999 1066 2078; x_wconf 78' lang='lat' dir='ltr'>Butua,</span> <span class='ocrx_word' id='word_1_190' title='bbox 1109 2000 1392 2081; x_wconf 84' lang='lat' dir='ltr'>Olcinium</span> <span class='ocrx_word' id='word_1_191' title='bbox 1428 2002 1583 2078; x_wconf 90' lang='lat' dir='ltr'>quod</span> <span class='ocrx_word' id='word_1_192' title='bbox 1615 2010 1783 2061; x_wconf 88' lang='lat' dir='ltr'>antea</span> <span class='ocrx_word' id='word_1_193' title='bbox 1820 1999 2176 2062; x_wconf 80' lang='lat' dir='ltr'>Colchinium</span> 
     </span>
     <span class='ocr_line' id='line_1_24' title="bbox 184 2083 2178 2163; baseline 0.001 -20"><span class='ocrx_word' id='word_1_194' title='bbox 184 2083 395 2143; x_wconf 88' lang='lat' dir='ltr'>dictum</span> <span class='ocrx_word' id='word_1_195' title='bbox 440 2095 531 2145; x_wconf 91' lang='lat' dir='ltr'>est</span> <span class='ocrx_word' id='word_1_196' title='bbox 573 2105 605 2146; x_wconf 91' lang='lat' dir='ltr'>a</span> <span class='ocrx_word' id='word_1_197' title='bbox 640 2083 877 2146; x_wconf 85' lang='lat' dir='ltr'>Colchis</span> <span class='ocrx_word' id='word_1_198' title='bbox 920 2086 1237 2159; x_wconf 87' lang='lat' dir='ltr'>conditum,</span> <span class='ocrx_word' id='word_1_199' title='bbox 1281 2085 1463 2143; x_wconf 89' lang='lat' dir='ltr'>amnis</span> <span class='ocrx_word' id='word_1_200' title='bbox 1503 2083 1669 2144; x_wconf 91' lang='lat' dir='ltr'>Drilo</span> <span class='ocrx_word' id='word_1_201' title='bbox 1712 2104 2008 2163; x_wconf 88' lang='lat' dir='ltr'>superque</span> <span class='ocrx_word' id='word_1_202' title='bbox 2057 2103 2178 2145; x_wconf 87' lang='lat' dir='ltr'>eum</span> 
     </span>
     <span class='ocr_line' id='line_1_25' title="bbox 183 2167 2175 2248; baseline 0 -22"><span class='ocrx_word' id='word_1_203' title='bbox 183 2169 455 2246; x_wconf 87' lang='lat' dir='ltr'>oppidum</span> <span class='ocrx_word' id='word_1_204' title='bbox 505 2171 710 2230; x_wconf 83' lang='lat' dir='ltr'>civium</span> <span class='ocrx_word' id='word_1_205' title='bbox 755 2169 1139 2229; x_wconf 90' lang='lat' dir='ltr'>Romanorum</span> <span class='ocrx_word' id='word_1_206' title='bbox 1188 2168 1411 2228; x_wconf 89' lang='lat' dir='ltr'>Scodra</span> <span class='ocrx_word' id='word_1_207' title='bbox 1453 2185 1485 2227; x_wconf 91' lang='lat' dir='ltr'>a</span> <span class='ocrx_word' id='word_1_208' title='bbox 1528 2170 1668 2228; x_wconf 90' lang='lat' dir='ltr'>mari</span> <span class='ocrx_word' id='word_1_209' title='bbox 1698 2167 1891 2228; x_wconf 89' lang='lat' dir='ltr'>XVIII</span> <span class='ocrx_word' id='word_1_210' title='bbox 1921 2169 1982 2230; x_wconf 93' lang='lat' dir='ltr'><strong><em>M</em></strong></span> <span class='ocrx_word' id='word_1_211' title='bbox 2028 2186 2175 2248; x_wconf 85' lang='lat' dir='ltr'>pass.</span> 
     </span>
     <span class='ocr_line' id='line_1_26' title="bbox 183 2251 2233 2328; baseline -0.001 -19"><span class='ocrx_word' id='word_1_212' title='bbox 183 2261 493 2327; x_wconf 84' lang='lat' dir='ltr'>praeterea</span> <span class='ocrx_word' id='word_1_213' title='bbox 538 2255 842 2314; x_wconf 88' lang='lat' dir='ltr'>multorum</span> <span class='ocrx_word' id='word_1_214' title='bbox 878 2253 1159 2314; x_wconf 87' lang='lat' dir='ltr'>Graeciae</span> <span class='ocrx_word' id='word_1_215' title='bbox 1207 2251 1551 2328; x_wconf 87' lang='lat' dir='ltr'>oppidorum</span> <span class='ocrx_word' id='word_1_216' title='bbox 1593 2252 1876 2311; x_wconf 80' lang='lat' dir='ltr'>deficiens</span> <span class='ocrx_word' id='word_1_217' title='bbox 1909 2254 2233 2313; x_wconf 65' lang='lat' dir='ltr'>memorius</span> 
     </span>
     <span class='ocr_line' id='line_1_27' title="bbox 178 2336 2179 2413; baseline 0.002 -22"><span class='ocrx_word' id='word_1_218' title='bbox 178 2352 290 2393; x_wconf 91' lang='lat' dir='ltr'>nec</span> <span class='ocrx_word' id='word_1_219' title='bbox 318 2354 434 2396; x_wconf 91' lang='lat' dir='ltr'>non</span> <span class='ocrx_word' id='word_1_220' title='bbox 465 2347 523 2396; x_wconf 91' lang='lat' dir='ltr'>et</span> <span class='ocrx_word' id='word_1_221' title='bbox 553 2339 862 2398; x_wconf 87' lang='lat' dir='ltr'>civitatium</span> <span class='ocrx_word' id='word_1_222' title='bbox 894 2336 1230 2396; x_wconf 83' lang='lat' dir='ltr'>validarum.</span> <span class='ocrx_word' id='word_1_223' title='bbox 1283 2351 1358 2394; x_wconf 93' lang='lat' dir='ltr'>eo</span> <span class='ocrx_word' id='word_1_224' title='bbox 1389 2351 1632 2413; x_wconf 91' lang='lat' dir='ltr'>namque</span> <span class='ocrx_word' id='word_1_225' title='bbox 1662 2345 1849 2395; x_wconf 89' lang='lat' dir='ltr'>tractu</span> <span class='ocrx_word' id='word_1_226' title='bbox 1884 2337 2054 2396; x_wconf 82' lang='lat' dir='ltr'>fuere</span> <span class='ocrx_word' id='word_1_227' title='bbox 2083 2336 2179 2395; x_wconf 90' lang='lat' dir='ltr'>La-</span> 
     </span>
     <span class='ocr_line' id='line_1_28' title="bbox 179 2414 2181 2497; baseline 0.001 -22"><span class='ocrx_word' id='word_1_228' title='bbox 179 2416 420 2494; x_wconf 87' lang='lat' dir='ltr'>beatae,</span> <span class='ocrx_word' id='word_1_229' title='bbox 454 2419 823 2496; x_wconf 90' lang='lat' dir='ltr'>Endirudini,</span> <span class='ocrx_word' id='word_1_230' title='bbox 874 2420 1110 2494; x_wconf 90' lang='lat' dir='ltr'>Sasaei,</span> <span class='ocrx_word' id='word_1_231' title='bbox 1165 2417 1413 2480; x_wconf 78' lang='lat' dir='ltr'>Grabaei</span> <span class='ocrx_word' id='word_1_232' title='bbox 1446 2420 1802 2497; x_wconf 87' lang='lat' dir='ltr'>proprieque</span> <span class='ocrx_word' id='word_1_233' title='bbox 1836 2414 1975 2480; x_wconf 78' lang='lat' dir='ltr'>dicti</span> <span class='ocrx_word' id='word_1_234' title='bbox 2007 2418 2181 2495; x_wconf 72' lang='lat' dir='ltr'>Illyrii</span> 
     </span>
     <span class='ocr_line' id='line_1_29' title="bbox 183 2502 2181 2584; baseline 0.001 -25"><span class='ocrx_word' id='word_1_235' title='bbox 183 2509 241 2560; x_wconf 89' lang='lat' dir='ltr'>et</span> <span class='ocrx_word' id='word_1_236' title='bbox 288 2502 569 2564; x_wconf 88' lang='lat' dir='ltr'>Taulantii</span> <span class='ocrx_word' id='word_1_237' title='bbox 621 2515 680 2565; x_wconf 91' lang='lat' dir='ltr'>et</span> <span class='ocrx_word' id='word_1_238' title='bbox 720 2505 945 2580; x_wconf 70' lang='lat' dir='ltr'>Pyraei.</span> <span class='ocrx_word' id='word_1_239' title='bbox 1003 2505 1215 2563; x_wconf 90' lang='lat' dir='ltr'>retinet</span> <span class='ocrx_word' id='word_1_240' title='bbox 1264 2518 1474 2562; x_wconf 91' lang='lat' dir='ltr'>nomen</span> <span class='ocrx_word' id='word_1_241' title='bbox 1523 2503 1581 2560; x_wconf 91' lang='lat' dir='ltr'>in</span> <span class='ocrx_word' id='word_1_242' title='bbox 1634 2521 1737 2563; x_wconf 90' lang='lat' dir='ltr'>ora</span> <span class='ocrx_word' id='word_1_243' title='bbox 1786 2502 2181 2584; x_wconf 80' lang='lat' dir='ltr'>Nymphaeum</span> 
     </span>
     <span class='ocr_line' id='line_1_30' title="bbox 182 2585 2182 2665; baseline -0.001 -20"><span class='ocrx_word' id='word_1_244' title='bbox 182 2590 653 2662; x_wconf 87' lang='lat' dir='ltr'>promontorium.</span> <span class='ocrx_word' id='word_1_245' title='bbox 715 2588 935 2648; x_wconf 89' lang='lat' dir='ltr'>Lissum</span> <span class='ocrx_word' id='word_1_246' title='bbox 976 2588 1252 2663; x_wconf 89' lang='lat' dir='ltr'>oppidum</span> <span class='ocrx_word' id='word_1_247' title='bbox 1287 2587 1492 2647; x_wconf 86' lang='lat' dir='ltr'>civium</span> <span class='ocrx_word' id='word_1_248' title='bbox 1523 2585 1914 2647; x_wconf 88' lang='lat' dir='ltr'>Romanorum</span> <span class='ocrx_word' id='word_1_249' title='bbox 1946 2588 2020 2647; x_wconf 93' lang='lat' dir='ltr'>ab</span> <span class='ocrx_word' id='word_1_250' title='bbox 2051 2586 2182 2665; x_wconf 93' lang='lat' dir='ltr'>Epi-</span> 
     </span>
     <span class='ocr_line' id='line_1_31' title="bbox 95 2669 2236 2752; baseline -0.001 -23"><span class='ocrx_word' id='word_1_251' title='bbox 95 2671 199 2728; x_wconf 77' lang='lat'>145</span> <span class='ocrx_word' id='word_1_252' title='bbox 218 2671 397 2731; x_wconf 89' lang='lat' dir='ltr'>dauro</span> <span class='ocrx_word' id='word_1_253' title='bbox 420 2669 464 2730; x_wconf 93' lang='lat' dir='ltr'>C</span> <span class='ocrx_word' id='word_1_254' title='bbox 482 2671 540 2731; x_wconf 89' lang='lat' dir='ltr'><strong><em>M</em></strong></span> <span class='ocrx_word' id='word_1_255' title='bbox 564 2672 850 2752; x_wconf 86' lang='lat' dir='ltr'>passuum.</span> <span class='ocrx_word' id='word_1_256' title='bbox 889 2671 987 2732; x_wconf 84' lang='lat'>23.</span> <span class='ocrx_word' id='word_1_257' title='bbox 1015 2672 1068 2734; x_wconf 89' lang='lat' dir='ltr'>A</span> <span class='ocrx_word' id='word_1_258' title='bbox 1085 2672 1251 2731; x_wconf 90' lang='lat' dir='ltr'>Lisso</span> <span class='ocrx_word' id='word_1_259' title='bbox 1268 2669 1608 2743; x_wconf 88' lang='lat' dir='ltr'>Macedonia</span> <span class='ocrx_word' id='word_1_260' title='bbox 1632 2673 1956 2749; x_wconf 85' lang='lat' dir='ltr'>provincia.</span> <span class='ocrx_word' id='word_1_261' title='bbox 1981 2678 2236 2748; x_wconf 56' lang='lat' dir='ltr'>gentes-‘³0</span> 
     </span>
     <span class='ocr_line' id='line_1_32' title="bbox 177 2751 2184 2832; baseline -0.001 -18"><span class='ocrx_word' id='word_1_262' title='bbox 177 2754 446 2815; x_wconf 87' lang='lat' dir='ltr'>Partheni</span> <span class='ocrx_word' id='word_1_263' title='bbox 478 2766 535 2815; x_wconf 91' lang='lat' dir='ltr'>et</span> <span class='ocrx_word' id='word_1_264' title='bbox 578 2775 607 2816; x_wconf 91' lang='lat' dir='ltr'>a</span> <span class='ocrx_word' id='word_1_265' title='bbox 651 2767 822 2832; x_wconf 88' lang='lat' dir='ltr'>tergo</span> <span class='ocrx_word' id='word_1_266' title='bbox 866 2771 1065 2815; x_wconf 91' lang='lat' dir='ltr'>eorum</span> <span class='ocrx_word' id='word_1_267' title='bbox 1095 2755 1470 2815; x_wconf 86' lang='lat' dir='ltr'>Dassaretae.</span> <span class='ocrx_word' id='word_1_268' title='bbox 1530 2763 1758 2813; x_wconf 90' lang='lat' dir='ltr'>montes</span> <span class='ocrx_word' id='word_1_269' title='bbox 1792 2751 2124 2814; x_wconf 87' lang='lat' dir='ltr'>Candaviae</span> <span class='ocrx_word' id='word_1_270' title='bbox 2155 2770 2184 2811; x_wconf 91' lang='lat' dir='ltr'>a</span> 
     </span>
     <span class='ocr_line' id='line_1_33' title="bbox 176 2836 2184 2917; baseline -0.001 -20"><span class='ocrx_word' id='word_1_271' title='bbox 176 2837 499 2900; x_wconf 86' lang='lat' dir='ltr'>Durrachio</span> <span class='ocrx_word' id='word_1_272' title='bbox 534 2838 823 2899; x_wconf 88' lang='lat' dir='ltr'>LXXVIII</span> <span class='ocrx_word' id='word_1_273' title='bbox 854 2838 912 2898; x_wconf 88' lang='lat' dir='ltr'><strong><em>M</em></strong></span> <span class='ocrx_word' id='word_1_274' title='bbox 939 2857 1096 2917; x_wconf 84' lang='lat' dir='ltr'>pass.</span> <span class='ocrx_word' id='word_1_275' title='bbox 1117 2883 1133 2914; x_wconf 94' lang='lat'>,</span> <span class='ocrx_word' id='word_1_276' title='bbox 1181 2839 1239 2897; x_wconf 91' lang='lat' dir='ltr'>in</span> <span class='ocrx_word' id='word_1_277' title='bbox 1271 2854 1373 2898; x_wconf 89' lang='lat' dir='ltr'>ora</span> <span class='ocrx_word' id='word_1_278' title='bbox 1416 2855 1562 2899; x_wconf 86' lang='lat' dir='ltr'>vero</span> <span class='ocrx_word' id='word_1_279' title='bbox 1594 2837 1800 2897; x_wconf 91' lang='lat' dir='ltr'>Denda</span> <span class='ocrx_word' id='word_1_280' title='bbox 1835 2839 2046 2898; x_wconf 83' lang='lat' dir='ltr'>civium</span> <span class='ocrx_word' id='word_1_281' title='bbox 2075 2836 2184 2896; x_wconf 84' lang='lat' dir='ltr'>Ro-</span> 
     </span>
     <span class='ocr_line' id='line_1_34' title="bbox 178 2923 2188 3085; baseline -0.002 -20"><span class='ocrx_word' id='word_1_282' title='bbox 178 2924 897 3068; x_wconf 52' lang='lat' dir='ltr'>tztfftt’fftssffssgsstssff</span> <span class='ocrx_word' id='word_1_283' title='bbox 931 2923 1520 3085; x_wconf 50' lang='lat'>{35313233‘033323</span> <span class='ocrx_word' id='word_1_284' title='bbox 1525 2923 2188 3083; x_wconf 59' lang='lat'>²2⁸533³2¹¹3531322523</span> 
     </span>
     <span class='ocr_line' id='line_1_35' title="bbox 1245 3050 1261 3080; baseline 0 0"><span class='ocrx_word' id='word_1_285' title='bbox 1245 3050 1261 3080; x_wconf 68' lang='lat'><em>2</em></span> 
     </span>
     <span class='ocr_line' id='line_1_36' title="bbox 182 3087 2238 3169; baseline -0.001 -21"><span class='ocrx_word' id='word_1_286' title='bbox 182 3089 341 3150; x_wconf 88' lang='lat' dir='ltr'>Aeas</span> <span class='ocrx_word' id='word_1_287' title='bbox 373 3093 752 3167; x_wconf 87' lang='lat' dir='ltr'>nominatum,</span> <span class='ocrx_word' id='word_1_288' title='bbox 810 3090 1124 3169; x_wconf 87' lang='lat' dir='ltr'>Apollonia</span> <span class='ocrx_word' id='word_1_289' title='bbox 1168 3090 1454 3168; x_wconf 89' lang='lat' dir='ltr'>quondam</span> <span class='ocrx_word' id='word_1_290' title='bbox 1487 3087 1917 3149; x_wconf 87' lang='lat' dir='ltr'>Corinthiorum</span> <span class='ocrx_word' id='word_1_291' title='bbox 1963 3087 2238 3148; x_wconf 82' lang='lat' dir='ltr'>colonia³⁵</span> 
     </span>
     <span class='ocr_line' id='line_1_37' title="bbox 183 3170 2186 3254; baseline -0.002 -23"><span class='ocrx_word' id='word_1_292' title='bbox 183 3170 293 3231; x_wconf 85' lang='lat' dir='ltr'>IIII</span> <span class='ocrx_word' id='word_1_293' title='bbox 331 3173 390 3232; x_wconf 91' lang='lat' dir='ltr'><strong><em>M</em></strong></span> <span class='ocrx_word' id='word_1_294' title='bbox 431 3191 699 3251; x_wconf 89' lang='lat' dir='ltr'>passuum</span> <span class='ocrx_word' id='word_1_295' title='bbox 753 3193 785 3234; x_wconf 91' lang='lat' dir='ltr'>a</span> <span class='ocrx_word' id='word_1_296' title='bbox 829 3174 971 3234; x_wconf 89' lang='lat' dir='ltr'>mari</span> <span class='ocrx_word' id='word_1_297' title='bbox 1014 3175 1338 3248; x_wconf 77' lang='lat' dir='ltr'>recedenS,</span> <span class='ocrx_word' id='word_1_298' title='bbox 1387 3174 1548 3232; x_wconf 88' lang='lat' dir='ltr'>cuius</span> <span class='ocrx_word' id='word_1_299' title='bbox 1596 3174 1651 3231; x_wconf 93' lang='lat' dir='ltr'>in</span> <span class='ocrx_word' id='word_1_300' title='bbox 1693 3172 1904 3254; x_wconf 81' lang='lat' dir='ltr'>finibus</span> <span class='ocrx_word' id='word_1_301' title='bbox 1952 3170 2186 3232; x_wconf 87' lang='lat' dir='ltr'>celebre</span> 
     </span>
     <span class='ocr_line' id='line_1_38' title="bbox 183 3254 2213 3339; baseline -0.001 -26"><span class='ocrx_word' id='word_1_302' title='bbox 183 3254 578 3334; x_wconf 74' lang='lat' dir='ltr'>Nymphaeum</span> <span class='ocrx_word' id='word_1_303' title='bbox 610 3258 883 3317; x_wconf 88' lang='lat' dir='ltr'>adcolunt</span> <span class='ocrx_word' id='word_1_304' title='bbox 912 3256 1152 3317; x_wconf 88' lang='lat' dir='ltr'>barbari·</span> <span class='ocrx_word' id='word_1_305' title='bbox 1174 3257 1451 3316; x_wconf 88' lang='lat' dir='ltr'>Amantes</span> <span class='ocrx_word' id='word_1_306' title='bbox 1470 3267 1543 3339; x_wconf 34' lang='grc' dir='ltr'>ἐι</span> <span class='ocrx_word' id='word_1_307' title='bbox 1571 3256 1868 3317; x_wconf 74' lang='lat' dir='ltr'>BulioneS.</span> <span class='ocrx_word' id='word_1_308' title='bbox 1918 3265 1975 3317; x_wconf 91' lang='lat' dir='ltr'>at</span> <span class='ocrx_word' id='word_1_309' title='bbox 2006 3257 2062 3315; x_wconf 89' lang='lat' dir='ltr'>in</span> <span class='ocrx_word' id='word_1_310' title='bbox 2093 3266 2213 3313; x_wconf 84' lang='lat' dir='ltr'>ora·</span> 
     </span>
     <span class='ocr_line' id='line_1_39' title="bbox 188 3336 2189 3421; baseline -0 -24"><span class='ocrx_word' id='word_1_311' title='bbox 188 3340 459 3419; x_wconf 89' lang='lat' dir='ltr'>oppidum</span> <span class='ocrx_word' id='word_1_312' title='bbox 484 3337 713 3398; x_wconf 91' lang='lat' dir='ltr'>Oricum</span> <span class='ocrx_word' id='word_1_313' title='bbox 739 3359 771 3400; x_wconf 87' lang='lat' dir='ltr'>a</span> <span class='ocrx_word' id='word_1_314' title='bbox 796 3338 1031 3402; x_wconf 90' lang='lat' dir='ltr'>Colchis</span> <span class='ocrx_word' id='word_1_315' title='bbox 1051 3336 1362 3407; x_wconf 78' lang='lat' dir='ltr'>conditum.</span> <span class='ocrx_word' id='word_1_316' title='bbox 1389 3339 1542 3402; x_wconf 80' lang='lat' dir='ltr'>&#39;Inde</span> <span class='ocrx_word' id='word_1_317' title='bbox 1566 3340 1782 3401; x_wconf 90' lang='lat' dir='ltr'>initium</span> <span class='ocrx_word' id='word_1_318' title='bbox 1803 3338 2006 3421; x_wconf 85' lang='lat' dir='ltr'>Epiri,</span> <span class='ocrx_word' id='word_1_319' title='bbox 2036 3353 2189 3400; x_wconf 85' lang='lat' dir='ltr'>mon·</span> 
     </span>
    </p>
   </div>
   <div class='ocr_carea' id='block_1_3' title="bbox 2292 35 2294 1727">
    <p class='ocr_par' dir='ltr' id='par_1_3' title="bbox 2292 35 2294 1727">
     <span class='ocr_line' id='line_1_40' title="bbox 2292 35 2294 1727; baseline 0 0"><span class='ocrx_word' id='word_1_320' title='bbox 2292 35 2294 1727; x_wconf 95' lang='lat' dir='ltr'> </span> 
     </span>
    </p>
   </div>
   <div class='ocr_carea' id='block_1_4' title="bbox 2292 35 2294 2268">
    <p class='ocr_par' dir='ltr' id='par_1_4' title="bbox 2292 35 2294 2268">
     <span class='ocr_line' id='line_1_41' title="bbox 2292 35 2294 2268; baseline 0 0"><span class='ocrx_word' id='word_1_321' title='bbox 2292 35 2294 2268; x_wconf 95' lang='lat' dir='ltr'> </span> 
     </span>
    </p>
   </div>
  </div>
 </body>
</html>
