2320 3650
602 115 762 162 ΝΑΤ.
799 113 983 162 msr.
1014 115 1108 161 v1.
1132 98 1385 165 ’.13-16
1418 103 1722 182 (ιιι-18)
1865 104 1870 107 “
1929 151 1936 161 ,
2043 100 2182 162 225ι

341 271 434 329 14.
476 268 642 347 (17.)
684 225 979 328 Ecbatana
1007 277 1180 346 caput
1199 267 1425 329 Mediae
1444 269 1729 329 Seleucus
1760 285 1866 328 rex
1892 212 2164 344 condidit,
2186 275 2256 330 43

168 370 203 413 a
243 351 517 413 Seleucia
562 370 765 428 magna
796 340 996 411 DCCL
1026 349 1108 410 M
1130 369 1430 430 passuum,
1478 371 1511 412 a
1552 353 1737 429 portis
1770 369 1914 412 vero
1946 348 2173 436 Caspiis

166 434 280 494 XX
327 434 403 494 M.
506 435 730 513 reliqua
783 427 1082 497 Medorum
1152 436 1367 512 oppida
1424 435 1853 533 Phisganzaga,
1915 427 2174 512 Apamea

170 517 467 599 Rhagiane
503 518 920 594 cognominata.
970 515 1156 577 Causa
1189 527 1480 616 portarum
1514 520 1755 578 nominis
1792 516 1994 578 eadem
2024 535 2172 597 quae

121 620 380 680 bsupra,
425 602 761 680 interruptis
809 611 1052 679 angusto
1104 603 1342 663 transitu
1393 603 1541 678 iugis
1587 603 1662 661 ita
1704 611 1766 661 ut
1789 620 1895 681 ,vix
1939 602 2163 678 singula
2184 622 2233 657 ao

169 693 366 745 meent
409 684 703 763 plaustra,
767 683 1122 761 longitudine
1168 683 1304 744 VIII
1348 683 1406 743 M
1450 702 1751 762 passuum,
1815 693 1937 745 toto
1990 680 2176 762 opere

170 786 340 828 manu
388 767 562 828 facto,
671 768 872 828 dextra
931 768 1215 846 laevaque
1268 767 1544 828 ambustis
1595 769 1815 829 similes
1864 768 2178 846 inpendent

172 850 401 930 scopuli
447 853 674 910 sitiente
728 860 911 912 tractu
954 870 1062 928 per
1105 850 1351 911 XXVIII
1394 851 1452 911 M
1502 870 1799 930 passuum.
1881 853 2173 928 angustias

172 934 410 1016 impedit
449 936 776 1005 conrivatus
812 935 950 994 salis
984 953 1016 993 e
1051 933 1311 994 cautibus
1349 934 1539 1013 liquor
1562 945 1732 1014 atque
1761 935 1971 997 eadem
2006 936 2172 995 emis·

101 1031 153 1072 ιο
175 1036 294 1077 sus.
383 1027 693 1096 praeterea
759 1019 1112 1149 serpentium
1162 1019 1461 1078 multitudo
1503 1020 1610 1079 nisi
1652 1018 1841 1078 hieme
1883 1020 2176 1118 transitum

172 1119 291 1161 non
324 1101 476 1161 sinit.

347 1185 444 1244 15.
514 1182 831 1245 Adiabenis
888 1193 1267 1247 conectuntur
1322 1183 1608 1255 Carduchi
1667 1187 1953 1286 quondam
2013 1187 2167 1262 dicti,
2193 1196 2261 1249 44

173 1278 325 1328 nun‘c
359 1264 672 1344 Cordueni,
710 1250 1068 1346 praefluente
1092 1268 1283 1345 Tigri,
1315 1268 1410 1328 his
1434 1268 1681 1330 Pratitae
1707 1262 1854 1346 παρ’
1882 1261 2047 1331 ὁδὸν
2075 1289 2173 1348 ap-

173 1350 412 1431 pellati,
460 1353 554 1430 qui
587 1361 784 1412 tenent
811 1350 1052 1429 Caspias
1080 1362 1338 1431 portas..
1374 1353 1445 1411 iis
1475 1370 1505 1410 a
1543 1352 1727 1412 latere
1754 1353 1956 1413 altero
1973 1372 2174 1414 occur-

90 1453 155 1501 ιε
174 1443 304 1496 runt
328 1435 558 1495 deserta
583 1435 845 1496 Parthiae
879 1445 936 1495 et
968 1433 1243 1495 Citheni
1226 1453 1379 1511 iuga.
1453 1452 1587 1495 mox
1626 1437 1881 1501 eiusdem
1911 1437 2174 1498 Parthiae

175 1518 612 1579 amoenissimus
643 1519 783 1578 situs
815 1519 911 1597 qui
952 1529 1194 1578 vocatur
1228 1516 1475 1579 Choara.
1550 1519 1695 1579 duae
1737 1514 1912 1579 urbes
1942 1520 2018 1579 ibi
2043 1521 2174 1580 Par

173 1602 399 1663 thorum
445 1602 753 1680 oppositae
800 1601 1082 1701 quo-udam
1115 1600 1336 1678 Medis,
1385 1601 1652 1681 Calliope
1694 1613 1753 1662 et
1788 1604 1945 1663 alia
1929 1622 1985 1661 ιιι
2030 1622 2174 1682 rupc

174 1674 378 1746 Issatis
428 1686 730 1763 quondam.
811 1687 993 1763 ipsius
1028 1703 1173 1747 vero
1207 1685 1469 1746 Parthiae
1519 1695 1689 1764 caput
1719 1686 2196 1765 Hecatompylos¹

175 1767 346 1829 abest
389 1787 422 1829 a
466 1769 650 1847 portis
687 1767 980 1830 CXXXIII
1010 1769 1070 1830 M
1103 1788 1420 1850 passuum.
1473 1770 1551 1830 ita
1580 1769 1912 1850 Parthorum
1946 1788 2175 1850 quoque

101 1865 158 1908 20
179 1869 361 1929 regna
392 1852 612 1912 foribus
641 1839 1048 1913 discluduntur.
1126 1854 1421 1932 Egressus
1452 1856 1634 1932 portis
1667 1856 1884 1933 excipit
1915 1857 2173 1933 protinus
2195 1866 2261 1917 45

178 1954 325 2013 gens
351 1933 560 2021 Caspia
586 1936 655 1996 ad
687 1936 855 2008 litora
885 1956 1090 2016 usque,
1128 1956 1278 2015 quae
1308 1955 1514 1997 nomen
1539 1939 1719 2017 portis
1750 1947 1806 2001 et
1834 1940 1972 1998 mari
1999 1939 2173 1999 dedit.

180 2020 348 2080 laeva
389 2028 707 2080 montuosa.
801 2018 892 2080 Ab
939 2039 1010 2080 ea
1051 2030 1228 2097 gente
1271 2030 1562 2082 retrorsus
1596 2023 1668 2082 ad
1701 2019 1911 2097 Cyrum
1957 2040 2175 2082 amnem

179 2103 495 2182 produntur
531 2101 740 2163 CCXX
777 2102 835 2162 M
876 2122 1163 2182 passuum.
1243 2104 1314 2164 ab
1356 2106 1562 2166 eodem
1608 2124 1771 2165 amne
1816 2108 1863 2165 si
1907 2105 2178 2176 subeatur

179 2186 254 2247 ad
289 2196 519 2265 portaS,
563 2184 716 2245 DCC
752 2186 809 2245 M
852 2205 1138 2265 passuum.
1214 2186 1362 2246 hunc
1403 2189 1553 2247 euim
1596 2189 1883 2248 cardinem
1925 2188 2176 2248 Alexan-

104 2286 160 2329 25
181 2270 270 2330 dri
311 2267 501 2346 Magni
549 2271 811 2329 itinerum
863 2270 1063 2329 fecere
1119 2270 1191 2330 ab
1247 2272 1319 2329 iis
1366 2273 1548 2347 portis
1600 2271 1673 2331 ad
1727 2270 1923 2331 Indiae
1968 2272 2175 2349 princi·

182 2354 338 2432 pium
372 2353 554 2413 stadia
595 2352 703 2413 XV
732 2352 792 2412 M
822 2349 1135 2413 DCLXXX
1171 2349 1505 2431 prodendO,
1552 2354 1624 2413 ad
1654 2354 1860 2414 Bactra
1906 2356 2178 2433 oppidum

182 2435 339 2515 quod
391 2436 687 2515 appellant
752 2436 1042 2512 Zariasta,
1109 2436 1284 2515 MMM
1322 2435 1511 2513 DCC,
1577 2438 1708 2498 iude
1771 2438 1842 2498 ad
1889 2437 2177 2499 Iaxartem

179 2537 405 2581 amnem
438 2519 509 2577 V.

330 2604 450 2676 .16.
497 2602 664 2682 (18.)
704 2603 754 2662 Α
789 2601 1014 2683 Caspiis
1051 2609 1121 2665 ad
1152 2605 1432 2665 orientem
1462 2622 1668 2663 versus
1695 2605 1861 2682 regio
1897 2614 1986 2665 est
2016 2605 2171 2683 Apa·
2194 2612 2263 2666 46

105 2706 162 2748 ao
181 2693 425 2746 vortene
475 2688 656 2762 dicta,
710 2695 768 2745 et
815 2689 871 2746 in
922 2706 991 2747 ea
1033 2687 1343 2749 fertilitatis
1386 2687 1635 2748 inclutae
1681 2689 1845 2748 locus
1885 2688 2176 2749 Dareium.

181 2786 321 2832 mox
358 2779 567 2847 gentes
590 2770 835 2848 Tapyri,
885 2769 1181 2847 Anariaci,
1229 2773 1500 2847 Staures,
1546 2771 1827 2847 Hyrcani,
1874 2791 1907 2832 a
1940 2789 2180 2850 quorum

181 2852 451 2914 litoribus
474 2854 626 2914 idem
655 2872 812 2922 mare
833 2853 1177 2930 Hyrcanium
1198 2856 1396 2915 vocari
1430 2855 1631 2933 incipit
1653 2873 1685 2914 a
1715 2855 1943 2914 flumine
1967 2854 2177 2914 Sideri.

184 2937 329 2998 citra
357 2937 413 2997 id
449 2955 645 2998 amnes
675 2936 925 3013 Maziris,
974 2939 1192 3014 Strat0,
1240 2940 1426 2999 omnia
1459 2956 1536 2997 ex
1567 2936 1853 2998 Caucaso.
1907 2939 2182 3016 Sequitur

181 3021 351 3097 regio
386 3020 681 3098 Margiane
710 3022 1026 3098 apricitatis
1049 3022 1321 3099 inclutae,
1363 3022 1491 3081 sola
1527 3023 1582 3079 in
1616 3038 1691 3082 eo
1718 3030 1904 3081 tractu
1926 3021 2176 3094 vitifera,

103 3121 159 3163 ³⁵
179 3104 435 3184 undique
459 3105 683 3164 inclusa
715 3103 1000 3163 montibus
1023 3107 1303 3181 amoenis,
1333 3104 1545 3164 ambitu
1580 3105 1892 3164 stadiorum
1914 3103 2046 3180 MD,
2074 3103 2178 3165 dif-

182 3187 354 3248 ficilis
395 3187 548 3249 aditu
600 3196 844 3265 propter
875 3186 1194 3248 harenosas
1238 3188 1581 3258 solitudines
1623 3206 1733 3286 per
1765 3184 1923 3247 CXX
1956 3186 2015 3247 M
2050 3205 2179 3266 pas·

180 3289 367 3346 suum,
415 3279 475 3330 et
510 3272 636 3349 ipsa
672 3281 871 3331 contra
902 3270 1165 3331 Parthiae
1199 3279 1440 3332 tractum
1478 3271 1583 3330 sita
1622 3274 1678 3329 in
1703 3289 1813 3349 qua
1846 3271 2181 3331 Alexander

181 3354 593 3437 Alexandriam
652 3354 1006 3415 condiderat.
1086 3372 1198 3433 qua
1242 3355 1423 3416 diruta
1469 3372 1502 3415 a
1550 3354 1811 3418 barbaris
1853 3353 2174 3416 Antiochus
2198 3360 2263 3413 47

265 3442 819 3500 mmmmmszI.
1784 3437 1857 3497 15

2125 3539 2185 3578 A
