2320 3650
614 90 621 103 ¹
658 109 819 159 ΜΤ.
850 110 1031 160 ms‘r.
1065 106 1371 164 vna-6.
1406 92 1634 182 (3—6.)
1672 160 1678 173 ,
2037 96 2159 159 219

175 263 589 345 Phthirophagi
623 265 762 325 dicti
809 274 867 326 et
909 265 1022 326 alia
1047 265 1239 326 Suaui.
1297 265 1510 326 flumen
1542 263 1802 326 Chobum
1836 268 1876 325 e'
1902 264 2162 327 Caucaso

175 370 284 431 per
328 351 551 412 Suanos
595 349 807 410 fluens.
905 349 1037 411 dein
1090 348 1319 424 Rhoas,
1372 351 1538 426 regio
1588 346 1914 426 Cegritice,
1968 366 2164 411 amnes

172 433 489 511 Singania,
542 432 854 509 'raram-as,
910 433 1261 511 Astelphus,
1308 431 1722 508 Chrysorroas,
1789 450 1949 509 gens
1991 433 2161 493 Absi-

176 518 303 593 lae,
350 517 657 577 castellum
697 516 1103 594 Sebastopolis
1147 535 1181 576 a
1213 516 1458 577 Phaside
1508 524 1734 576 centum
1777 514 1837 575 M
1872 532 2160 594 passuum.

125 629 155 669 ⁶
175 619 323 679 gens
356 601 697 677 ¹Sanigarum
717 644 735 673 ,
781 600 1053 678 oppidum
1086 598 1351 676 Cygnus,
1399 600 1606 661 flumen
1639 608 1706 658 ‘et
1752 600 2022 678 oppidum
2057 599 2162 658 Pe-

173 687 319 748 nius.
386 684 596 746 dei'nde
626 683 817 743 multis
842 683 1162 744 nominibus
1186 683 1616 743 Heniochorum
1634 691 1861 759 gentes.

296 766 305 777 ’
344 768 403 827 5.
451 767 577 845 (5.)
630 766 924 827 Subicitur
944 767 1109 827 Ponti
1140 767 1307 843 regio
1331 764 1563 842 Colica,
1597 768 1653 825 in
1691 784 1802 844 qua
1843 768 1978 842 iuga
2009 763 2155 825 Cau·
2178 772 2246 826 15

116 896 127 905 .
174 853 297 913 casi
333 852 405 911 ad
429 850 684 928 Ripaeos
719 853 925 910 montis
958 857 1331 929 torquentur,
1363 859 1424 910 ut
1448 850 1658 911 dictum
1695 858 1814 925 est,
1847 848 2032 917 altero
2065 848 2146 908 la·
2162 870 2249 911 aas

168 946 305 996 ‚tere
345 936 403 994 in
432 933 717 994 Euxinum
753 943 812 993 et
845 933 1155 994 Maeotium
1187 934 1446 1008 devexa,
1489 934 1675 995 altero
1720 936 1778 992 in
1802 931 2074 1012 Caspium
2106 941 2167 992 et

100 1037 156 1078 ιο
176 1019 519 1093 Hyrcanium
578 1035 758 1078 mare.
873 1016 1121 1095 Reliqua
1177 1017 1347 1077 litora
1381 1018 1565 1080 *ferae
1631 1019 1893 1078 nationes
1944 1023 2164 1091 tenent,

172 1101 628 1177 Melanchlaeni,
689 1098 919 1160 Coraxi.
967 1101 1113 1160 urbe
1166 1098 1519 1161 Colchorum
1570 1100 1954 1161 Dioscuriade
2007 1101 2166 1159 iuxta

173 1186 406 1246 fluvium
449 1183 830 1245 Anthemunta
874 1202 1039 1244 nunc·
1072 1185 1334 1258 deserta,
1381 1185 1666 1262 quondam
1708 1185 1859 1245 adeo
1906 1183 2062 1244 clara
2103 1191 2169 1242 ut

175 1269 578 1330 Timosthenes
600 1270 659 1328 in
687 1286 813 1328 eam
836 1265 983 1329 CCC
1009 1269 1271 1328 nationes
1293 1268 1666 1331 dissimilibus
1682 1268 1898 1345 ’linguis
1921 1266 2166 1326 descen·

176 1353 319 1412 dere
350 1352 701 1431 prodiderit.»
735 1360 1034 1431 etpostea
1065 1369 1100 1412 a
1131 1353 1346 1411 nostris
1377 1350 1591 1411 CXXX
1620 1350 2028 1430 interpretibus
2064 1368 2165 1410 ne·

102 1461 158 1503 15
176 1438 335 1513 gotia
392 1444 567 1515 gesta,
615 1435 714 1495 ibi.
750 1444 754 1449 ’
803 1444 934 1495 sunt
985 1436 1082 1514 qui
1142 1435 1450 1497 conditam¹
1480 1452 1607 1509 eam
1652 1434 1729 1511 ab,
1779 1433 2049 1512 Amphito
2104 1442 2161 1493 et
2182 1443 2251 1499 16

166 1518 419 1585 .Telchio
457 1517 716 1580 Castoris
756 1526 826 1579 ac
847 1519 1101 1579 Pollucis
1144 1520 1358 1596 aurigis
1394 1526 1625 1597 putent,
1663 1536 1703 1579 a
1740 1518 1945 1596 quibus
1983 1527 2167 1578 ortam

168 1602 601 1664 Heniochorum
642 1611 875 1679 gentem
917 1602 1042 1662 fere
1085 1610 1328 1664 constat.
1371 1602 1458 1669 ,A‘
1473 1602 1859 1663 Dioscuriade
1887 1601 2169 1679 oppidum

167 1686 521 1747 Heracleum
550 1689 587 1733 ‘⁴⁵
603 1685 812 1765 distat,
847 1704 880 1746 a
905 1684 1457 1765 Sebastopoli-LXX
1477 1685 1842 1764 Mpassuum.
1921 1684 2166 1760 Achaei,

176 1769 392 1846 Mardi,
442 1768 760 1848 Cercetae,
794 1779 951 1849 post·
989 1787 1094 1830 eos
1131 1771 1324 1846 Serri,
1371 1767 1795 1850 Cephalotomi.
1845 1770 1913 1829 ¹in
1953 1770 2165 1830 intumo

104 1877 161 1919 πο
178 1861 251 1915 eo
298 1863 501 1915 tractu>
527 1855 723 1930 Pityus
768 1854 1039 1933 oppidum
1078 1855 1575 1934 opulentissimum
1618 1855 1689 1915 ab
1729 1854 2041 1916 Heniochis
2086 1853 2167 1913 di-

179 1945 405 2017 reptum
440 1946 579 1998 est.'·
608 1956 657 1999 a·
681 1948 850 2015 tergo
895 1939 1023 1998 eius
1054 1938 1444 2017 Epageritae3
1489 1939 1886 1999 Sarmatarum*
1916 1937 2167 2017 populus

170 2024 239 2082 in
291 2019 538 2081 Caucasi
585 2023 769 2099 iugis,
818 2030 963 2100 post
1009 2035 1182 2099 quem
1226 2023 1617 2084 Sauromatae.
1668 2020 1813 2082 ..Ad
1864 2020 1973 2081 hos
2015 2037 2159 2100 pro·
2186 2027 2250 2083 17

177 2107 409 2183 fugerat
444 2104 811 2168 Mithridates
864 2104 1107 2165 Claudio
1166 2106 1476 2184 principe,
1515 2106 1882 2184 narravitque
1929 2104 2168 2165 Thallos

172 2191 252 2250 iis
284 2189 681 2249 esse‘donfiuis
705 2190 802 2267 qui
826 2188 898 2248 ab
924 2189 1149 2248 oriente
1173 2188 1372 2266 Caspii
1388 2190 1560 2249 maris
1589 2189 1771 2249 faucis
1799 2189 2165 2264 attingerent.

108 2295 163 2336 25
180 2275 388 2334 siccari
413 2291 514 2334 eas
541 2282 704 2334 aestu
726 2271 1069 2334 recedente.
1103 2271 1205 2332 ·1n
1238 2289 1342 2333 ora
1370 2279 1559 2332 autem
1581 2274 1736 2332 iuxta
1762 2269 2040 2332 Cercetas
2064 2271 2167 2330 flu*

178 2376 310 2417 men
350 2356 618 2432 Icarusa,
684 2363 814 2417 cum
863 2355 1324 2434 o'ppidoHiero‘
1346 2365 1405 2416 et
1442 2356 1706 2431 flumine,
1758 2354 1831 2415 ab
1877 2354 2167 2416 Heracleo

181 2439 483 2502 CXXXVI·
517 2439 593 2500 M.
624 2455 627 2462 ·
661 2441 793 2502 inde
838 2437 1616 2539 promontoriumCrunoe,
1658 2456 1691 2498 a
1738 2455 1853 2516 quo
1906 2439 2166 2515 superci-

172 2523 325 2584 lium
352 2524 588 2586 arduum
610 2531 822 2584 tenent
843 2522 1078 2584 Cretae.
1142 2524 1346 2583 civitas
1371 2523 1634 2599 Sindica,
1672 2521 1743 2582 ab
1763 2520 1940 2581 Hiero
1963 2519 2170 2582 LXVII

180 2606 241 2667 M
259 2606 311 2666 D
340 2625 628 2685 passuum.
690 2608 899 2669 flumen
919 2607 1237 2668 Setheries.

111 2716 174 2758 30·
208 2717 213 2722 ¹
324 2690 409 2751 6.
431 2689 570 2766 lude
584 2690 667 2751 ad
661 2686 2000 2769 BosporiCimmernmtroitumLXXXVlllMD
2016 2705 2169 2767 pass

290 2759 477 2853 (6.)
522 2775 680 2835 Sed
664 2776 844 2853 ipsius
866 2775 1218 2854 peninsulae
1237 2776 1388 2834 inter
1407 2774 1645 2833 Pontum
1669 2781 1728 2832 et
1748 2771 2054 2831 Maeotium
2078 2770 2159 2831 la·
2186 2780 2255 2835 18

185 2867 315 2918 cum'
348 2860 729 2919 excurrentis
754 2875 870 2917 nou
897 2858 1162 2936 amplior
1156 2856 1378 2924 LXVII
1399 2856 1464 2917 M
1488 2856 1540 2916 D
1566 2874 1836 2934 passuum
1870 2854 2168 2930 longitudo

172 2951 305 3017 est,
352 2940 591 3001 latitudo
613 2950 891 3022 nusquam
919 2943 1075 3002 infra
1098 2941 1457 3020 duoiugera
1513 2940 1765 3000 Eione'm
1775 2946 2022 2999 vocant.
2068 2955 2171 2998 ora

174 3025 312 3102 ipsa
338 3023 587 3103 Bospori
608 3027 905 3104 utrimque
914 3043 991 3085 ex
1010 3025 1164 3086 ‘Asia
1178 3033 1351 3122 atque
1374 3023 1609 3102 Europa
1639 3031 1906 3084 curvatur
1936 3023 1994 3081 in
2015 3021 2169 3082 Mae·-

104 3117 167 3160 85
186 3109 345 3171 otim.
398 3109 663 3188 oppida
645 3127 711 3167 ι-ιι
737 3108 900 3169 aditu:
911 3108 1159 3187 Bospori
1186 3109 1378 3185 primo
1390 3107 1777 3181 Hermonasa,
1812 3105 1946 3166 dein
1967 3104 2170 3184 Cepoe

182 3190 561 3266 Milesiorum,
589 3209 727 3252 mox
751 3191 1060 3253 Stratoclia
1080 3201 1139 3250 et
1159 3191 1551 3267 Phanagoria,
1590 3200 1647 3251 et
1671 3206 1857 3268 paene
1881 3189 2171 3250 desertum
2191 3245 2192 3248 ,

184 3272 480 3420 Αρᾝιτοε·
500 3236 853 3374 ultimoque
835 3294 895 3336 ιιι
915 3277 1065 3337 ostio
1080 3272 1466 3381 Cimmerium,
1491 3274 1647 3355 quod
1668 3282 1836 3337 antea
1850 3271 2172 3336 Cerberion

182 3374 295 3419 voc
375 3367 543 3421 atur.⁸
898 3395 915 3404 κ
