2320 3650
629 68 790 115 NAT.
823 66 1006 115 ms‘r.
1043 67 1158 114 xv.
1192 64 1400 119 8-13-
1448 53 1720 139 (8—13.)
2051 55 2171 119 285

152 222 531 305 supernatia
531 241 564 282 e
595 220 827 283 Sabinis
855 222 1119 318 veniunt,
1167 222 1472 318 popularia
1502 221 1774 301 undique.
1838 239 2068 302 pomum
2102 226 2180 287 in·

153 327 417 373 nocuum
474 306 766 385 expetitur
819 287 1046 383 aegris,
1106 306 1470 384 pretiumque
1520 307 1631 366 iam
1682 307 1927 384 singulis
1979 310 2183 368 triceni

154 393 378 454 nummi
412 391 614 466 fuere,
658 388 867 449 nullius
899 391 1153 465 maiore,
1196 390 1351 467 quod
1379 390 1680 466 miremur,
1723 391 1854 469 quia
1885 410 1998 471 non
2030 392 2184 453 aliud

153 477 458 557 fugacius.
513 475 853 552 longissima
882 492 1126 554 namque
1164 474 1445 553 decerpto
1478 473 1637 535 bidui
1677 492 1838 535 mora
1873 486 1963 535 est
1999 478 2182 554 cogit·

104 571 129 611 5
155 580 279 643 que
313 579 379 621 se
414 559 768 623 venumdari.

299 643 394 708 13.
444 643 613 722 (12.)
671 642 884 720 Ingens
924 651 1132 720 postea
1181 641 1347 701 turba
1392 659 1733 720 prunorum:
1785 645 2150 722 versicolor,
2201 659 2268 711 41

154 732 365 808 nigra,
421 727 697 803 candida,
749 726 1060 787 hordearia
1095 726 1394 804 appellata
1442 745 1475 786 a
1517 730 1787 788 comitatu
1817 727 2000 806 frugis
2034 732 2178 790 eius.

152 814 283 876 alia
315 813 523 877 eodem
553 811 761 871 colore
794 812 1022 873 seriora
1053 812 1424 888 maioraque,
1459 813 1679 873 asinina
1709 814 2119 890 ,cognominata
2150 833 2182 874 a

156 898 411 959 vilitate.
477 905 610 955 sunt
645 896 929 970 onychina
962 913 1032 955 ac
1061 895 1385 965 laudatiora
1429 896 1626 956 cerina
1656 906 1828 975 atque
1865 915 2181 977 purpurea,

78 988 134 1031 10
155 1000 280 1043 nec
321 997 452 1047 non
484 979 557 1039 ab
611 989 852 1043 externa
888 989 1070 1056 gente
1105 978 1484 1057 Armeniaca,
1531 998 1678 1060 quae
1721 981 1848 1042 sola
1895 991 1953 1041 et
1997 983 2181 1043 odore

153 1065 672 1135 commendantur,
715 1064 997 1143 peculiari
1040 1063 1373 1141 inpudentia
1413 1064 1655 1125 nucibus
1691 1066 1988 1127 insitorum
2031 1085 2181 1145 quae

153 1151 383 1211 faciem
410 1149 666 1227 parentis
711 1160 1028 1225 sucumque
1060 1147 1390 1225 adoptionis
1422 1148 1730 1224 exhibent,
1780 1150 2079 1248 appell-ata
2109 1150 2181 1211 ab

154 1244 418 1312 utroque
454 1233 791 1310 nucipruna.
860 1240 920 1291 et
962 1226 1111 1292 haec
1151 1241 1341 1293 autem
1383 1241 1442 1291 et
1486 1232 1723 1293 Persica
1767 1243 1825 1293 et
1869 1235 2064 1295 cerina
2108 1254 2178 1295 ac
2202 1247 2268 1300 42

156 1317 465 1381 silvestria
493 1326 556 1383 ut
588 1334 737 1377 uvae
775 1316 934 1376 cadis
977 1316 1208 1379 condita
1238 1333 1421 1393 usque
1452 1315 1524 1376 ad
1554 1317 1666 1377 alia
1697 1319 1995 1380 nascentia
2022 1329 2180 1380 aeta-

81 1407 134 1447 15
156 1412 283 1463 tem
331 1400 840 1480 sibi,prorogant,
885 1401 1243 1478 reliquorum
1285 1400 1571 1473 velocitas
1613 1403 1725 1460 cito
1766 1403 2184 1465 mitescentium

157 1486 512 1546 transvolat.
572 1503 759 1562 nuper
802 1486 857 1542 in
887 1484 1122 1543 Baetica
1155 1484 1364 1557 malina
1395 1484 1680 1563 appellari
1714 1496 2037 1564 coeperunt
2066 1506 2181 1547 ma·

157 1569 235 1630 lis
267 1570 439 1629 insita
469 1578 528 1628 et
557 1568 670 1628 alia
697 1568 1064 1645 amygdalina
1103 1567 1443 1645 amygdalis.
1508 1568 1598 1628 his
1626 1570 1775 1630 intus
1806 1572 1862 1629 in
1895 1571 2052 1647 ligno
2082 1591 2181 1630 nu-

157 1654 331 1715 cleus
360 1652 704 1729 amygdalae
738 1662 849 1727 est,
880 1670 992 1711 nec
1020 1652 1176 1712 aliud
1202 1669 1429 1730 pomum
1455 1654 1810 1731 ingeniosius
1834 1658 2183 1731 geminatum

156 1748 274 1803 est.
337 1736 402 1799 In
445 1738 777 1815 peregrinis
818 1735 1125 1796 arboribus
1167 1737 1318 1796 dicta
1363 1746 1491 1795 sunt
1520 1736 1881 1801 Damascena
1913 1757 1944 1799 a
1979 1741 2181 1814 Syriae
2199 1751 2268 1806 43

38 1829 41 1846 ³
75 1841 133 1884 20
154 1822 452 1884 Damasco
486 1822 920 1898 cognominata,
965 1822 1075 1884 iam
1102 1821 1411 1900 pridemin
1445 1820 1609 1884 Italia
1638 1824 1972 1900 nascentia,
2014 1844 2180 1902 gran·

157 1908 330 1972 diore
356 1923 695 1984 quamquam
729 1905 888 1982 ligno
920 1915 979 1966 et
1008 1907 1256 1967 exiliore
1291 1924 1464 1966 carne
1494 1925 1605 1967 nec
1633 1926 1899 1986 umquam
1928 1910 1983 1968 in
2006 1928 2182 1987 rugas

154 1993 412 2064 siccata,
457 1991 724 2068 quoniam
752 1989 914 2049 soles
947 1992 1035 2050 sui
1065 1990 1290 2050 desunt.
1353 1991 1519 2052 simul
1551 1991 1664 2050 dici
1707 2003 1948 2071 possunt
1995 2012 2178 2072 popu-

155 2076 320 2136 lares
362 2092 564 2136 eorum
603 2091 846 2149 myxae,
905 2092 1055 2152 quae
1100 2084 1158 2144 et
1196 2077 1361 2153 ipsae
1405 2093 1555 2134 nunc
1595 2087 1915 2156 coegerunt
1959 2076 2179 2144 Romae

154 2159 323 2224 nasci
351 2159 559 2220 insitae
596 2157 808 2236 sorbis.

78 2256 135 2296 25
293 2242 464 2320 (13.)
524 2241 594 2301 In⁴
644 2251 824 2320 totum
868 2243 1096 2320 quidem
1140 2242 1377 2302 Persica
1422 2244 1733 2321 peregrina
1776 2244 1943 2302 etiam
1990 2244 2169 2304 Asiae
2195 2255 2266 2308 44

40 2343 41 2346 ’
159 2326 569 2404 Graeciaeque
601 2345 737 2388 esse
770 2345 847 2387 ex
879 2327 1106 2392 nomine
1138 2327 1270 2403 ipso
1302 2327 1579 2404 adparet,
1625 2336 1799 2403 atque
1832 2345 1904 2388 ex
1936 2327 2176 2390 Perside

160 2411 430 2472 advecta.
504 2409 610 2470 sed
657 2428 837 2488 pruna
884 2410 1175 2471 silvestria
1205 2410 1420 2488 ubique
1455 2412 1616 2471 nasci
1650 2420 1864 2470 certum
1898 2421 2017 2487 est,
2063 2429 2177 2490 quo

158 2496 351 2572 magis
398 2495 574 2553 miror
618 2494 783 2555 huius
829 2497 984 2573 pomi
1026 2496 1374 2555 mentionem
1420 2513 1453 2554 a
1488 2492 1709 2554 Catone
1749 2512 1864 2555 non
1905 2495 2176 2571 habitam,

160 2580 515 2659 praesertim
563 2596 691 2640 cum
739 2580 1042 2650 condenda
1085 2580 1509 2639 demonstraret
1562 2579 1844 2656 quaedam
1893 2590 1950 2640 et
2003 2581 2178 2640 silve·

74 2676 137 2718 ao
158 2664 324 2724 stria.
377 2662 804 2761 naqursicae
832 2664 1076 2724 arbores
1106 2683 1242 2723 sero
1268 2674 1326 2722 et
1351 2682 1479 2723 cum
1502 2663 1841 2724 difficultate
1870 2666 2173 2739 transiere,
2195 2675 2264 2728 45

160 2753 221 2807 ut
271 2765 425 2826 qnae
482 2747 538 2805 in
586 2745 796 2807 Rhodo
845 2749 985 2807 nihil
1035 2748 1255 2826 ferant,
1305 2748 1460 2826 quod
1505 2749 1743 2826 primum
1784 2747 1855 2807 ab
1901 2750 2177 2825 Aegypto

154 2849 361 2896 earum
401 2830 590 2892 fuerat
641 2830 970 2908 hospitium.
1032 2832 1238 2892 falsum
1280 2841 1369 2891 est
1412 2842 1695 2891 venenata
1737 2850 1863 2890 cum
1918 2833 2175 2891 cruciatu

154 2918 215 2976 in
228 2915 439 2978 Persis
468 2916 631 2993 gigni
661 2925 719 2974 et
752 2933 1065 3014 poenarum
1098 2935 1271 2977 causa
1301 2915 1371 2976 ab
1400 2916 1638 2993 regibus
1669 2917 1915 2978 tralata
1898 2934 1954 2974 1n
1976 2915 2174 2993 Aegy·

156 3009 320 3080 ptum
352 3010 509 3082 terra
537 3001 817 3077 mitigata.
871 3001 926 3060 id
964 3002 1112 3059 enim
1138 3001 1212 3061 de
1238 3001 1456 3061 Persea
1488 3001 1889 3078 diligentiores
1924 3000 2172 3076 tradunt,

77 3099 313 3163 asquae
356 3085 414 3143 in
459 3077 638 3144 totum
685 3084 798 3145 alia
849 3094 938 3144 est
968 3086 1167 3160 myxis
1211 3085 1549 3146 rubentibus
1601 3085 1798 3145 similis
1846 3102 1956 3143 nec
2011 3093 2175 3144 extra

152 3169 445 3229 orientem
489 3171 651 3232 nasci
690 3170 894 3230 voluit.
977 3188 1104 3229 eam
1146 3187 1380 3250 quoque
1426 3170 1771 3230 eruditiores
1813 3178 2259 3246 negaverunt46

150 3272 233 3313 ex
264 3252 507 3313 Perside
553 3263 796 3331 propter
835 3255 1118 3333 supplicia
1149 3255 1444 3329 tralatam,
1478 3255 1583 3315 sed
1614 3269 1645 3313 a
1674 3253 1893 3326 Perseo
1923 3252 2173 3330 Memphi

148 3346 379 3412 satam,
424 3346 482 3395 et
526 3335 600 3396 ob
641 3337 698 3396 id
724 3337 1116 3399 Alexandrum
1155 3340 1256 3399 illa
1288 3341 1556 3399 coronari
1595 3341 1851 3399 victores
1884 3339 1961 3398 ibi
2010 3337 2164 3396 insti-
