2320 3650
220 110 299 172 20
550 151 551 156 1
916 121 977 171 c.
1007 122 1200 169 rum
1226 121 1527 182 sirenum

217 277 493 355 suffragia
520 276 697 337 habet
730 278 989 339 centiens
1020 277 1241 336 viciens
1272 277 1613 355 proeliatus,
1647 278 1876 336 octiens-
1905 295 1981 338 ex
2012 297 2226 356 prove-

218 363 449 422 catione
478 363 685 436 victor,
725 360 1100 439 quadraginta
1132 361 1385 439 quinque
1415 357 1784 420 cicatricibus
1813 362 2066 422 adverso
2102 382 2224 434 core

135 456 237 509 102
256 446 716 523 pore1insignis,
763 445 922 505 nulla
963 446 1021 504 in
1062 453 1254 520 tergo.
1318 445 1468 505 idem
1514 445 1701 521 spolia
1742 447 1897 523 cepit
1939 460 2222 524 ΧΧΧΠῌ,

217 530 461 589 donatus
491 529 671 589 hastis
692 531 854 606 puris
885 528 1298 604 duodeviginti,
1331 529 1589 606 phaleris
1624 543 1789 604 XXV,
1819 530 2132 609 torquibus
2153 545 2225 596 ΠΙ

219 623 279 682 et
304 626 517 688 LXXX,
552 613 794 673 armillis
817 626 973 688 CLX,
1007 614 1240 672 coronis
1271 626 1466 687 XXVI,
1499 613 1557 670 in
1591 614 1791 674 civicis
1820 627 2012 689 XIIII,
2038 617 2253 685 aureisz

214 709 381 772 VIII,
420 698 735 770 muralibus
767 710 886 771 111,
922 695 1267 757 obsidionali
1299 715 1445 771 una,
1484 696 1628 756 fisco
1671 699 1859 772 aeriS,
1899 712 1972 758 X
1988 701 2225 775 captivis

208 792 276 841 et
305 795 405 841 XX
435 781 604 841 simul
630 780 847 855 bubus,
880 782 1262 858 imperatores
1295 798 1505 842 novem
1535 783 1717 859 ipsius
1748 800 2034 844 maxume
2049 800 2227 860 opera

214 865 611 943 triumphantis
658 874 926 940 secutus,
970 874 1278 942 praeterea
1315 865 1506 942 (quod
1537 873 1827 943 optumum
1858 867 1918 923 in
1949 866 2225 943 operibus

216 951 340 1008 eius
375 950 542 1026 reor)
574 965 688 1008 uno
722 967 797 1007 ex
827 948 1068 1009 ducibus
1106 947 1171 1008 T.
1205 948 1455 1007 Romilio
1494 968 1569 1008 ex
1605 948 1905 1009 consulatu
1938 950 2013 1009 ad
2049 968 2224 1028 popu·

132 1042 234 1096 103
250 1032 364 1091 lum
394 1033 668 1091 convicto
702 1032 855 1091 male
889 1035 1204 1110 imperatae
1247 1035 1332 1092 rei
1364 1032 1644 1092 militaris.
1707 1032 1854 1094 Haut
1885 1034 2113 1096 minora
2147 1035 2274 1094 fo-1o

219 1125 344 1175 rent
386 1113 558 1175 Manli
603 1113 912 1193 Capitolini
948 1117 1198 1190 decora,
1244 1119 1298 1176 ni
1335 1116 1685 1195 perdidisset
1715 1116 1820 1176 illa
1860 1118 2022 1176 exitu
2056 1118 2224 1190 vitae.

218 1208 349 1258 ante
380 1212 529 1258 XVII
575 1216 756 1258 annos
790 1199 922 1260 bina
965 1210 1205 1278 ceperat
1238 1200 1443 1279 spolia.
1518 1202 1733 1279 primus
1765 1202 2016 1262 omnium
2048 1219 2228 1279 eques

219 1300 493 1341 coronam
523 1283 799 1343 muralem
823 1294 1156 1363 acceperat,
1190 1298 1263 1343 VI
1289 1285 1526 1358 civicaS,
1558 1298 1820 1347 XXXVII
1841 1285 2015 1359 dona,
2048 1298 2231 1346 XXIII

218 1368 524 1426 cicatrices
549 1368 796 1427 adverso
830 1378 1451 1447 corporesexceperat,
1476 1367 1538 1427 P.
1566 1367 1872 1428 Servilium
1894 1369 2232 1445 magistrum

170 1489 188 1517 .
218 1452 468 1529 equitum
509 1462 878 1528 servaverat,
925 1455 1054 1531 ipse
1084 1453 1421 1514 volneratus
1452 1449 1739 1526 umerum,
1784 1451 1991 1514 femur.
2055 1471 2280 1531 superis

219 1536 404 1593 omnia
442 1533 785 1613 Capitolium
816 1555 1207 1614 summamque
1249 1554 1371 1595 rem
1403 1537 1463 1598 in
1503 1554 1579 1595 eo
1621 1536 1786 1595 solus
1825 1554 1859 1594 a
1893 1534 2075 1598 Gall-is
2112 1556 2229 1602 ser·

135 1628 238 1681 104
252 1628 509 1692 vawerat,
541 1621 590 1677 si
621 1637 736 1678 non
771 1638 954 1696 regno
989 1638 1092 1679 suo
1127 1629 1441 1680 servasset.
1499 1597 1764 1679 Verum
1748 1638 1805 1677 ιιι
1826 1618 1916 1700 bis
1947 1630 2104 1684 sunt
2113 1622 2230 1699 qui·

214 1704 343 1762 dem
384 1704 608 1762 virtutis
651 1720 835 1781 opera
868 1722 1104 1780 magna,
1145 1706 1249 1765 sed
1280 1706 1497 1763 maiora
1528 1703 1816 1764 fortunae.
1860 1701 1956 1762 Μ
1996 1705 2230 1781 Sergio,

217 1793 281 1846 ut
311 1785 581 1865 equidem
600 1786 895 1869 arbitror,
932 1805 1103 1847 nemo
1136 1806 1479 1867 quemquam
1507 1787 1796 1849 hominum
1829 1788 1968 1847 iure
1987 1798 2232 1869 praetu-

217 1871 369 1947 lerit,
386 1870 536 1931 ¹licet
558 1888 859 1951 pronepos
879 1870 1122 1932 Catilina
1147 1875 1388 1949 gratiam
1410 1874 1622 1933 nomini
1646 1873 1915 1949 deroget.
1969 1873 2281 1937 secundom

221 1956 506 2034 stipendio
551 1956 811 2016 dextram
851 1975 1074 2016 manum
1117 1956 1400 2034 perdidit,
1449 1957 1749 2035 stipendiis
1792 1953 2019 2019 duobus
2053 1966 2150 2019 ter
2173 1966 2235 2019 „et

218 2041 441 2099 viciens
471 2040 804 2100 volneratus
837 2051 964 2116 est,
1003 2040 1078 2099 ob
1108 2041 1167 2100 id
1196 2051 1398 2101 neutra
1426 2058 1629 2115 manu,
1663 2049 1878 2099 neutro.
1900 2040 2070 2116 pede,
2095 2041 2235 2100 satis

214 2124 408 2199 utilis,
450 2141 566 2182 uno
610 2134 823 2184 tantum
867 2143 1073 2199 servo,
1111 2125 1389 2202 plurumis
1431 2135 1639 2202 postea
1680 2122 1986 2201 stipendiis
2021 2122 2236 2191 debilis

196 2209 409 2268 “miles
473 2207 563 2266 bis
595 2207 665 2268 ab
705 2209 1025 2269 Hannibale
1060 2218 1265 2286 captus
1289 2242 1372 2255 —
1398 2227 1589 2288 neque
1621 2210 1774 2271 enim
1813 2225 1944 2269 cum
1971 2208 2239 2285 quolibet

214 2293 389 2352 *hoste
412 2310 510 2351 res
537 2291 643 2353 fuit
664 2327 769 2368 —-,
802 2293 890 2354 his
920 2292 1282 2352 vinculorum
1310 2292 1432 2350 eius
1465 2292 1771 2370 profugus,
1803 2293 1864 2351 in
1889 2305 2004 2357 XX,
2021 2292 2292 2363 mensi-25

138 2376 364 2439 lesbus
395 2375 552 2434 nullo
585 2395 700 2436 non
731 2377 823 2436 die
849 2380 907 2437 in
930 2378 1146 2437 catenis
1186 2386 1281 2436 aut
1315 2376 1673 2454 conpedibus
1710 2375 2053 2437 custoditus.
2101 2376 2239 2441 siai-

221 2469 340 2520 stra
377 2476 544 2518 manu
591 2461 720 2521 sola
762 2470 967 2539 quater
1011 2461 1317 2539 pugnavit,
1353 2460 1577 2520 duobus
1623 2463 1800 2537 equis
1832 2461 2240 2523 insidente-eo

220 2542 528 2602 subfossis.
558 2568 563 2571 v
596 2545 854 2605 dextram
898 2545 1009 2604 sihi
1041 2545 1292 2605 ferream
1333 2544 1508 2618 fecit,
1554 2562 1740 2622 eaque
1774 2543 2024 2620 religata
2063 2560 2239 2621 proe-

202 2629 390 2687 =liatus
426 2623 770 2688 Cremonam
815 2629 1118 2688 obsidione
1163 2629 1413 2704 exemit,
1466 2628 1818 2688 Placentiam
1866 2637 2084 2691 tutatus
2129 2634 2241 2700 est,

222 2711 487 2771 duodena
520 2722 711 2772 castra
740 2713 988 2772 hostium
1016 2715 1074 2772 in
1107 2712 1293 2773 Gallia
1335 2714 1524 2790 cepit,
1570 2730 1718 2790 quae
1764 2712 1949 2773 omnia
1989 2726 2316 2779 exornem

223 2797 381 2855 tione
427 2796 549 2854 eius
585 2797 864 2874 adparent
905 2796 1095 2856 habita
1131 2815 1260 2857 cum
1299 2798 1357 2856 in
1400 2805 1669 2875 praetura
1711 2798 1904 2861 ,sacris
1932 2804 2242 2861 arceretur

212 2899 256 2940 *a
296 2879 546 2955 collegis
580 2889 640 2938 ut
665 2879 896 2954 debilis,
929 2898 1077 2957 quos
1100 2881 1196 2940 hic
1229 2897 1572 2940 coronarum
1600 2897 1847 2945 acervos
1875 2888 2241 2949 constructu-

143 2973 247 3027 106
258 2978 359 3022 rus
392 2963 562 3024 hoste
585 2964 826 3029 mutato!
854 2967 1093 3035 „etenim
1113 2964 1434 3042 plurumum
1459 2965 1672 3038 refert,
1696 2965 1750 3023 in
1780 2981 1930 3041 quae
1958 2964 2244 3041 cuiusque

225 3049 404 3106 virtus
444 3057 705 3125 tempora
741 3047 1027 3107 inciderit.
1110 3067 1253 3126 quas
1300 3047 1514 3109 Trebia
1552 3047 1857 3127 Ticinusve
1902 3057 1998 3109 aut
2050 3046 2241 3113 Trasi-
2315 3046 2316 3127 ᾖ

225 3144 424 3188 merrus
475 3132 690 3191 civicas
741 3129 1003 3191 dedere?
1073 3151 1222 3211 quae
1272 3131 1480 3192 Cannis
1537 3148 1754 3195 corona
1804 3133 2039 3206 merita«,
2094 3130 2316 3243 unde-‘³⁵1

212 3212 712 3287 fugissefvirtutis
754 3233 1026 3274 summum
1070 3234 1218 3294 opus
1258 3212 1407 3274 fuit?
1466 3217 1649 3276 ceteri
1681 3216 1948 3294 profecto
1975 3216 2248 3279 :victores
2315 3248 2316 3297 ι

228 3295 515 3365 hominum
547 3297 747 3373 fuere,
786 3299 1027 3376 Sergius
1057 3302 1198 3359 vicit
1232 3301 1401 3358 etiam
1431 3300 1735 3359 fortunam.
2107 3334 2116 3363 ι
2189 3340 2196 3351 -
2315 3304 2316 3367 ζ

146 3385 248 3440 107
362 3376 461 3438 29.
511 3378 680 3457 (30.)
732 3381 1097 3457 Ingeniorum
1126 3382 1352 3459 gloriae
1379 3384 1506 3461 quis
1530 3385 1919 3461 possitagete
1943 3382 2253 3446 detectum
