2320 3650
549 101 713 151 uxr.
744 100 924 150 ms'r.
958 101 1034 150 11.
1067 85 1319 151 15-16,
1353 73 1653 168 (li—13.)
2070 94 2148 152 77

45 235 48 244 ’
149 233 378 320 conexa
418 256 770 318 latitudinum
825 255 1086 332 signiferi
1131 253 1598 334 obliquitatisque
1650 273 1824 315 causa
1875 265 1983 316 est.
2036 255 2148 318 Per

149 343 298 403 lrunc
351 340 564 402 stellae
610 358 754 418 quas
796 340 1036 400 diximus
1075 338 1365 413 feruntur,
1412 356 1524 398 nec
1566 338 1716 401 aliud
1760 338 2042 401 habitatur
2086 344 2207 432 in⁸¹

145 427 321 487 terris
355 442 526 503 quam
559 424 716 504 quod
747 423 831 484 illi
861 422 1141 497 subiacet,
1177 421 1402 499 reliqua
1431 439 1463 480 a
1491 421 1644 500 polis
1674 423 1958 501 squalent.
2025 425 2141 486 Ve-

148 511 303 570 neris
332 518 553 568 tantum
593 508 768 567 stella
807 506 1037 567 excedit
1083 524 1211 565 eum
1245 505 1395 566 binis
1431 505 1720 583 partibus,
1774 524 1922 584 quae
1971 527 2144 570 causa

95 593 505 674 ,sintellegitur
540 591 783 652 efficere
811 600 871 650 ut
901 590 1180 669 quaedam
1214 589 1474 650 animalia
1506 599 1564 649 et
1592 591 1650 648 in
1681 589 1927 650 desertis
1956 593 2144 653 mundi

142 686 476 738 nascautur.
535 675 691 735 Luna
728 691 959 753 quoque
993 691 1100 752 per
1136 683 1312 734 totam
1342 674 1691 734 latitudinem
1724 675 1848 733 eius
1882 686 2143 752 vagatur,

143 762 248 823 sed
281 761 518 820 omnino
553 777 669 819 non
699 759 996 818 excedens
1026 775 1172 818 eam.
1242 757 1335 817 Ab
1370 759 1459 817 his
1490 756 1743 818 Mercuri
1771 758 1940 818 stella
1970 760 2142 821 laxis-

142 848 310 921 sime,
345 853 408 904 ut
437 853 626 905 tamen
656 861 691 902 e
723 842 1001 903 duodenis
1037 841 1296 920 partibus
1331 842 1450 921 (tot
1479 843 1627 902 enim
1649 850 1779 902 sunt
1800 842 2139 923 latitudinis)

141 946 257 989 non
286 927 535 1006 amplius
564 937 808 988 octonas
830 935 1115 1004 pererret,
1152 944 1344 1005 neque
1366 925 1470 986 bas
1500 926 1840 1005 aequaliter,
1875 928 1979 987 sed
2003 928 2141 990 duas

75 1014 338 1079 mmedio
369 1012 498 1071 eius
538 1021 597 1071 et
632 1028 805 1088 supra
840 1018 1105 1088 quattuor
1143 1011 1293 1070 infra
1331 1010 1490 1071 duas.
1552 1011 1659 1070 Sol
1693 1010 1902 1071 deiude
1953 1013 2140 1073 medio
2155 1020 2225 1077 67

142 1099 333 1158 fertur
364 1097 515 1155 inter
546 1095 687 1156 duas
725 1096 901 1173 partis
933 1093 1200 1154 flexuoso
1244 1095 1554 1154 draconum
1581 1104 1770 1155 meatu
1799 1096 2140 1177 inaequaliS,

142 1180 347 1243 Martis
377 1179 552 1241 stella
586 1188 855 1257 quattuor
886 1177 1110 1254 mediis,
1146 1177 1301 1238 Iovis
1328 1179 1516 1239 media
1549 1188 1607 1238 et
1642 1198 1817 1257 super
1846 1198 1972 1240 eam
2005 1181 2139 1242 dua-

141 1266 286 1343 bus,
338 1266 568 1326 Saturni
609 1261 830 1324 duabus
867 1270 938 1321 ut
967 1262 1076 1321 sol.
1136 1262 1298 1323 Haec
1346 1263 1847 1333 eritalatitudinum
1888 1265 2036 1324 ratio
2068 1266 2141 1325 ad

137 1360 400 1411 austrum
441 1347 911 1409 descendentium
964 1354 1060 1405 aut
1105 1346 1178 1407 ad
1220 1346 1547 1425 aquilonem
1592 1347 1973 1407 subeuntium.
2030 1348 2139 1409 bac

78 1441 418 1495 mconstare
460 1442 519 1491 et
557 1434 782 1492 tertiam
827 1432 982 1492 illam
1028 1449 1061 1491 a
1101 1438 1257 1491 terra
1293 1431 1650 1490 subeuntium
1682 1433 1738 1489 in
1782 1431 2036 1508 caelum,
2082 1440 2140 1492 et
2226 1455 2241 1470 ‘

135 1519 363 1598 pariter
396 1516 597 1577 scandi
630 1533 756 1577 eam
797 1533 1029 1594 quoque
1063 1518 1486 1575 existumavere
1517 1515 1782 1593 plerique
1813 1515 1983 1575 falso.
2043 1517 2139 1594 qui

135 1611 201 1662 ut
229 1609 642 1679 coarguantur,
676 1599 989 1679 aperienda
1024 1608 1113 1659 est
1142 1598 1425 1659 subtilitas
1449 1601 1703 1659 inmensa
1730 1608 1790 1659 et
1831 1600 2012 1658 omnis
2036 1619 2138 1660 eas

140 1685 437 1765 conplexa
467 1702 693 1744 causas.
750 1681 1033 1743 Convenit
1061 1682 1263 1743 stellas
1292 1685 1350 1743 in
1385 1701 1600 1743 occasu
1629 1685 1963 1762 vespertino
2004 1700 2133 1763 pro-
2152 1695 2222 1750 68

138 1787 343 1831 xumas
377 1786 513 1830 esse
537 1777 731 1829 terrae
757 1777 814 1828 et
844 1767 1138 1829 altitudine
1172 1777 1231 1828 et
1261 1767 1585 1844 latitudine,
1633 1777 1990 1848 exortusque
2020 1786 2134 1829 ma-

75 1856 353 1918 wtutinos
384 1854 443 1913 in
470 1854 632 1914 initio
662 1855 938 1931 cuiusque
968 1853 1114 1929 lieri,
1146 1854 1428 1913 stationes
1456 1855 1515 1913 in
1545 1853 1749 1915 mediis
1785 1853 2136 1914 latitudinum

131 1938 435 2013 articulis,
473 1955 624 2016 quae
654 1946 867 1997 vocant
901 1936 1189 2015 ecliptica.
1250 1936 1496 1997 Perinde
1529 1937 1859 1998 confessum
1884 1948 1984 1997 -est
2014 1956 2135 1998 mo-

135 2032 255 2082 tum
299 2022 505 2098 aug-eri
549 2022 812 2100 quamdiu
852 2022 909 2081 in
939 2021 1129 2080 vicino
1162 2022 1274 2080 sint
1303 2030 1528 2098 terrae,
1576 2040 1702 2081 cum
1737 2021 2050 2082 abscedant
2079 2024 2134 2083 in

140 2106 527 2181 altitudinem,
572 2106 764 2164 minui.
829 2123 976 2184 quae
1007 2106 1153 2165 ratio
1199 2103 1367 2165 lunae
1397 2124 1659 2167 maxume
1695 2105 2133 2167 sublimitatibus

139 2189 516 2268 adprobatur.
586 2189 791 2266 Aeque
837 2206 953 2248 non
1001 2198 1092 2248 est
1133 2188 1362 2249 dubium
1404 2191 1459 2249 in
1504 2189 1801 2250 exortibus
1846 2193 2131 2249 matutinis

74 2275 447 2335 uetiamnum
493 2275 693 2350 augeri
734 2282 907 2352 atque
950 2291 985 2333 a
1023 2273 1362 2333 stationibus
1399 2275 1595 2352 primis
1645 2274 1746 2333 tris
1797 2276 2131 2352 superiores

138 2357 374 2417 diminui
404 2375 589 2435 usque
620 2356 692 2417 ad
724 2359 1001 2417 stationes
1031 2357 1337 2418 secundas.
1392 2357 1554 2431 Quae
1587 2376 1715 2418 cum
1751 2358 1828 2418 ita
1858 2359 1988 2433 sint,
2021 2371 2216 2426 ma-69

133 2443 411 2502 nifestum
447 2442 560 2500 erit
589 2440 661 2501 ab
702 2450 908 2501 exortu
938 2442 1210 2501 matutino
1240 2441 1569 2503 latitudines
1599 2441 1831 2518 scandi,
1867 2445 2132 2520 quoniam

137 2527 194 2584 in
226 2542 302 2585 eo
337 2526 580 2604 primum
610 2523 804 2585 habitu
831 2526 1065 2603 incipiat
1094 2526 1325 2603 parcius
1356 2526 1504 2587 adici
1530 2535 1750 2601 motus,
1783 2528 1840 2584 in
1876 2529 2129 2586 stationi·

138 2608 247 2669 bns
281 2626 428 2669 vero
459 2610 657 2687 primis
694 2616 753 2668 et
781 2608 1135 2670 altitudinem
1166 2609 1394 2686 subire,
1449 2611 1717 2687 quoniam
1744 2619 1860 2670 tum
1889 2613 2130 2688 primum

74 2694 415 2772 reincipiant
446 2693 671 2754 detrahi
701 2695 918 2752 numeri
954 2693 1280 2773 stellaeque
1313 2695 1581 2754 retroire.
1641 2694 1801 2753 cuius
1849 2696 1936 2753 rei
1983 2696 2128 2755 ratio

135 2778 404 2856 privatim
445 2776 743 2837 reddenda
789 2786 896 2836 est.
955 2777 1278 2838 Percussae
1317 2780 1373 2838 in
1418 2796 1526 2857 qua
1577 2778 1820 2838 diximus
1864 2786 2028 2856 parte
2071 2788 2129 2838 et
2282 2820 2283 2825 η

129 2861 427 2938 ‘triangulo
454 2861 596 2920 solis
617 2861 780 2920 radio
806 2860 1129 2921 inhibentur
1150 2871 1371 2922 rectum
1391 2880 1572 2940 agere
1596 2880 1843 2936 cursum,
1877 2870 1936 2921 et
1958 2863 2125 2938 ignea
2280 2886 2281 2937 χ

135 2946 192 3003 vi
223 2945 491 3005 levantur
514 2948 572 3005 in
607 2944 869 3004 sublime.
914 2945 1042 3006 Hoc
1069 2961 1183 3005 non
1213 2948 1471 3024 protinus
1501 2945 1763 3022 intellegi
1786 2954 1983 3024 potest
2002 2948 2128 3006 visu
2144 2950 2212 3006 70
2278 2972 2279 3049 1

133 3039 373 3106 nostro,
410 3029 663 3108 ideoque
693 3030 1103 3090 existumantur
1140 3039 1329 3106 stare,
1383 3031 1533 3091 unde
1571 3039 1631 3090 et
1658 3047 1867 3090 nomeu
1901 3032 2133 3110 accepit

69 3115 331 3173 asstatio.
384 3111 763 3192 Progreditur
791 3113 999 3174 deinde
1030 3113 1285 3175 eiusdem
1315 3115 1439 3176 radi
1467 3115 1761 3189 violentia,
1795 3124 1853 3174 et
1881 3116 2128 3177 retroire
2272 3110 2277 3173 ,4

136 3199 298 3273 cogit
325 3215 512 3275 vapor
535 3215 937 3275 repercussas.
987 3197 1165 3258 Multo
1199 3200 1256 3259 id
1286 3200 1467 3275 magis
1497 3201 1554 3259 in
1573 3202 1909 3278 vespertino
1934 3218 2127 3260 earum

57 3324 62 3331 -
136 3289 364 3357 exortu,
396 3290 524 3341 toto
547 3281 678 3341 sole
706 3280 953 3341 adverso
980 3300 1105 3342 cum
1129 3283 1187 3342 in
1208 3300 1454 3343 summas
1479 3284 1710 3362 apsidas
1738 3284 2124 3362 expelluntur,

131 3366 531 3444 miuumaeque
565 3374 898 3441 cernuntur,
930 3367 1197 3444 quoniam
1229 3366 1505 3427 altissime
1536 3367 1761 3443 absunt,
1795 3376 1854 3429 et
1883 3368 2125 3426 minumo
2258 3306 2273 3487 1

2182 3514 2212 3550 ..⁴
