2320 3650
402 139 562 189 NA'r.
594 137 769 185 msr.
801 138 849 186 1.
880 127 1214 205 (mvn.)
1249 140 1323 187 11.
1375 139 1533 190 1—2.
1574 125 1802 211 (1—2.)
2040 126 2120 188 61>

153 302 459 368 mostrato,
518 291 883 367 Zenothemi,
914 291 1283 369 Metrodoro,
1317 294 1562 371 Sotaco,
1604 294 1851 371 Pythea,
1887 294 2121 354 Timaeo

153 379 381 453 Siculo,
421 376 618 450 Nicia,
667 375 1102 451 Theochresto,
1136 376 1434 453 Asaruba,
1465 376 1733 454 Mnasea,
1768 378 2121 454 Theomene,

155 461 372 536 Ctesia,
401 459 751 534 Mithridate,
778 459 1093 537 Sophocle,
1120 459 1413 520 Archelao
1443 479 1609 537 rege,
1636 459 1984 539 Callistrato,
2009 462 2125 522 De—

149 547 411 620 mocrit0,
446 542 710 619 Ismenia,
743 541 1068 620 Olympico,
1099 542 1434 604 Alexandro
1463 545 1845 623 polyhistore,
1878 547 2126 624 Apione,

112 629 325 705 siluro,
367 629 707 702 Zoroastre,
742 626 1031 687 Zachalia.

669 945 741 1027 C.
805 949 1097 1032 PLINI
1162 949 1611 1034 suc-ulto!

89 1082 130 1121 ¹⁰
368 1080 1111 1189 NATURALI‘S
1194 1072 1913 1181 HISTDR'IAE

858 1233 1252 1298 LIBER
1339 1233 1430 1298 11.

84 1504 127 1544 15
262 1472 416 1551 Cap.
457 1474 510 1532 1.
547 1474 737 1551 (Sect.
777 1475 864 1552 1.)
917 1472 1184 1533 Mundum
1232 1482 1291 1533 et
1323 1472 1437 1532 hoc
1467 1472 1867 1550 quodcumque
1900 1473 2125 1531 nomine
2153 1475 2180 1525 l

139 1559 255 1620 alio
290 1558 525 1618 caelum
548 1556 847 1634 appellare
872 1557 1052 1633 libuit,
1088 1558 1246 1617 cuius
1274 1556 1641 1616 circumflexu
1667 1556 1878 1632 degunt
1902 1564 2125 1629 cuncta,

140 1659 358 1703 numen
372 1659 509 1700 esse
536 1641 694 1700 credi
715 1658 819 1719 par
840 1649 949 1717 est,
973 1650 1287 1718 aeternum,
1312 1641 1646 1713 inmensum,
1666 1657 1853 1717 neque
1877 1640 2128 1715 genitum

139 1743 342 1805 neque
388 1724 743 1784 interiturum
790 1742 1069 1802 umquam.
1129 1724 1307 1785 Huius
1351 1731 1552 1785 extera
1597 1723 1870 1800 indagare
1905 1741 2015 1782 nec
2046 1724 2124 1781 in-

141 1815 333 1871 terest
358 1807 664 1884 hominum,
698 1827 808 1868 nec
839 1810 992 1887 capit
1014 1808 1291 1870 humanae
1318 1809 1648 1868 coniectura
1676 1809 1897 1867 mentis.
1948 1812 2127 1869 Sacer
2149 1816 2184 1868 2

78 1903 251 1970 aoest,
286 1902 588 1967 aeternus,
625 1894 936 1970 inmensus,
967 1902 1118 1954 totus
1149 1895 1207 1952 in
1235 1902 1380 1967 tote,
1413 1894 1580 1951 immo
1612 1910 1753 1952 vero
1779 1894 1904 1971 ipse
1928 1900 2125 1965 ιοιιιιιι,

141 1979 398 2037 infinitus
430 1994 500 2035 ac
529 1976 686 2036 finito
717 1976 948 2052 similis,
994 1969 1240 2037 omnium
1287 1995 1477 2036 rerum
1509 1985 1699 2036 certus
1732 1985 1789 2035 et
1818 1976 2063 2035 similis
2047 1995 2126 2034 m·

142 2070 354 2134 certo,
403 2068 568 2119 extra
611 2061 754 2119 intra
797 2069 1000 2121 cuncta
1047 2061 1416 2140 conplexus·
1401 2079 1457 2119 ιιι
1504 2079 1598 2135 se,
1643 2061 1908 2138 idemque
1936 2077 2123 2118 rerum

138 2154 389 2205 naturae
423 2160 570 2221 opus
603 2152 661 2204 et
692 2162 884 2204 rerum
913 2146 1040 2224 ipsa
1072 2154 1289 2205 natura.
1333 2144 1517 2204 Furor
1546 2153 1636 2203 est
1657 2161 1977 2204 mensuram
2001 2143 2121 2202 eius
2146 2147 2181 2201 3

140 2230 338 2288 animo
377 2228 672 2304 quosdam·
703 2229 954 2304 agitasse
990 2231 1172 2306 ‘atque
1202 2228 1456 2307 prodere
1503 2245 1707 2302 ausos,
1759 2226 2129 2286 aliosrursus

76 2333 122 2371 25
144 2311 471 2372 occasione
515 2310 648 2370 hinc
681 2320 902 2389 sumpta
947 2322 1042 2372 aut
1086 2312 1176 2371 his
1207 2312 1337 2372 data
1368 2311 1793 2371 innumerabilis
1823 2311 2126 2371 tradidisse

138 2395 426 2470 mundos,
474 2379 536 2454 ιιι
576 2395 816 2455 totidem
854 2414 1044 2456 rerum
1078 2405 1308 2456 naturas
1340 2395 1499 2454 credi
1523 2403 1860 2474 oporteret,
1904 2404 2034 2469 aut,
2079 2396 2127 2452 si

137 2498 253 2539 una
287 2496 494 2538 omnes
525 2478 883 2555 incubarent,
917 2480 1156 2540 totidem
1183 2490 1372 2541 tamen
1403 2480 1561 2539 soles
1591 2480 1941 2558 totidemque
1966 2478 2128 2538 lunas

141 2573 199 2624 et
245 2570 453 2622 cetera
499 2564 669 2622 etiam
714 2563 771 2621 in
813 2580 925 2621 uno
975 2572 1033 2623 et
1062 2565 1317 2624 inmensa
1366 2572 1424 2622 et
1456 2563 1882 2623 innumerabilia
1911 2562 2123 2633 sidera,

140 2647 314 2726 quasi
359 2663 473 2704 ιιοιι
517 2646 723 2720 eadem
763 2649 1102 2724 quaestione
1135 2665 1368 2725 semper
1401 2647 1456 2704 in
1489 2648 1728 2705 termino
1751 2646 2124 2722 cogitationis

75 2751 124 2792 :³0
141 2747 467 2790 occursura
504 2730 797 2790 desiderio
832 2730 957 2789 finis
978 2730 1234 2802 ‚alicuius
1263 2739 1389 2806 aut,
1444 2729 1492 2787 si
1522 2729 1667 2790 haec
1697 2729 1938 2789 infinitas
1968 2738 2123 2787 natu-

139 2832 246 2878 rae
286 2815 536 2872 omnium
566 2814 768 2873 artifici
798 2815 984 2892 possit
1016 2815 1337 2894 adsignari,
1390 2829 1505 2872 non
1548 2813 1698 2873 idem
1742 2813 1881 2872 illud
1924 2814 1979 2870 iu
2012 2829 2123 2871 uno

138 2898 379 2957 facilius
412 2898 484 2955 sit
515 2896 810 2974 intellegi,
844 2906 997 2958 tauto
1029 2900 1371 2976 praesertim
1402 2914 1602 2975 opere.
1647 2897 1807 2956 furor
1838 2904 1957 2971 est,
1990 2914 2124 2974 pro·¹
2145 2898 2179 2949 4

139 2983 309 3042 fecto
341 2981 536 3055 furor,
589 2981 793 3057 egredi
825 2995 900 3041 ex
929 2999 1002 3041 eo
1038 2991 1126 3058 et,
1180 2990 1464 3060 tamquam
1499 2983 1716 3041 interna
1764 2982 1914 3039 eius
1924 2990 2124 3040 cuncta

141 3065 374 3144 plane
355 3082 467 3125 lam
499 3073 634 3123 nota
667 3066 795 3140 sint,
828 3066 903 3125 ita
928 3066 1170 3126 scrutari
1196 3075 1417 3141 extera,
1455 3067 1780 3144 quasivero
1806 3082 2124 3124 mensuram

69 3148 324 3209 &ullius
352 3149 441 3207 rei
486 3149 673 3227 possit
707 3166 885 3225 agere
932 3151 1027 3229 qui
1071 3150 1158 3232 sui
1193 3151 1411 3209 nesciat
1445 3159 1537 3210 aut
1570 3148 1833 3229 (mirorl)
1866 3149 2124 3212 homines

140 3230 351 3292 videre
387 3249 534 3310 quae
563 3232 802 3292 mundus
827 3233 958 3310 ipse
994 3250 1107 3292 non
1141 3234 1348 3331 capiat.

275 3314 332 3375 2.
370 3314 494 3395 (2.)
527 3315 790 3400 Formam
841 3318 965 3376 eius
994 3318 1049 3375 in
1080 3318 1341 3394 speciem
1372 3315 1529 3375 orbis
1559 3316 1804 3377 absoluti
1835 3316 2122 3393 globatam
2145 3315 2203 3365 5-

143 3418 287 3462 csse
326 3417 538 3460 nomeu
587 3400 643 3457 in
685 3392 879 3477 primis
923 3409 980 3460 et
1023 3416 1341 3461 consensus
1383 3402 1438 3459 in
1473 3416 1545 3459 eo
1576 3400 1893 3461 mortalium
1924 3398 2122 3458 orbem

316 3489 858 3544 mu1uu.111s·r.1.
1709 3484 1745 3543 5
