2320 3650
680 80 840 127 NAT.
874 80 1059 132 ms'r.
1089 83 1186 131 XI.
1217 77 1303 133 37.
1346 70 1651 148 (fia—65.)
1686 101 1693 104 ›
2056 67 2173 129 187

141 238 352 301 boves
369 234 513 298 bimi
536 243 770 298 mutant.
823 235 1006 298 subu
1039 252 1156 297 non
1197 237 1473 299 decidant
1508 255 1795 318 umquam.
1855 237 2175 316 Absumpta

143 324 265 386 hac
298 320 716 382 observatione
740 329 1014 382 senectus
1036 321 1096 380 in
1120 322 1287 400 equis
1312 330 1373 382 et
1402 325 1621 383 ceteris
1643 323 1925 383 veterinis
1947 322 2175 382 intelle·

141 409 313 485 gitur
347 404 599 465 dentium
640 403 1039 479 bracchium,
1083 406 1535 485 superciliorum
1576 408 1787 467 canitia
1817 416 1876 467 et
1909 407 2065 472 circa
2106 422 2177 465 ea

143 490 428 563 lacunis,
440 506 569 548 cum
602 487 730 548 fere
761 488 1025 550 sedecim
1046 507 1324 553 annorum
1352 493 1777 552 existimantur
1836 490 2139 552 Hominum
2160 496 2263 552 170

94 602 121 642 5
146 573 434 637 dentibus
462 569 756 663 quoddam
777 574 929 633 inest
959 574 1135 634 virus.
1197 592 1446 655 namque
1476 586 1537 636 et
1565 576 1795 656 speculi
1824 575 2073 635 nitorem
2103 591 2180 633 ex

137 660 412 721 adverso
435 656 633 717 nudati
658 652 937 718 hebetant
961 667 1021 718 et
1045 658 1445 720 columbarum
1464 661 1625 721 fetus
1644 660 1917 739 implumis
1946 666 2175 718 necant.

140 744 387 822 reliqua
417 741 537 802 de
515 742 593 800 lis
623 742 684 801 in
708 743 1091 818 generatione
1124 742 1413 804 hominum
1441 744 1594 805 dicta
1622 753 1772 805 sant.
1829 742 2222 826 Erumpen·aq
2173 742 2207 781 ⁷
2217 741 2263 774 ⁶⁸

140 828 307 890 tibus
346 825 565 888 morbis
609 841 863 903 corpora
917 824 1211 887 infantium
1256 830 1568 907 accipiunt.
1639 830 1866 907 reliqua
1913 791 2248 887 ιιυιίιιιιιίιιΜΝ

147 930 312 992 quae
340 919 604 972 serratos
634 909 851 970 habent
884 912 1228 971 saevissime
1261 913 1539 974 dentiunt.
1592 917 1595 922 ’

73 1022 127 1062 10
284 996 459 1074 (65.)
509 994 767 1071 Linguae
811 1012 928 1058 non
969 995 1238 1056 omnibus
1281 998 1493 1058 eodem
1536 997 1730 1058 modo.
1806 996 2143 1057 tenuissima
2163 1002 2262 1057 171

141 1080 538 1160 serpentibus
571 1087 632 1145 et
657 1079 930 1153 trisulca,
961 1080 1230 1154 vibrans,
1275 1083 1384 1141 atri
1416 1081 1636 1141 coloris
1656 1091 1760 1157 et,
1802 1083 1853 1141 si
1881 1080 2179 1156 extrahas,

145 1165 519 1247 praelonga,
565 1164 800 1222 lacertis
847 1164 1020 1223 bifida
1066 1173 1124 1224 et
1175 1166 1398 1244 pilosa,
1444 1166 1639 1227 vitulis
1673 1184 1907 1244 quoque
1946 1165 2178 1224 marinis

141 1250 416 1329 duplex,
458 1248 565 1308 sed
602 1265 780 1326 supra
835 1248 1006 1309 dietis
1059 1248 1451 1326 capillamenti
1486 1251 1799 1325 tenuitate,
1848 1251 2065 1310 ceteris
2108 1247 2181 1308 ad

146 1331 685 1396 circumlambenda
712 1350 834 1392 ora.
900 1333 1159 1411 piscibus
1190 1335 1582 1411 paulominus
1611 1351 1782 1413 quam
1816 1343 1936 1395 tota
1967 1334 2178 1392 adhae-

78 1449 129 1490 ις,
148 1439 344 1494 rens,
371 1416 689 1480 crocodilis
732 1425 872 1476 tota.
948 1418 1056 1478 sed
1088 1420 1145 1476 in
1168 1427 1408 1495 ⁴gustatu
1443 1419 1675 1495 linguae
1709 1419 1839 1479 vice
1875 1434 2181 1479 carnosum

148 1502 515 1583 aquatilibus
544 1501 815 1580 palatum.
896 1502 1198 1576 leonibus,
1237 1503 1434 1581 pardis
1478 1502 1861 1581 omnibusque
1902 1502 2140 1579 generis
2168 1509 2267 1565 172

148 1591 324 1662 eius,
378 1588 554 1647 etiam
591 1584 844 1661 felibus,
896 1586 1232 1648 imbricatae
1270 1589 1600 1666 asperitatis
1644 1605 1718 1647 *ac
1765 1588 1934 1647 limae
1982 1585 2182 1645 similis

148 1667 583 1748 attenuansque
623 1670 948 1731 'lambendo
1002 1680 1193 1731 cutem
1241 1673 1519 1748 hominis,
1573 1689 1748 1751 qaae·
1781 1688 1958 1731 causa
2012 1670 2184 1728 etiam

147 1755 578 1830 mansuefacta,
612 1755 710 1814 ubi
743 1755 816 1815 ad
833 1757 1097 1817 >vicinum
1128 1759 1469 1836 sanguinem
1499 1757 1771 1837 pervenit
1804 1756 2009 1830 saliva,
2040 1755 2181 1813 invi-

76 1870 131 1912 ω
151 1852 243 1905 tat
270 1842 349 1903 ad
374 1841 615 1902 rabiem.
681 1840 754 1901 de
781 1858 1170 1920 purpurarum
1198 1843 1409 1920 linguis
1440 1843 1705 1904 diximus.
1768 1844 1922 1903 ranis
1951 1840 2136 1919 prima
2153 1860 2186 1899 o.
2201 1857 2267 1909 128

151 1928 476 2001 cohaeret,
509 1927 723 1986 intuma
754 1924 1023 1987 absoluta
1056 1945 1087 1986 a
1111 1936 1381 2004 gutture,
1416 1946 1530 2007 qua
1563 1943 1772 1987 vocem
1803 1928 2028 1986 mittunt
2065 1940 2180 1982 ma-

150 2031 291 2086 res,
350 2027 480 2070 cum
529 2018 817 2071 vocantur
858 2010 1234 2089 ololygones.
1308 2020 1460 2072 stato
1510 2013 1569 2074 id
1618 2021 1889 2089 tempore
1931 2010 2270 2080 evenit,173

153 2094 449 2157 cientibus
495 2095 567 2155 ad
611 2095 825 2154 coitum
870 2094 1136 2156 feminas.
1197 2104 1314 2155 tum
1365 2097 1649 2175 siquidem
1692 2096 1973 2155 inferiore
2014 2092 2181 2151 labro

152 2181 421 2243 ‹tems-o
464 2180 537 2240 ad
578 2178 981 2239 libramentum
1024 2197 1212 2257 aquae
1267 2180 1535 2240 modicae
1578 2188 1860 2257 receptae
1901 2181 1957 2236 in
1997 2175 2184 2236 faucis

83 2265 488 2346 aspalpitante
511 2262 607 2327 ibi
629 2263 827 2341 lingua
856 2264 1106 2324 ululatus
1138 2264 1385 2323 eliditur.
1447 2274 1583 2324 tunc
1618 2265 1838 2323 extenti
1870 2262 2184 2321 buccarum

157 2351 324 2410 sinus
377 2347 720 2426 perlucent,
764 2348 922 2408 oculi
971 2347 1217 2425 flagrant
1261 2347 1464 2407 labore
1510 2348 1794 2427 propulsi.
1867 2345 2088 2420 Quibus
2128 2344 2185 2400 in

155 2433 501 2514 posteriore
530 2439 700 2509 parte
730 2433 944 2507 aculei,
979 2433 1070 2491 his
1100 2441 1159 2491 et
1191 2433 1397 2492 dentes
1433 2442 1492 2492 et
1522 2434 1741 2510 lingua,
1777 2429 1982 2511 apibus
2014 2430 2185 2488 etiam

155 2517 524 2597 praelonga,
560 2518 819 2576 eminens
845 2525 906 2575 et
929 2517 1170 2577 cicadis.
1230 2517 1438 2595 quibus
1468 2518 1755 2577 aculeus
1740 2535 1796 2575 m
1825 2533 1931 2575 ore
1963 2512 2183 2573 fistulo·

157 2620 284 2678 sas,
320 2601 411 2661 his
439 2617 551 2659 nec
580 2601 774 2678 lingua
809 2619 923 2660 nec
954 2601 1180 2660 dentes.
1245 2601 1585 2680 quibusdam
1621 2601 1862 2661 insectis
1890 2601 2042 2659 intus
2080 2596 2183 2655 lin·

88 2694 313 2764 mgna,
358 2694 424 2745 ut
451 2684 735 2745 formicis.
796 2684 1070 2745 Ceterum
1113 2686 1230 2745 lata
1262 2686 1580 2764 elephanto
1612 2686 1950 2763 praecipue.
2013 2680 2273 2741 reli-174

159 2772 295 2849 quis
325 2772 390 2829 in
415 2787 523 2829 suo
552 2788 777 2846 genere
809 2786 1049 2849 semper
1076 2769 1375 2845 absoluta,
1408 2771 1621 2835 homini
1651 2779 1865 2830 tantum
1895 2770 1974 2827 ita
2005 2782 2186 2842 saepe

143 2856 483 2915 constricta
515 2856 682 2915 venis
724 2863 792 2913 ut
828 2854 1097 2914 intercidi
1135 2873 1240 2914 eas
1270 2872 1522 2915 necesse
1551 2858 1644 2915 sit.
1707 2851 2007 2914 Metellum
2043 2864 2185 2928 pon-

147 2940 382 2999 tificem
410 2937 561 2999 adeo
590 2939 998 3018 inexplanatae
1039 2938 1222 2999 fuisse
1267 2939 1619 3019 accipimus,
1662 2946 1726 2998 ut
1752 2937 1945 2998 multis
1976 2934 2183 2994 mensi·

162 3023 276 3083 bus
317 3032 504 3083 tortus
553 3023 856 3103 credatur,
901 3024 1031 3083 dum
1072 3023 1381 3083 meditatur
1422 3026 1479 3083 in
1522 3023 1844 3084 dedicanda
1886 3020 2033 3080 aede
2075 3017 2186 3116 Opi

91 3107 350 3172 asverba
386 3107 608 3168 dicere.
673 3111 890 3168 ceteris
923 3116 1195 3186 septumo
1224 3109 1410 3167 ferme
1450 3125 1601 3169 anno
1631 3122 1960 3168 sermonem
1993 3104 2186 3183 expri-

161 3193 285 3251 mit.
348 3191 544 3251 multis
572 3209 720 3252 vero
762 3192 899 3252 talis
928 3208 1023 3252 ars
1068 3192 1195 3250 eius
1228 3192 1542 3269 contingit,
1572 3201 1636 3252 ut
1664 3194 1855 3252 avium
1884 3199 1943 3249 et
1970 3191 2185 3251 anima—

162 3275 304 3336 lium
349 3276 530 3336 -voois
571 3276 930 3336 indiscrete
943 3276 1147 3336 edatur
1196 3276 1454 3336 imitatio.
1524 3276 1868 3338 Intellectus
1911 3289 2185 3355 saporum

166 3360 477 3420 ceteris&
507 3362 688 3438 prima
719 3360 946 3438 lingua,
979 3359 1195 3421 homini
1224 3369 1282 3420 et
1314 3362 1370 3419 in
1403 3360 1620 3440 palato.

2192 3512 2274 3574 A
