<?xml version="1.0" encoding="UTF-8"?>
<!DOCTYPE html PUBLIC "-//W3C//DTD XHTML 1.0 Transitional//EN"
    "http://www.w3.org/TR/xhtml1/DTD/xhtml1-transitional.dtd">
<html xmlns="http://www.w3.org/1999/xhtml" xml:lang="en" lang="en">
 <head>
  <title>
</title>
<meta http-equiv="Content-Type" content="text/html;charset=utf-8" />
  <meta name='ocr-system' content='tesseract 3.04.00' />
  <meta name='ocr-capabilities' content='ocr_page ocr_carea ocr_par ocr_line ocrx_word'/>
</head>
<body>
  <div class='ocr_page' id='page_1' title='image "./cplinisecundina00eldegoog_0539.png"; bbox 0 0 2320 3650; ppageno 0'>
   <div class='ocr_carea' id='block_1_1' title="bbox 148 69 1422 150">
    <p class='ocr_par' dir='ltr' id='par_1_1' title="bbox 148 69 1422 150">
     <span class='ocr_line' id='line_1_1' title="bbox 148 69 1422 150; baseline -0.002 -2"><span class='ocrx_word' id='word_1_1' title='bbox 148 89 265 150; x_wconf 83' lang='grc'>196</span> <span class='ocrx_word' id='word_1_2' title='bbox 609 144 613 148; x_wconf 88' lang='grc'><em>.</em></span> <span class='ocrx_word' id='word_1_3' title='bbox 734 69 738 79; x_wconf 70' lang='grc'><em>’</em></span> <span class='ocrx_word' id='word_1_4' title='bbox 800 100 861 148; x_wconf 80' lang='grc' dir='ltr'>ο.</span> <span class='ocrx_word' id='word_1_5' title='bbox 887 101 1086 149; x_wconf 70' lang='lat' dir='ltr'>pum</span> <span class='ocrx_word' id='word_1_6' title='bbox 1118 98 1422 148; x_wconf 70' lang='lat' dir='ltr'>summm</span> 
     </span>
    </p>
   </div>
   <div class='ocr_carea' id='block_1_2' title="bbox 27 253 2301 3464">
    <p class='ocr_par' dir='ltr' id='par_1_2' title="bbox 143 253 2172 335">
     <span class='ocr_line' id='line_1_2' title="bbox 143 253 2172 335; baseline -0.001 -19"><span class='ocrx_word' id='word_1_7' title='bbox 143 274 314 335; x_wconf 85' lang='lat' dir='ltr'>quam</span> <span class='ocrx_word' id='word_1_8' title='bbox 353 254 523 316; x_wconf 82' lang='lat' dir='ltr'>exilis</span> <span class='ocrx_word' id='word_1_9' title='bbox 572 268 735 313; x_wconf 81' lang='lat' dir='ltr'>umor</span> <span class='ocrx_word' id='word_1_10' title='bbox 777 253 850 314; x_wconf 87' lang='lat' dir='ltr'>ab</span> <span class='ocrx_word' id='word_1_11' title='bbox 893 253 998 313; x_wconf 92' lang='lat' dir='ltr'>illo</span> <span class='ocrx_word' id='word_1_12' title='bbox 1041 256 1138 332; x_wconf 88' lang='lat' dir='ltr'>qui</span> <span class='ocrx_word' id='word_1_13' title='bbox 1182 253 1572 314; x_wconf 77' lang='lat' dir='ltr'><strong>cacuminibus</strong></span> <span class='ocrx_word' id='word_1_14' title='bbox 1619 253 1936 313; x_wconf 80' lang='lat' dir='ltr'>innumeris</span> <span class='ocrx_word' id='word_1_15' title='bbox 1987 253 2172 314; x_wconf 83' lang='lat' dir='ltr'>sudor</span> 
     </span>
    </p>

    <p class='ocr_par' dir='ltr' id='par_1_3' title="bbox 144 336 1784 419">
     <span class='ocr_line' id='line_1_3' title="bbox 144 336 1784 419; baseline -0.002 -19"><span class='ocrx_word' id='word_1_16' title='bbox 144 339 491 419; x_wconf 89' lang='lat' dir='ltr'>appellatur.</span> <span class='ocrx_word' id='word_1_17' title='bbox 553 356 831 405; x_wconf 57' lang='lat' dir='ltr'>,venarum</span> <span class='ocrx_word' id='word_1_18' title='bbox 861 340 918 398; x_wconf 90' lang='lat' dir='ltr'>in</span> <span class='ocrx_word' id='word_1_19' title='bbox 947 336 1220 397; x_wconf 84' lang='lat' dir='ltr'>umbilico</span> <span class='ocrx_word' id='word_1_20' title='bbox 1251 337 1438 397; x_wconf 89' lang='lat' dir='ltr'>nodus</span> <span class='ocrx_word' id='word_1_21' title='bbox 1472 355 1544 398; x_wconf 88' lang='lat' dir='ltr'>ac</span> <span class='ocrx_word' id='word_1_22' title='bbox 1577 339 1784 397; x_wconf 89' lang='lat' dir='ltr'>coitus.</span> 
     </span>
    </p>

    <p class='ocr_par' dir='ltr' id='par_1_4' title="bbox 27 419 2207 838">
     <span class='ocr_line' id='line_1_4' title="bbox 27 419 2170 500; baseline -0.005 -12"><span class='ocrx_word' id='word_1_23' title='bbox 27 434 159 489; x_wconf 72' lang='grc'>221</span> <span class='ocrx_word' id='word_1_24' title='bbox 306 422 406 483; x_wconf 85' lang='grc'>38.</span> <span class='ocrx_word' id='word_1_25' title='bbox 445 422 611 500; x_wconf 81' lang='grc'>(90.)</span> <span class='ocrx_word' id='word_1_26' title='bbox 674 423 923 499; x_wconf 80' lang='lat' dir='ltr'>Sanguis</span> <span class='ocrx_word' id='word_1_27' title='bbox 968 421 1178 500; x_wconf 89' lang='lat' dir='ltr'>quibus</span> <span class='ocrx_word' id='word_1_28' title='bbox 1232 421 1444 481; x_wconf 90' lang='lat' dir='ltr'>multus</span> <span class='ocrx_word' id='word_1_29' title='bbox 1487 430 1557 480; x_wconf 89' lang='lat' dir='ltr'>et</span> <span class='ocrx_word' id='word_1_30' title='bbox 1585 421 1816 500; x_wconf 84' lang='lat' dir='ltr'>pinguis</span> <span class='ocrx_word' id='word_1_31' title='bbox 1879 419 2170 482; x_wconf 75' lang='lat' dir='ltr'>iracundi.</span> 
     </span>
     <span class='ocr_line' id='line_1_5' title="bbox 142 474 2169 586; baseline -0.002 -18"><span class='ocrx_word' id='word_1_32' title='bbox 142 474 396 568; x_wconf 89' lang='lat' dir='ltr'>maribus</span> <span class='ocrx_word' id='word_1_33' title='bbox 445 522 616 586; x_wconf 82' lang='lat' dir='ltr'>quam</span> <span class='ocrx_word' id='word_1_34' title='bbox 660 505 887 566; x_wconf 90' lang='lat' dir='ltr'>feminis</span> <span class='ocrx_word' id='word_1_35' title='bbox 917 507 1138 582; x_wconf 85' lang='lat' dir='ltr'>nigrior</span> <span class='ocrx_word' id='word_1_36' title='bbox 1169 515 1228 565; x_wconf 86' lang='lat' dir='ltr'>et</span> <span class='ocrx_word' id='word_1_37' title='bbox 1257 496 1525 567; x_wconf 84' lang='lat' dir='ltr'>iuventae</span> <span class='ocrx_word' id='word_1_38' title='bbox 1558 523 1727 585; x_wconf 87' lang='lat' dir='ltr'>quam</span> <span class='ocrx_word' id='word_1_39' title='bbox 1762 506 1966 581; x_wconf 83' lang='lat' dir='ltr'>senio,</span> <span class='ocrx_word' id='word_1_40' title='bbox 2002 515 2063 565; x_wconf 89' lang='lat' dir='ltr'>et</span> <span class='ocrx_word' id='word_1_41' title='bbox 2090 506 2169 564; x_wconf 93' lang='lat' dir='ltr'>in·</span> 
     </span>
     <span class='ocr_line' id='line_1_6' title="bbox 117 589 2207 670; baseline 0.001 -19.026"><span class='ocrx_word' id='word_1_42' title='bbox 117 593 363 652; x_wconf 88' lang='lat' dir='ltr'>feriore</span> <span class='ocrx_word' id='word_1_43' title='bbox 385 600 576 670; x_wconf 87' lang='lat' dir='ltr'>parte</span> <span class='ocrx_word' id='word_1_44' title='bbox 631 591 923 669; x_wconf 81' lang='lat' dir='ltr'>pinguior.</span> <span class='ocrx_word' id='word_1_45' title='bbox 1005 608 1214 667; x_wconf 88' lang='lat' dir='ltr'>magna</span> <span class='ocrx_word' id='word_1_46' title='bbox 1261 598 1320 649; x_wconf 88' lang='lat' dir='ltr'>et</span> <span class='ocrx_word' id='word_1_47' title='bbox 1371 592 1428 649; x_wconf 82' lang='lat' dir='ltr'>in</span> <span class='ocrx_word' id='word_1_48' title='bbox 1472 607 1545 649; x_wconf 87' lang='lat' dir='ltr'>co</span> <span class='ocrx_word' id='word_1_49' title='bbox 1593 589 1894 650; x_wconf 81' lang='lat' dir='ltr'>vitalitatis</span> <span class='ocrx_word' id='word_1_50' title='bbox 1948 591 2166 668; x_wconf 91' lang='lat' dir='ltr'>portio</span> <span class='ocrx_word' id='word_1_51' title='bbox 2187 613 2207 654; x_wconf 76' lang='grc' dir='ltr'>ι</span> 
     </span>
     <span class='ocr_line' id='line_1_7' title="bbox 146 673 2166 754; baseline -0.002 -18"><span class='ocrx_word' id='word_1_52' title='bbox 146 679 389 736; x_wconf 86' lang='lat' dir='ltr'>emissus</span> <span class='ocrx_word' id='word_1_53' title='bbox 423 676 685 754; x_wconf 90' lang='lat' dir='ltr'>spiritum</span> <span class='ocrx_word' id='word_1_54' title='bbox 716 690 914 734; x_wconf 88' lang='lat' dir='ltr'>secum</span> <span class='ocrx_word' id='word_1_55' title='bbox 950 673 1143 748; x_wconf 85' lang='lat' dir='ltr'>trahit,</span> <span class='ocrx_word' id='word_1_56' title='bbox 1178 683 1392 734; x_wconf 85' lang='lat' dir='ltr'>tactum</span> <span class='ocrx_word' id='word_1_57' title='bbox 1422 683 1615 734; x_wconf 84' lang='lat' dir='ltr'>tamen</span> <span class='ocrx_word' id='word_1_58' title='bbox 1641 692 1758 734; x_wconf 90' lang='lat' dir='ltr'>non</span> <span class='ocrx_word' id='word_1_59' title='bbox 1788 673 1991 733; x_wconf 82' lang='lat' dir='ltr'>sentit.</span> <span class='ocrx_word' id='word_1_60' title='bbox 2033 673 2166 733; x_wconf 89' lang='lat' dir='ltr'>Ani-</span> 
     </span>
     <span class='ocr_line' id='line_1_8' title="bbox 143 756 2168 838; baseline -0.002 -17"><span class='ocrx_word' id='word_1_61' title='bbox 143 756 656 821; x_wconf 61' lang='lat' dir='ltr'>malium‘fortiora</span> <span class='ocrx_word' id='word_1_62' title='bbox 700 757 908 837; x_wconf 87' lang='lat' dir='ltr'>quibus</span> <span class='ocrx_word' id='word_1_63' title='bbox 956 760 1213 818; x_wconf 78' lang='lat' dir='ltr'>crassior</span> <span class='ocrx_word' id='word_1_64' title='bbox 1243 760 1512 836; x_wconf 80' lang='lat' dir='ltr'>sanguis,</span> <span class='ocrx_word' id='word_1_65' title='bbox 1557 759 1918 838; x_wconf 80' lang='lat' dir='ltr'>sapientiora</span> <span class='ocrx_word' id='word_1_66' title='bbox 1956 757 2168 836; x_wconf 83' lang='lat' dir='ltr'>quibus</span> 
     </span>
    </p>

    <p class='ocr_par' dir='ltr' id='par_1_5' title="bbox 58 841 2301 1259">
     <span class='ocr_line' id='line_1_9' title="bbox 58 841 2168 920; baseline -0.004 -11"><span class='ocrx_word' id='word_1_67' title='bbox 58 856 162 909; x_wconf 89' lang='grc'>222</span> <span class='ocrx_word' id='word_1_68' title='bbox 182 846 446 919; x_wconf 80' lang='lat' dir='ltr'>tenuior,</span> <span class='ocrx_word' id='word_1_69' title='bbox 496 843 783 903; x_wconf 86' lang='lat' dir='ltr'>timidiora</span> <span class='ocrx_word' id='word_1_70' title='bbox 825 842 1034 920; x_wconf 87' lang='lat' dir='ltr'>quibus</span> <span class='ocrx_word' id='word_1_71' title='bbox 1077 843 1357 902; x_wconf 86' lang='lat' dir='ltr'>minumus</span> <span class='ocrx_word' id='word_1_72' title='bbox 1404 851 1500 903; x_wconf 89' lang='lat' dir='ltr'>aut</span> <span class='ocrx_word' id='word_1_73' title='bbox 1541 843 1767 903; x_wconf 75' lang='lat' dir='ltr'>nullus.</span> <span class='ocrx_word' id='word_1_74' title='bbox 1843 841 2168 902; x_wconf 85' lang='lat' dir='ltr'>Taurorum</span> 
     </span>
     <span class='ocr_line' id='line_1_10' title="bbox 145 925 2162 1007; baseline -0.003 -17"><span class='ocrx_word' id='word_1_75' title='bbox 145 930 451 990; x_wconf 74' lang='lat' dir='ltr'>celerrime</span> <span class='ocrx_word' id='word_1_76' title='bbox 497 928 615 986; x_wconf 90' lang='lat' dir='ltr'>coit</span> <span class='ocrx_word' id='word_1_77' title='bbox 657 935 831 1005; x_wconf 88' lang='lat' dir='ltr'>atque</span> <span class='ocrx_word' id='word_1_78' title='bbox 880 925 1171 1003; x_wconf 82' lang='lat' dir='ltr'>durescit,</span> <span class='ocrx_word' id='word_1_79' title='bbox 1202 927 1357 987; x_wconf 78' lang='lat' dir='ltr'>‘ideo</span> <span class='ocrx_word' id='word_1_80' title='bbox 1405 927 1657 1007; x_wconf 78' lang='lat' dir='ltr'>pestifer</span> <span class='ocrx_word' id='word_1_81' title='bbox 1698 935 1839 1006; x_wconf 90' lang='lat' dir='ltr'>potu</span> <span class='ocrx_word' id='word_1_82' title='bbox 1875 944 2162 986; x_wconf 83' lang='lat' dir='ltr'>maxume.</span> 
     </span>
     <span class='ocr_line' id='line_1_11' title="bbox 145 1011 2301 1091; baseline -0.001 -17"><span class='ocrx_word' id='word_1_83' title='bbox 145 1029 418 1091; x_wconf 88' lang='lat' dir='ltr'>aprorum</span> <span class='ocrx_word' id='word_1_84' title='bbox 460 1028 530 1091; x_wconf 78' lang='lat' dir='ltr'>ac</span> <span class='ocrx_word' id='word_1_85' title='bbox 573 1027 879 1070; x_wconf 86' lang='lat' dir='ltr'>cervorum</span> <span class='ocrx_word' id='word_1_86' title='bbox 920 1028 1380 1088; x_wconf 79' lang='lat' dir='ltr'>caprearumque</span> <span class='ocrx_word' id='word_1_87' title='bbox 1407 1021 1484 1071; x_wconf 83' lang='lat' dir='ltr'>et</span> <span class='ocrx_word' id='word_1_88' title='bbox 1524 1011 1868 1085; x_wconf 85' lang='lat' dir='ltr'>bubalorum</span> <span class='ocrx_word' id='word_1_89' title='bbox 1915 1013 2223 1072; x_wconf 82' lang='grc' dir='ltr'>οιιιιιίιιιιιιο</span> <span class='ocrx_word' id='word_1_90' title='bbox 2300 1012 2301 1039; x_wconf 71' lang='lat'>³</span> 
     </span>
     <span class='ocr_line' id='line_1_12' title="bbox 146 1095 2169 1174; baseline -0.001 -18"><span class='ocrx_word' id='word_1_91' title='bbox 146 1114 260 1156; x_wconf 92' lang='lat' dir='ltr'>non</span> <span class='ocrx_word' id='word_1_92' title='bbox 304 1097 608 1174; x_wconf 80' lang='lat' dir='ltr'>spissatur.</span> <span class='ocrx_word' id='word_1_93' title='bbox 673 1095 1085 1173; x_wconf 87' lang='lat' dir='ltr'>pinguissimus</span> <span class='ocrx_word' id='word_1_94' title='bbox 1128 1096 1339 1171; x_wconf 81' lang='lat' dir='ltr'>asinis,</span> <span class='ocrx_word' id='word_1_95' title='bbox 1385 1095 1600 1154; x_wconf 88' lang='lat' dir='ltr'>homini</span> <span class='ocrx_word' id='word_1_96' title='bbox 1640 1096 2040 1155; x_wconf 90' lang='lat' dir='ltr'>tenuissimus.</span> <span class='ocrx_word' id='word_1_97' title='bbox 2102 1096 2169 1154; x_wconf 90' lang='lat' dir='ltr'>iis</span> 
     </span>
     <span class='ocr_line' id='line_1_13' title="bbox 146 1179 2168 1259; baseline -0.001 -19"><span class='ocrx_word' id='word_1_98' title='bbox 146 1180 352 1259; x_wconf 90' lang='lat' dir='ltr'>quibus</span> <span class='ocrx_word' id='word_1_99' title='bbox 397 1179 525 1257; x_wconf 91' lang='lat' dir='ltr'>plus</span> <span class='ocrx_word' id='word_1_100' title='bbox 570 1180 832 1257; x_wconf 88' lang='lat' dir='ltr'>quaterni</span> <span class='ocrx_word' id='word_1_101' title='bbox 877 1179 1064 1257; x_wconf 89' lang='lat' dir='ltr'>pedes</span> <span class='ocrx_word' id='word_1_102' title='bbox 1105 1180 1318 1240; x_wconf 87' lang='lat' dir='ltr'>nullus.</span> <span class='ocrx_word' id='word_1_103' title='bbox 1398 1179 1598 1239; x_wconf 89' lang='lat' dir='ltr'>obesis</span> <span class='ocrx_word' id='word_1_104' title='bbox 1642 1180 1827 1240; x_wconf 89' lang='lat' dir='ltr'>minus</span> <span class='ocrx_word' id='word_1_105' title='bbox 1860 1181 2168 1258; x_wconf 87' lang='lat' dir='ltr'>copiosus,</span> 
     </span>
    </p>

    <p class='ocr_par' dir='ltr' id='par_1_6' title="bbox 58 1262 2224 1847">
     <span class='ocr_line' id='line_1_14' title="bbox 58 1262 2171 1344; baseline -0.003 -15"><span class='ocrx_word' id='word_1_106' title='bbox 58 1276 162 1328; x_wconf 80' lang='grc'>223</span> <span class='ocrx_word' id='word_1_107' title='bbox 180 1265 446 1344; x_wconf 89' lang='lat' dir='ltr'>quoniam</span> <span class='ocrx_word' id='word_1_108' title='bbox 481 1262 796 1323; x_wconf 87' lang='lat' dir='ltr'>absumitur</span> <span class='ocrx_word' id='word_1_109' title='bbox 826 1264 1044 1341; x_wconf 82' lang='lat' dir='ltr'>pingui.</span> <span class='ocrx_word' id='word_1_110' title='bbox 1080 1263 1432 1325; x_wconf 86' lang='lat' dir='ltr'>Profluvium</span> <span class='ocrx_word' id='word_1_111' title='bbox 1464 1265 1589 1323; x_wconf 90' lang='lat' dir='ltr'>eius</span> <span class='ocrx_word' id='word_1_112' title='bbox 1618 1264 1715 1323; x_wconf 91' lang='lat' dir='ltr'>uni</span> <span class='ocrx_word' id='word_1_113' title='bbox 1748 1263 1812 1325; x_wconf 84' lang='lat' dir='ltr'>fit</span> <span class='ocrx_word' id='word_1_114' title='bbox 1841 1263 1903 1321; x_wconf 91' lang='lat' dir='ltr'>in</span> <span class='ocrx_word' id='word_1_115' title='bbox 1922 1263 2171 1324; x_wconf 80' lang='lat' dir='ltr'>&#39;naribus</span> 
     </span>
     <span class='ocr_line' id='line_1_15' title="bbox 149 1346 2170 1427; baseline -0.001 -18"><span class='ocrx_word' id='word_1_116' title='bbox 149 1350 394 1424; x_wconf 81' lang='lat' dir='ltr'>homini,</span> <span class='ocrx_word' id='word_1_117' title='bbox 430 1348 561 1419; x_wconf 16' lang='lat' dir='ltr'>aliis.</span> <span class='ocrx_word' id='word_1_118' title='bbox 585 1366 727 1408; x_wconf 88' lang='lat' dir='ltr'>nare</span> <span class='ocrx_word' id='word_1_119' title='bbox 762 1347 1073 1423; x_wconf 86' lang='lat' dir='ltr'>alterutra,</span> <span class='ocrx_word' id='word_1_120' title='bbox 1107 1347 1236 1408; x_wconf 88' lang='lat' dir='ltr'>aliis</span> <span class='ocrx_word' id='word_1_121' title='bbox 1271 1356 1536 1427; x_wconf 80' lang='lat' dir='ltr'>utraque,</span> <span class='ocrx_word' id='word_1_122' title='bbox 1573 1346 1920 1426; x_wconf 88' lang='lat' dir='ltr'>quibusdam</span> <span class='ocrx_word' id='word_1_123' title='bbox 1946 1366 2069 1426; x_wconf 88' lang='lat' dir='ltr'>per</span> <span class='ocrx_word' id='word_1_124' title='bbox 2095 1348 2170 1406; x_wconf 91' lang='lat' dir='ltr'>in·</span> 
     </span>
     <span class='ocr_line' id='line_1_16' title="bbox 147 1431 2224 1513; baseline -0.002 -18"><span class='ocrx_word' id='word_1_125' title='bbox 147 1436 331 1508; x_wconf 82' lang='lat' dir='ltr'>ferna,</span> <span class='ocrx_word' id='word_1_126' title='bbox 366 1433 557 1492; x_wconf 90' lang='lat' dir='ltr'>multis</span> <span class='ocrx_word' id='word_1_127' title='bbox 589 1451 696 1511; x_wconf 89' lang='lat' dir='ltr'>per</span> <span class='ocrx_word' id='word_1_128' title='bbox 730 1450 832 1492; x_wconf 89' lang='lat' dir='ltr'>ora</span> <span class='ocrx_word' id='word_1_129' title='bbox 865 1441 1015 1492; x_wconf 86' lang='lat' dir='ltr'>stato</span> <span class='ocrx_word' id='word_1_130' title='bbox 1046 1440 1347 1510; x_wconf 81' lang='lat' dir='ltr'>tempore,</span> <span class='ocrx_word' id='word_1_131' title='bbox 1383 1441 1449 1491; x_wconf 90' lang='lat' dir='ltr'>ut</span> <span class='ocrx_word' id='word_1_132' title='bbox 1475 1451 1664 1510; x_wconf 90' lang='lat' dir='ltr'>nuper</span> <span class='ocrx_word' id='word_1_133' title='bbox 1691 1431 1955 1492; x_wconf 86' lang='lat' dir='ltr'>Macrino</span> <span class='ocrx_word' id='word_1_134' title='bbox 1987 1431 2224 1513; x_wconf 58' lang='lat' dir='ltr'>Viseois</span> 
     </span>
     <span class='ocr_line' id='line_1_17' title="bbox 147 1514 2172 1596; baseline 0 -20"><span class='ocrx_word' id='word_1_135' title='bbox 147 1519 444 1596; x_wconf 87' lang='lat' dir='ltr'>praetorio</span> <span class='ocrx_word' id='word_1_136' title='bbox 473 1519 599 1576; x_wconf 85' lang='lat' dir='ltr'>viro</span> <span class='ocrx_word' id='word_1_137' title='bbox 633 1526 691 1576; x_wconf 87' lang='lat' dir='ltr'>et</span> <span class='ocrx_word' id='word_1_138' title='bbox 722 1515 986 1576; x_wconf 84' lang='lat' dir='ltr'>omnibus</span> <span class='ocrx_word' id='word_1_139' title='bbox 1017 1517 1178 1576; x_wconf 90' lang='lat' dir='ltr'>annis</span> <span class='ocrx_word' id='word_1_140' title='bbox 1194 1516 1440 1576; x_wconf 88' lang='lat' dir='ltr'>Volusio</span> <span class='ocrx_word' id='word_1_141' title='bbox 1463 1517 1772 1576; x_wconf 88' lang='lat' dir='ltr'>Saturnino</span> <span class='ocrx_word' id='word_1_142' title='bbox 1802 1514 1966 1574; x_wconf 90' lang='lat' dir='ltr'>urbis</span> <span class='ocrx_word' id='word_1_143' title='bbox 2001 1534 2172 1595; x_wconf 90' lang='lat' dir='ltr'>prae·</span> 
     </span>
     <span class='ocr_line' id='line_1_18' title="bbox 147 1599 2173 1680; baseline 0 -19"><span class='ocrx_word' id='word_1_144' title='bbox 147 1603 325 1678; x_wconf 82' lang='lat' dir='ltr'>fecto,</span> <span class='ocrx_word' id='word_1_145' title='bbox 364 1603 460 1680; x_wconf 88' lang='lat' dir='ltr'>qui</span> <span class='ocrx_word' id='word_1_146' title='bbox 488 1602 928 1679; x_wconf 84' lang='lat' dir='ltr'>nonagesimum</span> <span class='ocrx_word' id='word_1_147' title='bbox 958 1602 1128 1660; x_wconf 86' lang='lat' dir='ltr'>etiam</span> <span class='ocrx_word' id='word_1_148' title='bbox 1159 1602 1419 1660; x_wconf 84' lang='lat' dir='ltr'>excessit</span> <span class='ocrx_word' id='word_1_149' title='bbox 1451 1617 1676 1664; x_wconf 89' lang='lat' dir='ltr'>annum.</span> <span class='ocrx_word' id='word_1_150' title='bbox 1738 1599 1934 1659; x_wconf 80' lang='lat' dir='ltr'>solum</span> <span class='ocrx_word' id='word_1_151' title='bbox 1963 1599 2090 1661; x_wconf 86' lang='lat' dir='ltr'>hoc</span> <span class='ocrx_word' id='word_1_152' title='bbox 2120 1602 2173 1660; x_wconf 88' lang='lat' dir='ltr'>in</span> 
     </span>
     <span class='ocr_line' id='line_1_19' title="bbox 149 1683 2219 1765; baseline -0 -20"><span class='ocrx_word' id='word_1_153' title='bbox 149 1703 399 1765; x_wconf 87' lang='lat' dir='ltr'>corpore</span> <span class='ocrx_word' id='word_1_154' title='bbox 447 1687 859 1765; x_wconf 86' lang='lat' dir='ltr'>temporarium</span> <span class='ocrx_word' id='word_1_155' title='bbox 908 1685 1083 1763; x_wconf 76' lang='lat' dir='ltr'>sentit</span> <span class='ocrx_word' id='word_1_156' title='bbox 1125 1686 1570 1761; x_wconf 79' lang='lat' dir='ltr'>incrementum,</span> <span class='ocrx_word' id='word_1_157' title='bbox 1609 1684 1894 1764; x_wconf 88' lang='lat' dir='ltr'>siquidem</span> <span class='ocrx_word' id='word_1_158' title='bbox 1938 1683 2173 1746; x_wconf 80' lang='lat' dir='ltr'>hostiae</span> <span class='ocrx_word' id='word_1_159' title='bbox 2211 1745 2219 1751; x_wconf 80' lang='grc'>,</span> 
     </span>
     <span class='ocr_line' id='line_1_20' title="bbox 147 1767 1443 1847; baseline -0.003 -16"><span class='ocrx_word' id='word_1_160' title='bbox 147 1770 621 1831; x_wconf 88' lang='lat' dir='ltr'>abundantiorem</span> <span class='ocrx_word' id='word_1_161' title='bbox 651 1768 912 1845; x_wconf 81' lang='lat' dir='ltr'>fundunt,</span> <span class='ocrx_word' id='word_1_162' title='bbox 945 1770 994 1828; x_wconf 89' lang='lat' dir='ltr'>si</span> <span class='ocrx_word' id='word_1_163' title='bbox 1029 1771 1185 1847; x_wconf 84' lang='lat' dir='ltr'>prius</span> <span class='ocrx_word' id='word_1_164' title='bbox 1220 1767 1443 1829; x_wconf 89' lang='lat' dir='ltr'>bibere.</span> 
     </span>
    </p>

    <p class='ocr_par' dir='ltr' id='par_1_7' title="bbox 60 1849 2228 1935">
     <span class='ocr_line' id='line_1_21' title="bbox 60 1849 2228 1935; baseline -0 -17"><span class='ocrx_word' id='word_1_165' title='bbox 60 1867 166 1918; x_wconf 71' lang='lat'>224</span> <span class='ocrx_word' id='word_1_166' title='bbox 306 1849 470 1935; x_wconf 81' lang='lat'>(91.)</span> <span class='ocrx_word' id='word_1_167' title='bbox 519 1854 683 1927; x_wconf 87' lang='lat' dir='ltr'>Quae</span> <span class='ocrx_word' id='word_1_168' title='bbox 724 1854 1049 1913; x_wconf 89' lang='lat' dir='ltr'>animalium</span> <span class='ocrx_word' id='word_1_169' title='bbox 1094 1855 1279 1913; x_wconf 89' lang='lat' dir='ltr'>latere</span> <span class='ocrx_word' id='word_1_170' title='bbox 1323 1855 1501 1914; x_wconf 83' lang='lat' dir='ltr'>certis</span> <span class='ocrx_word' id='word_1_171' title='bbox 1531 1853 1892 1932; x_wconf 86' lang='lat' dir='ltr'>temporibus</span> <span class='ocrx_word' id='word_1_172' title='bbox 1921 1851 2228 1917; x_wconf 63' lang='lat' dir='ltr'>diximusne</span> 
     </span>
    </p>

    <p class='ocr_par' dir='ltr' id='par_1_8' title="bbox 61 1936 2227 2353">
     <span class='ocr_line' id='line_1_22' title="bbox 61 1936 2175 2016; baseline 0.001 -19"><span class='ocrx_word' id='word_1_173' title='bbox 61 1939 321 2015; x_wconf 66' lang='lat' dir='ltr'>⁸3{}²·non</span> <span class='ocrx_word' id='word_1_174' title='bbox 346 1936 561 1997; x_wconf 89' lang='lat' dir='ltr'>habent</span> <span class='ocrx_word' id='word_1_175' title='bbox 586 1947 724 1997; x_wconf 89' lang='lat' dir='ltr'>tunc</span> <span class='ocrx_word' id='word_1_176' title='bbox 753 1940 1089 2014; x_wconf 86' lang='lat' dir='ltr'>sanguinem</span> <span class='ocrx_word' id='word_1_177' title='bbox 1119 1948 1356 2016; x_wconf 90' lang='lat' dir='ltr'>praeter</span> <span class='ocrx_word' id='word_1_178' title='bbox 1383 1940 1623 2016; x_wconf 85' lang='lat' dir='ltr'>exiguas</span> <span class='ocrx_word' id='word_1_179' title='bbox 1662 1937 1970 1997; x_wconf 89' lang='lat' dir='ltr'>admodum</span> <span class='ocrx_word' id='word_1_180' title='bbox 2017 1941 2175 1999; x_wconf 77' lang='lat' dir='ltr'>circa</span> 
     </span>
     <span class='ocr_line' id='line_1_23' title="bbox 150 2020 2175 2101; baseline 0 -18"><span class='ocrx_word' id='word_1_181' title='bbox 150 2023 326 2083; x_wconf 88' lang='lat' dir='ltr'>corda</span> <span class='ocrx_word' id='word_1_182' title='bbox 359 2030 575 2099; x_wconf 75' lang='lat' dir='ltr'>guttas,</span> <span class='ocrx_word' id='word_1_183' title='bbox 606 2023 750 2081; x_wconf 91' lang='lat' dir='ltr'>miro</span> <span class='ocrx_word' id='word_1_184' title='bbox 783 2039 967 2101; x_wconf 85' lang='lat' dir='ltr'>opere</span> <span class='ocrx_word' id='word_1_185' title='bbox 997 2031 1261 2098; x_wconf 80' lang='lat' dir='ltr'>naturae,</span> <span class='ocrx_word' id='word_1_186' title='bbox 1279 2024 1429 2082; x_wconf 90' lang='lat' dir='ltr'>sicut</span> <span class='ocrx_word' id='word_1_187' title='bbox 1454 2025 1511 2082; x_wconf 87' lang='lat' dir='ltr'>in</span> <span class='ocrx_word' id='word_1_188' title='bbox 1537 2022 1769 2082; x_wconf 89' lang='lat' dir='ltr'>homine</span> <span class='ocrx_word' id='word_1_189' title='bbox 1802 2021 1917 2080; x_wconf 85' lang='lat' dir='ltr'>vim</span> <span class='ocrx_word' id='word_1_190' title='bbox 1944 2023 2080 2082; x_wconf 87' lang='lat' dir='ltr'>eius</span> <span class='ocrx_word' id='word_1_191' title='bbox 2103 2020 2175 2083; x_wconf 85' lang='lat' dir='ltr'>ad</span> 
     </span>
     <span class='ocr_line' id='line_1_24' title="bbox 147 2106 2171 2182; baseline 0 -15"><span class='ocrx_word' id='word_1_192' title='bbox 147 2109 389 2168; x_wconf 88' lang='lat' dir='ltr'>minuma</span> <span class='ocrx_word' id='word_1_193' title='bbox 424 2115 712 2166; x_wconf 88' lang='lat' dir='ltr'>momenta</span> <span class='ocrx_word' id='word_1_194' title='bbox 743 2108 979 2182; x_wconf 80' lang='lat' dir='ltr'>mutari,</span> <span class='ocrx_word' id='word_1_195' title='bbox 1022 2123 1137 2165; x_wconf 90' lang='lat' dir='ltr'>non</span> <span class='ocrx_word' id='word_1_196' title='bbox 1179 2106 1351 2166; x_wconf 90' lang='lat' dir='ltr'>modo</span> <span class='ocrx_word' id='word_1_197' title='bbox 1381 2106 1543 2166; x_wconf 86' lang='lat' dir='ltr'>fellis</span> <span class='ocrx_word' id='word_1_198' title='bbox 1575 2114 1790 2166; x_wconf 85' lang='lat' dir='ltr'>tantum</span> <span class='ocrx_word' id='word_1_199' title='bbox 1822 2107 1881 2165; x_wconf 91' lang='lat' dir='ltr'>in</span> <span class='ocrx_word' id='word_1_200' title='bbox 1912 2123 2025 2166; x_wconf 87' lang='lat' dir='ltr'>ore</span> <span class='ocrx_word' id='word_1_201' title='bbox 2058 2125 2171 2168; x_wconf 90' lang='lat' dir='ltr'>ma·</span> 
     </span>
     <span class='ocr_line' id='line_1_25' title="bbox 147 2189 2172 2270; baseline 0 -19"><span class='ocrx_word' id='word_1_202' title='bbox 147 2194 294 2252; x_wconf 88' lang='lat' dir='ltr'>teria</span> <span class='ocrx_word' id='word_1_203' title='bbox 325 2191 559 2266; x_wconf 76' lang='lat' dir='ltr'>suffusi,</span> <span class='ocrx_word' id='word_1_204' title='bbox 605 2209 808 2250; x_wconf 87' lang='lat' dir='ltr'>verum</span> <span class='ocrx_word' id='word_1_205' title='bbox 848 2191 920 2251; x_wconf 88' lang='lat' dir='ltr'>ad</span> <span class='ocrx_word' id='word_1_206' title='bbox 966 2191 1229 2269; x_wconf 82' lang='lat' dir='ltr'>singulos</span> <span class='ocrx_word' id='word_1_207' title='bbox 1267 2192 1435 2251; x_wconf 88' lang='lat' dir='ltr'>animi</span> <span class='ocrx_word' id='word_1_208' title='bbox 1473 2189 1736 2267; x_wconf 81' lang='lat' dir='ltr'>habitus,</span> <span class='ocrx_word' id='word_1_209' title='bbox 1770 2190 2029 2270; x_wconf 83' lang='lat' dir='ltr'>pudore,</span> <span class='ocrx_word' id='word_1_210' title='bbox 2069 2193 2172 2267; x_wconf 81' lang='lat' dir='ltr'>ira,</span> 
     </span>
     <span class='ocr_line' id='line_1_26' title="bbox 145 2274 2227 2353; baseline -0.001 -17"><span class='ocrx_word' id='word_1_211' title='bbox 145 2279 331 2352; x_wconf 83' lang='lat' dir='ltr'>metu,</span> <span class='ocrx_word' id='word_1_212' title='bbox 370 2274 615 2353; x_wconf 88' lang='lat' dir='ltr'>palloris</span> <span class='ocrx_word' id='word_1_213' title='bbox 643 2275 907 2353; x_wconf 89' lang='lat' dir='ltr'>pluribus</span> <span class='ocrx_word' id='word_1_214' title='bbox 936 2276 1158 2351; x_wconf 68' lang='lat' dir='ltr'>modis,</span> <span class='ocrx_word' id='word_1_215' title='bbox 1178 2276 1315 2335; x_wconf 84' lang='lat' dir='ltr'>item</span> <span class='ocrx_word' id='word_1_216' title='bbox 1344 2275 1592 2334; x_wconf 90' lang='lat' dir='ltr'>ruboris.</span> <span class='ocrx_word' id='word_1_217' title='bbox 1652 2275 1802 2335; x_wconf 91' lang='lat' dir='ltr'>alius</span> <span class='ocrx_word' id='word_1_218' title='bbox 1833 2276 1987 2334; x_wconf 84' lang='lat' dir='ltr'>enim</span> <span class='ocrx_word' id='word_1_219' title='bbox 2022 2278 2171 2350; x_wconf 82' lang='lat' dir='ltr'>irae,</span> <span class='ocrx_word' id='word_1_220' title='bbox 2190 2293 2227 2333; x_wconf 72' lang='grc' dir='ltr'>ιι</span> 
     </span>
    </p>

    <p class='ocr_par' dir='ltr' id='par_1_9' title="bbox 61 2359 2176 2523">
     <span class='ocr_line' id='line_1_27' title="bbox 61 2359 2174 2437; baseline -0.002 -14"><span class='ocrx_word' id='word_1_221' title='bbox 61 2371 163 2436; x_wconf 80' lang='grc'>225</span> <span class='ocrx_word' id='word_1_222' title='bbox 187 2360 331 2421; x_wconf 90' lang='lat' dir='ltr'>alius</span> <span class='ocrx_word' id='word_1_223' title='bbox 365 2360 777 2419; x_wconf 87' lang='lat' dir='ltr'>verecundiae.</span> <span class='ocrx_word' id='word_1_224' title='bbox 867 2377 996 2419; x_wconf 88' lang='lat' dir='ltr'>nam</span> <span class='ocrx_word' id='word_1_225' title='bbox 1039 2360 1095 2418; x_wconf 92' lang='lat' dir='ltr'>in</span> <span class='ocrx_word' id='word_1_226' title='bbox 1133 2369 1287 2419; x_wconf 91' lang='lat' dir='ltr'>metu</span> <span class='ocrx_word' id='word_1_227' title='bbox 1321 2359 1599 2436; x_wconf 82' lang='lat' dir='ltr'>refugere</span> <span class='ocrx_word' id='word_1_228' title='bbox 1630 2368 1689 2418; x_wconf 88' lang='lat' dir='ltr'>et</span> <span class='ocrx_word' id='word_1_229' title='bbox 1717 2374 2000 2437; x_wconf 86' lang='lat' dir='ltr'>nusquam</span> <span class='ocrx_word' id='word_1_230' title='bbox 2037 2378 2174 2419; x_wconf 88' lang='lat' dir='ltr'>esse</span> 
     </span>
     <span class='ocr_line' id='line_1_28' title="bbox 149 2442 2176 2523; baseline -0 -19"><span class='ocrx_word' id='word_1_231' title='bbox 149 2453 368 2504; x_wconf 87' lang='lat' dir='ltr'>certum</span> <span class='ocrx_word' id='word_1_232' title='bbox 399 2452 494 2502; x_wconf 88' lang='lat' dir='ltr'>est</span> <span class='ocrx_word' id='word_1_233' title='bbox 509 2444 862 2521; x_wconf 86' lang='lat' dir='ltr'>multisque</span> <span class='ocrx_word' id='word_1_234' title='bbox 896 2458 1010 2502; x_wconf 89' lang='lat' dir='ltr'>non</span> <span class='ocrx_word' id='word_1_235' title='bbox 1036 2443 1332 2523; x_wconf 84' lang='lat' dir='ltr'>profluere</span> <span class='ocrx_word' id='word_1_236' title='bbox 1361 2444 1734 2518; x_wconf 76' lang='lat' dir='ltr'>transfossis,</span> <span class='ocrx_word' id='word_1_237' title='bbox 1767 2443 1929 2521; x_wconf 85' lang='lat' dir='ltr'>quod</span> <span class='ocrx_word' id='word_1_238' title='bbox 1956 2442 2176 2503; x_wconf 88' lang='lat' dir='ltr'>homini</span> 
     </span>
    </p>

    <p class='ocr_par' dir='ltr' id='par_1_10' title="bbox 60 2526 2235 2775">
     <span class='ocr_line' id='line_1_29' title="bbox 60 2526 2176 2607; baseline 0 -21"><span class='ocrx_word' id='word_1_239' title='bbox 60 2529 95 2569; x_wconf 99' lang='lat'><strong>⁸</strong></span> <span class='ocrx_word' id='word_1_240' title='bbox 109 2528 176 2561; x_wconf 82' lang='lat'>¹²²</span> <span class='ocrx_word' id='word_1_241' title='bbox 199 2536 418 2588; x_wconf 86' lang='lat' dir='ltr'>tantum</span> <span class='ocrx_word' id='word_1_242' title='bbox 446 2529 659 2587; x_wconf 86' lang='lat' dir='ltr'>evenit.</span> <span class='ocrx_word' id='word_1_243' title='bbox 722 2545 852 2587; x_wconf 89' lang='lat' dir='ltr'>nam</span> <span class='ocrx_word' id='word_1_244' title='bbox 898 2544 1047 2607; x_wconf 87' lang='lat' dir='ltr'>quae</span> <span class='ocrx_word' id='word_1_245' title='bbox 1088 2536 1310 2587; x_wconf 86' lang='lat' dir='ltr'>mutare</span> <span class='ocrx_word' id='word_1_246' title='bbox 1352 2528 1599 2588; x_wconf 85' lang='lat' dir='ltr'>diximus</span> <span class='ocrx_word' id='word_1_247' title='bbox 1628 2526 1889 2595; x_wconf 85' lang='lat' dir='ltr'>colorem</span> <span class='ocrx_word' id='word_1_248' title='bbox 1919 2526 2176 2587; x_wconf 88' lang='lat' dir='ltr'>alienum</span> 
     </span>
     <span class='ocr_line' id='line_1_30' title="bbox 89 2571 2175 2694; baseline -0.001 -20.941"><span class='ocrx_word' id='word_1_249' title='bbox 89 2571 441 2691; x_wconf 71' lang='lat' dir='ltr'>&#39;⁷accipiunt</span> <span class='ocrx_word' id='word_1_250' title='bbox 472 2612 719 2694; x_wconf 84' lang='lat' dir='ltr'>quodam</span> <span class='ocrx_word' id='word_1_251' title='bbox 750 2630 1129 2691; x_wconf 83' lang='lat' dir='ltr'>repercussu,</span> <span class='ocrx_word' id='word_1_252' title='bbox 1163 2611 1335 2672; x_wconf 89' lang='lat' dir='ltr'>homo</span> <span class='ocrx_word' id='word_1_253' title='bbox 1367 2612 1572 2673; x_wconf 89' lang='lat' dir='ltr'>solus</span> <span class='ocrx_word' id='word_1_254' title='bbox 1556 2630 1611 2670; x_wconf 89' lang='grc' dir='ltr'>ιιι</span> <span class='ocrx_word' id='word_1_255' title='bbox 1643 2630 1710 2672; x_wconf 92' lang='lat' dir='ltr'>se</span> <span class='ocrx_word' id='word_1_256' title='bbox 1741 2618 1941 2671; x_wconf 88' lang='lat' dir='ltr'>mutat.</span> <span class='ocrx_word' id='word_1_257' title='bbox 1980 2611 2175 2671; x_wconf 89' lang='lat' dir='ltr'>morbi</span> 
     </span>
     <span class='ocr_line' id='line_1_31' title="bbox 149 2696 2235 2775; baseline -0.003 -18"><span class='ocrx_word' id='word_1_258' title='bbox 149 2715 351 2757; x_wconf 91' lang='lat' dir='ltr'>omnes</span> <span class='ocrx_word' id='word_1_259' title='bbox 385 2713 660 2775; x_wconf 90' lang='lat' dir='ltr'>morsque</span> <span class='ocrx_word' id='word_1_260' title='bbox 694 2698 1031 2773; x_wconf 89' lang='lat' dir='ltr'>sanguinem</span> <span class='ocrx_word' id='word_1_261' title='bbox 1063 2696 1385 2757; x_wconf 88' lang='lat' dir='ltr'>absumunt.</span> <span class='ocrx_word' id='word_1_262' title='bbox 2191 2710 2235 2751; x_wconf 66' lang='grc' dir='ltr'>,ιο</span> 
     </span>
    </p>

    <p class='ocr_par' dir='ltr' id='par_1_11' title="bbox 61 2780 2236 3359">
     <span class='ocr_line' id='line_1_32' title="bbox 61 2780 2172 2860; baseline -0.002 -17"><span class='ocrx_word' id='word_1_263' title='bbox 61 2791 165 2845; x_wconf 88' lang='grc'>226</span> <span class='ocrx_word' id='word_1_264' title='bbox 315 2781 414 2842; x_wconf 85' lang='grc'>39.</span> <span class='ocrx_word' id='word_1_265' title='bbox 455 2780 623 2860; x_wconf 84' lang='grc'>(92.)</span> <span class='ocrx_word' id='word_1_266' title='bbox 679 2782 820 2841; x_wconf 89' lang='lat' dir='ltr'>Sunt</span> <span class='ocrx_word' id='word_1_267' title='bbox 864 2782 961 2860; x_wconf 90' lang='lat' dir='ltr'>qui</span> <span class='ocrx_word' id='word_1_268' title='bbox 1002 2781 1376 2841; x_wconf 89' lang='lat' dir='ltr'>subtilitatem</span> <span class='ocrx_word' id='word_1_269' title='bbox 1411 2781 1578 2841; x_wconf 89' lang='lat' dir='ltr'>animi</span> <span class='ocrx_word' id='word_1_270' title='bbox 1623 2789 1894 2842; x_wconf 89' lang='lat' dir='ltr'>constare</span> <span class='ocrx_word' id='word_1_271' title='bbox 1927 2794 2049 2838; x_wconf 91' lang='lat' dir='ltr'>non</span> <span class='ocrx_word' id='word_1_272' title='bbox 2087 2789 2172 2839; x_wconf 87' lang='lat' dir='ltr'>te·</span> 
     </span>
     <span class='ocr_line' id='line_1_33' title="bbox 148 2865 2172 2945; baseline -0.001 -20"><span class='ocrx_word' id='word_1_273' title='bbox 148 2867 364 2926; x_wconf 88' lang='lat' dir='ltr'>nuitate</span> <span class='ocrx_word' id='word_1_274' title='bbox 404 2867 699 2942; x_wconf 87' lang='lat' dir='ltr'>sanguinis</span> <span class='ocrx_word' id='word_1_275' title='bbox 742 2874 976 2945; x_wconf 80' lang='lat' dir='ltr'>putent,</span> <span class='ocrx_word' id='word_1_276' title='bbox 1001 2865 1290 2929; x_wconf 78' lang='lat' dir='ltr'>sedente</span> <span class='ocrx_word' id='word_1_277' title='bbox 1322 2866 1817 2944; x_wconf 89' lang='lat' dir='ltr'>operimentisque</span> <span class='ocrx_word' id='word_1_278' title='bbox 1852 2877 2172 2943; x_wconf 85' lang='lat' dir='ltr'>corporum</span> 
     </span>
     <span class='ocr_line' id='line_1_34' title="bbox 147 2947 2172 3028; baseline -0.002 -17"><span class='ocrx_word' id='word_1_279' title='bbox 147 2951 330 3028; x_wconf 88' lang='lat' dir='ltr'>magis</span> <span class='ocrx_word' id='word_1_280' title='bbox 374 2957 471 3010; x_wconf 91' lang='lat' dir='ltr'>aut</span> <span class='ocrx_word' id='word_1_281' title='bbox 512 2950 694 3009; x_wconf 91' lang='lat' dir='ltr'>minus</span> <span class='ocrx_word' id='word_1_282' title='bbox 741 2948 910 3009; x_wconf 86' lang='lat' dir='ltr'>bruta</span> <span class='ocrx_word' id='word_1_283' title='bbox 954 2967 1124 3024; x_wconf 79' lang='lat' dir='ltr'>esse,</span> <span class='ocrx_word' id='word_1_284' title='bbox 1158 2958 1219 3008; x_wconf 92' lang='lat' dir='ltr'>ut</span> <span class='ocrx_word' id='word_1_285' title='bbox 1249 2959 1475 3010; x_wconf 85' lang='lat' dir='ltr'>ostreas</span> <span class='ocrx_word' id='word_1_286' title='bbox 1504 2958 1561 3008; x_wconf 91' lang='lat' dir='ltr'>et</span> <span class='ocrx_word' id='word_1_287' title='bbox 1589 2947 1930 3009; x_wconf 85' lang='lat' dir='ltr'>testudines.</span> <span class='ocrx_word' id='word_1_288' title='bbox 1993 2947 2172 3008; x_wconf 89' lang='lat' dir='ltr'>boum</span> 
     </span>
     <span class='ocr_line' id='line_1_35' title="bbox 149 3032 2172 3112; baseline -0.001 -18"><span class='ocrx_word' id='word_1_289' title='bbox 149 3044 346 3110; x_wconf 81' lang='lat' dir='ltr'>terga,</span> <span class='ocrx_word' id='word_1_290' title='bbox 393 3043 584 3093; x_wconf 88' lang='lat' dir='ltr'>saetas</span> <span class='ocrx_word' id='word_1_291' title='bbox 627 3051 787 3093; x_wconf 88' lang='lat' dir='ltr'>suum</span> <span class='ocrx_word' id='word_1_292' title='bbox 835 3034 1072 3093; x_wconf 87' lang='lat' dir='ltr'>obstare</span> <span class='ocrx_word' id='word_1_293' title='bbox 1103 3035 1360 3103; x_wconf 87' lang='lat' dir='ltr'>tenuitati</span> <span class='ocrx_word' id='word_1_294' title='bbox 1405 3033 1706 3093; x_wconf 89' lang='lat' dir='ltr'>inmeantis</span> <span class='ocrx_word' id='word_1_295' title='bbox 1738 3032 2010 3112; x_wconf 86' lang='lat' dir='ltr'>spiritus,</span> <span class='ocrx_word' id='word_1_296' title='bbox 2058 3049 2172 3092; x_wconf 89' lang='lat' dir='ltr'>nec</span> 
     </span>
     <span class='ocr_line' id='line_1_36' title="bbox 148 3118 2236 3205; baseline 0 -30"><span class='ocrx_word' id='word_1_297' title='bbox 148 3136 353 3195; x_wconf 82' lang='lat' dir='ltr'>purum</span> <span class='ocrx_word' id='word_1_298' title='bbox 386 3118 778 3205; x_wconf 87' lang='lat' dir='ltr'>liquidumque</span> <span class='ocrx_word' id='word_1_299' title='bbox 809 3119 1059 3178; x_wconf 87' lang='lat' dir='ltr'>tramitti.</span> <span class='ocrx_word' id='word_1_300' title='bbox 1120 3120 1207 3177; x_wconf 90' lang='lat' dir='ltr'>sic</span> <span class='ocrx_word' id='word_1_301' title='bbox 1245 3119 1387 3178; x_wconf 88' lang='lat' dir='ltr'>etin</span> <span class='ocrx_word' id='word_1_302' title='bbox 1427 3118 1691 3194; x_wconf 86' lang='lat' dir='ltr'>homine,</span> <span class='ocrx_word' id='word_1_303' title='bbox 1738 3132 1864 3176; x_wconf 91' lang='lat' dir='ltr'>cum</span> <span class='ocrx_word' id='word_1_304' title='bbox 1911 3118 2236 3180; x_wconf 73' lang='lat' dir='ltr'>crassiorss</span> 
     </span>
     <span class='ocr_line' id='line_1_37' title="bbox 153 3199 2169 3277; baseline 0.001 -19"><span class='ocrx_word' id='word_1_305' title='bbox 153 3200 507 3265; x_wconf 88' lang='lat' dir='ltr'>callosiorve</span> <span class='ocrx_word' id='word_1_306' title='bbox 541 3199 814 3262; x_wconf 84' lang='lat' dir='ltr'>excludat</span> <span class='ocrx_word' id='word_1_307' title='bbox 849 3203 1017 3277; x_wconf 87' lang='lat' dir='ltr'>cutis,</span> <span class='ocrx_word' id='word_1_308' title='bbox 1051 3221 1162 3261; x_wconf 89' lang='lat' dir='ltr'>ceu</span> <span class='ocrx_word' id='word_1_309' title='bbox 1195 3207 1337 3262; x_wconf 80' lang='lat' dir='ltr'>v‘ero</span> <span class='ocrx_word' id='word_1_310' title='bbox 1374 3219 1488 3261; x_wconf 89' lang='lat' dir='ltr'>non</span> <span class='ocrx_word' id='word_1_311' title='bbox 1521 3201 1838 3262; x_wconf 87' lang='lat' dir='ltr'>crocodilis</span> <span class='ocrx_word' id='word_1_312' title='bbox 1869 3210 1926 3260; x_wconf 90' lang='lat' dir='ltr'>et</span> <span class='ocrx_word' id='word_1_313' title='bbox 1959 3202 2169 3262; x_wconf 85' lang='lat' dir='ltr'>duritia</span> 
     </span>
     <span class='ocr_line' id='line_1_38' title="bbox 151 3285 1127 3359; baseline 0.004 -18"><span class='ocrx_word' id='word_1_314' title='bbox 151 3286 405 3359; x_wconf 89' lang='lat' dir='ltr'>tergoris</span> <span class='ocrx_word' id='word_1_315' title='bbox 438 3285 722 3344; x_wconf 89' lang='lat' dir='ltr'>tribuatur</span> <span class='ocrx_word' id='word_1_316' title='bbox 758 3295 815 3345; x_wconf 92' lang='lat' dir='ltr'>et</span> <span class='ocrx_word' id='word_1_317' title='bbox 843 3285 1127 3345; x_wconf 83' lang='lat' dir='ltr'>sollertia.</span> 
     </span>
    </p>

    <p class='ocr_par' dir='ltr' id='par_1_12' title="bbox 63 3366 2166 3464">
     <span class='ocr_line' id='line_1_39' title="bbox 63 3366 2166 3464; baseline 0.001 -38"><span class='ocrx_word' id='word_1_318' title='bbox 63 3374 167 3429; x_wconf 89' lang='grc'>227</span> <span class='ocrx_word' id='word_1_319' title='bbox 322 3366 488 3446; x_wconf 85' lang='grc'><strong>(93.)</strong></span> <span class='ocrx_word' id='word_1_320' title='bbox 522 3367 935 3464; x_wconf 86' lang='lat' dir='ltr'>Hippopotami</span> <span class='ocrx_word' id='word_1_321' title='bbox 967 3370 1127 3428; x_wconf 91' lang='lat' dir='ltr'>corio</span> <span class='ocrx_word' id='word_1_322' title='bbox 1160 3369 1482 3429; x_wconf 87' lang='lat' dir='ltr'>crassitudo</span> <span class='ocrx_word' id='word_1_323' title='bbox 1516 3370 1647 3431; x_wconf 88' lang='lat' dir='ltr'>talis</span> <span class='ocrx_word' id='word_1_324' title='bbox 1677 3377 1740 3430; x_wconf 92' lang='lat' dir='ltr'>ut</span> <span class='ocrx_word' id='word_1_325' title='bbox 1769 3369 1901 3430; x_wconf 88' lang='lat' dir='ltr'>inde</span> <span class='ocrx_word' id='word_1_326' title='bbox 1930 3377 2166 3430; x_wconf 88' lang='lat' dir='ltr'>tornen-</span> 
     </span>
    </p>
   </div>
  </div>
 </body>
</html>
