2320 3650
581 18 956 107 NA'rams'r.
990 59 1140 105 xm.
1192 54 1433 111 15—19.
1485 46 1782 130 (ao—33.)
2047 48 2167 111 247

151 214 440 275 arborem
470 213 632 273 loton
664 214 879 290 gignit,
922 230 1093 291 quam,
1118 222 1293 274 vocat
1330 212 1594 289 celthim,
1641 224 1699 274 et
1742 217 1926 293 ipsam
1971 215 2168 276 Italiae

152 298 507 363 familiarem
541 297 648 356 sed
676 306 832 357 terra
855 306 1139 358 mutatam.
1199 299 1515 376 praecipua
1547 307 1637 357 est
1670 300 1823 358 circa
1855 301 2041 374 Syrtis
2086 308 2167 359 at·

150 401 280 461 que
323 381 701 441 Nasamonas.
783 382 1112 480 magnitudo
1145 399 1310 481 ‘quae
1358 383 1522 460 piru,
1583 399 1923 460 quamquam
1967 383 2169 463 Nepos

153 465 476 527 cornelius
511 464 753 524 brevem
794 466 984 525 tradit
1044 466 1334 527 incisurae
1365 465 1509 525 folio
1543 465 1911 542 crebrioreS,
1954 467 2167 546 alioqui

86 570 117 609 5
149 551 314 612 ilicis
358 549 710 608 viderentur.
756 548 1116 610 differentiae
1142 550 1375 627 plures,
1422 567 1645 627 eaeque
1672 567 1934 610 maxume
1969 551 2165 610 fructi-

147 635 268 696 bus
300 634 458 697 fiunt.
527 634 862 710 magnitudo
894 634 1027 694 huic
1053 633 1257 710 fabae,
1292 635 1460 695 color
1490 635 1685 708 croci,
1719 626 1825 693 sed
1855 644 1986 694 ante
2015 640 2251 699 mii-105

145 709 457 792 tui-,itatem
493 716 639 776 alius
670 726 843 796 atque
877 718 1056 792 aliua,
1088 719 1237 778 sicut
1264 720 1408 778 uvis.
1468 717 1719 778 nascitur
1749 717 2009 778 densus·
1992 737 2049 776 in
2077 734 2165 778 ra-

146 804 265 863 mis
296 802 468 876 myrti
498 801 693 877 modo,
725 818 839 860 non
860 811 923 861 ut
949 803 1004 860 in
1026 763 1190 861 ftalia
1221 804 1461 877 cerasiS,
1488 811 1601 862 tam
1630 799 1815 862 dulcis
1834 802 1910 861 ibi
1943 801 2076 861 cibo
2107 811 2167 861 ut

146 904 375 948 nomen
406 885 577 944 etiam
608 887 770 961 genti
802 895 1115 964 terraeque
1153 886 1378 947 dederit
1417 887 1581 945 nimis
1614 884 1885 964 hospitali
1919 886 2165 946 advena-

65 992 126 1033 ιο
147 989 283 1032 rum
319 968 617 1029 oblivione
642 970 883 1048 patriae.
944 970 1137 1029 ferunt
1160 972 1378 1029 ventris
1408 988 1522 1029 non
1551 971 1767 1031 sentire
1799 967 2035 1029 morbos
2072 971 2166 1049 qui

148 1073 290 1116 eum
316 1053 625 1125 mandant.
650 1053 858 1114 melior
881 1054 1005 1113 sine
1028 1054 1306 1114 interiore
1326 1055 1561 1129 nucleo,
1592 1055 1688 1132 qui
1715 1054 1787 1113 de
1813 1054 1999 1114 altero
2025 1072 2125 1131 ge·
2150 1063 2253 1118 106

140 1158 301 1202 nere
350 1154 560 1197 osseus
616 1138 862 1197 videtur.
951 1139 1140 1197 vinum
1192 1155 1423 1216 quoque
1481 1139 1817 1217 exprimitur
1856 1138 1939 1198 illi
1982 1139 2166 1198 simile

144 1223 383 1298 malsc,
417 1223 571 1299 quod
601 1221 748 1281 ultra
784 1222 966 1282 denos
998 1222 1124 1281 dies
1160 1232 1337 1299 negat
1367 1222 1573 1281 durare
1603 1222 1752 1281 idem
1784 1221 2018 1299 NepoS,
2068 1220 2164 1281 ba·

148 1324 385 1384 casque
415 1307 682 1365 concisas
714 1325 839 1365 cum
868 1306 1016 1369 alica
1041 1305 1109 1366 ad
1136 1306 1302 1365 cibos
1327 1305 1498 1365 doliis
1523 1305 1712 1365 condi.
1761 1307 1896 1383 quin
1916 1314 1974 1364 et
2001 1323 2167 1364 exer-

67 1417 127 1459 15
149 1394 312 1452 citus
375 1399 576 1466 pastos
618 1408 692 1448 eo
735 1391 1067 1488 accepimus
1122 1390 1272 1449 ultro
1328 1391 1602 1474 citroque
1645 1390 2000 1449 conmeantis
2065 1407 2171 1467 per

143 1475 442 1536 Africam.
526 1474 684 1551 ligno
740 1475 905 1534 colos
952 1474 1138 1551 niger.
1214 1472 1286 1533 ad
1314 1468 1602 1533 tibiarum
1628 1482 1827 1537 cantus
1860 1473 2165 1550 expetitur.

144 1580 187 1620 e
230 1558 440 1627 radice
489 1557 739 1635 cultellis
786 1559 1028 1636 capulos
1072 1557 1388 1635 brevisque
1433 1557 1579 1617 alios
1621 1574 1758 1615 usus
1814 1557 2163 1632 excogitant.

143 1644 325 1704 Haec
367 1641 445 1700 ibi
477 1632 675 1701 natura
706 1642 954 1702 arboris.
1016 1651 1106 1701 est
1137 1650 1326 1702 autem
1358 1634 1604 1701 eodem
1594 1640 1821 1699 nomine
1855 1649 1914 1699 et
1948 1639 2129 1699 herba
2151 1647 2250 1702 107

146 1737 214 1788 et
245 1728 309 1785 in
340 1725 616 1804 Aegypto
644 1726 866 1786 caulis
849 1745 906 1785 ιιι
936 1726 1273 1804 palustrium
1294 1744 1537 1803 genere.
1585 1722 1995 1784 recedentibus
2020 1724 2169 1782 enim

69 1813 328 1891 eoaquis
358 1808 475 1869 Nili
517 1810 699 1887 riguis
746 1812 1016 1889 provenit
1052 1811 1251 1871 similis
1287 1810 1459 1872 fabae
1488 1808 1655 1870 caule
1683 1808 1956 1889 foliisque
1991 1809 2171 1869 densa

148 1895 446 1973 congerie
494 1896 751 1973 stipatiS,
797 1892 1168 1955 brevioribus
1210 1904 1423 1957 tantum
1462 1893 2025 1971 gracilioribusque,
2067 1893 2169 1951 ‘cui

146 1982 384 2043 fructus
408 1977 689 2057 incapite
714 1981 995 2057 papaveri
1025 1980 1226 2039 similis
1249 1980 1514 2039 incisuris
1539 1978 1805 2054 omnique
1835 1978 1950 2037 alio
1973 1977 2167 2051 modo,

144 2068 311 2125 intus
349 2080 531 2139 grana
564 2080 673 2121 ceu
705 2062 939 2127 milium.
1008 2062 1245 2123 Incolae
1289 2064 1478 2140 capita
1521 2063 1577 2120 in
1616 2062 1844 2122 acervis
1876 2060 2128 2137 putrefa-
2151 2066 2254 2121 108

149 2151 357 2222 ciunt,
400 2162 539 2224 mox
573 2155 845 2223 separant
887 2146 1133 2205 lavando
1168 2156 1226 2206 et
1264 2149 1483 2207 siccata
1517 2144 1758 2204 tundunt
1798 2161 1988 2221 eoque
2019 2160 2168 2221 pane

68 2240 412 2294 autuntur.
452 2228 682 2290 'Mirum
729 2238 819 2289 est
862 2229 1017 2307 quod
1069 2238 1305 2308 praeter
1345 2230 1493 2289 haec
1536 2227 1807 2302 traditur,
1850 2226 1978 2286 sole
2013 2226 2167 2285 occi-

149 2318 337 2388 dente
379 2331 674 2392 papavera
716 2332 785 2373 ea
819 2315 1099 2393 conprimi
1131 2322 1192 2373 et
1223 2313 1406 2390 integi
1434 2311 1625 2387 foliis,
1657 2312 1728 2372 ad
1768 2320 1951 2371 ortum
1980 2320 2171 2370 autem

148 2400 412 2479 aperiri,
474 2398 685 2458 donec
715 2408 1101 2458 maturescant
1149 2397 1378 2476 flosque
1420 2398 1515 2475 qui
1557 2404 1649 2455 est
1694 2393 1969 2455 candidus
2013 2394 2168 2455 de‘ci·

149 2486 275 2545 dat.
345 2481 442 2542 18.
498 2479 626 2541 Hoc
659 2482 901 2560 amplius
940 2484 998 2542 in
1027 2482 1327 2560 Euphrate
1360 2480 1587 2541 tradunt
1632 2487 1691 2539 et
1724 2487 1896 2577 caput
1937 2480 2121 2558 ipsum
2153 2485 2254 2541 109

148 2577 219 2627 et
262 2555 499 2626 florem
512 2583 765 2644 vespera
801 2567 986 2643 mergi
1015 2584 1201 2645 usque
1246 2567 1303 2624 in
1342 2564 1562 2625 medias
1605 2563 1823 2638 noctis,
1871 2571 2168 2640 totumque

69 2652 327 2713 wabire
363 2651 421 2707 in
456 2649 663 2726 altum,
707 2658 768 2708 ut
811 2668 886 2710 ne
926 2651 1177 2711 demissa
1214 2643 1443 2728 quidem
1485 2662 1652 2707 manu
1669 2646 1875 2728 possit
1904 2645 2169 2719 inveniri,

150 2736 312 2795 verti
356 2732 567 2793 deinde
613 2733 1001 2811 paulatimque
1032 2733 1285 2810 subrigi,
1336 2742 1393 2796 et
1437 2732 1508 2792 ad
1538 2739 1777 2791 exortus
1812 2728 1955 2788 solis
1987 2746 2169 2788 emer·

151 2836 308 2900 gere
354 2825 519 2876 extra
562 2835 767 2895 aquam
807 2835 879 2877 ac
909 2816 1112 2877 florem
1145 2817 1484 2895 patefacere
1530 2825 1703 2893 atque
1757 2814 2057 2873 etiamnum
2089 2813 2169 2870 in-

154 2918 446 2979 surgere,
492 2908 553 2959 ut
582 2902 755 2980 plane
796 2902 868 2960 ab
911 2919 1059 2980 aqua
1090 2900 1242 2960 absit
1270 2900 1407 2960 alte.
1471 2898 1753 2959 Radicem
1787 2897 1942 2957 lotos
1979 2896 2130 2956 haec
2154 2904 2258 2960 110

150 2987 342 3051 habet
365 2984 499 3044 mali
525 2987 756 3045 cotonei
777 2985 1190 3063 magnitudine,
1223 2992 1488 3066 opertam
1509 2983 1676 3060 nigro
1707 2969 1950 3057 cort'ice,
1982 2980 2171 3060 qualis

73 3094 135 3137 ss
158 3082 224 3132 et
265 3078 572 3135 castaneas
614 3071 778 3147 tegit.
840 3070 1079 3128 interius
1121 3068 1421 3130 candidum
1463 3084 1709 3164 corpus,
1750 3073 1977 3143 gratum
2025 3064 2169 3124 cibis

160 3164 254 3217 et
250 3151 540 3228 crudum,
587 3155 806 3231 gratius
861 3154 1168 3215 decoctum
1200 3155 1326 3213 sive
1369 3169 1520 3231 aqua
1548 3151 1673 3209 sive
1704 3167 1904 3228 pruna.
1979 3149 2170 3226 neque

150 3236 400 3300 aliunde
429 3238 613 3314 magis
644 3254 812 3315 quam
847 3239 1241 3316 purgamentis
1279 3238 1404 3296 eius
1433 3253 1571 3295 sues
1600 3243 1988 3294 crassescunt.

296 3321 394 3381 19.
445 3318 611 3399 (33.)
660 3320 983 3401 Cyrenaica
1011 3322 1181 3400 regio
1207 3322 1370 3382 loton
1394 3338 1535 3381 suae
1539 3318 1855 3398 postponit
1884 3318 2129 3397 paliuro.
2155 3326 2256 3381 111

161 3403 506 3488 §reticosior
545 3405 694 3465 haec
726 3406 1035 3486 fructuque
1062 3407 1247 3483 magis
1279 3404 1530 3482 rubens,
1573 3403 1740 3491 cuius
1777 3401 2018 3464 nucleus
2058 3416 2173 3459 non

2201 3555 2275 3583 Α
