2320 3650
73 68 191 132 184
640 106 647 109 ι
812 79 872 128 0.
906 79 1098 129 PLINI
1131 61 1432 129 SECUNDI

71 249 340 297 terraneo
391 222 574 296 altera
616 234 863 312 Augusti
903 234 1263 295 colonia‘cst
1305 233 1502 295 Babba
1533 232 1674 315 Iulia
1707 232 2066 312 Campestris

74 320 401 399 appellata,
446 327 505 378 et
547 320 715 378 tertia
747 320 967 379 Banasa
1004 316 1215 377 LXXV
1243 317 1300 377 M
1331 318 1595 378 Valentia
1638 320 2061 394 cognominata.

74 404 146 464 ab
173 422 243 463 ea
268 400 485 462 XXXV
503 401 561 461 M
578 420 865 481 passuum.
900 401 1174 461 Volubile
1212 402 1482 480 oppidum
1517 403 1843 461 tantundem
1867 420 1898 462 a
1921 402 2065 461 mari

76 496 324 564 utroque
358 486 592 545 distans.
629 494 685 545 at
715 488 771 544 in
803 503 905 545 ora
940 502 972 544 a
1000 484 1142 544 Lixo
1168 484 1209 543 L
1238 484 1297 544 Μ
1325 486 1504 544 amnis
1533 483 1800 547 Sububus
1831 494 2067 564 praeter

75 572 352 631 Banasam
388 569 671 628 coloniam
703 569 994 644 defluenS,
1028 569 1454 645 magnificus-et
1485 568 1843 645 navigabilis.
1882 569 1954 629 ab
1990 578 2104 629 eo⁵

75 655 313 714 totidem
342 651 400 711 M
440 670 595 731 pass.
642 653 914 730 oppidum
955 652 1093 712 Sala
1126 653 1382 711 eiusdem
1425 654 1663 711 nominis
1695 652 1869 711 fluvio
1901 653 2063 731 inpo-

76 740 278 813 situm,
334 738 445 797 iam
495 736 894 795 solitudinibus
923 737 1169 794 vicinum
1201 734 1753 813 elephantorumque
1784 737 2061 812 gregibus

75 822 370 895 infestum,
400 819 598 879 'multo
646 828 836 879 tamen
879 819 1064 895 magis
1112 816 1447 878 Autololum
1492 828 1700 896 gente,
1747 837 1854 897 per
1897 836 2063 897 quam

19 916 52 969 6
76 906 183 964 iter
213 913 303 964 est
334 903 405 963 ad
436 912 685 962 montem
716 902 954 964 Africae
993 902 1090 961 vel
1126 901 1606 963 fabulosissimum
1637 902 1947 966 Atlantem.
2009 901 2059 962 E

75 989 281 1047 mediis
321 988 472 1046 hunc
511 985 739 1046 harenis
794 987 849 1044 in
901 986 1124 1045 caelum
1168 986 1352 1045 attolli
1397 986 1740 1063 prodidere,
1792 1003 2058 1063 asperum
2083 996 2136 1039 10

76 1070 435 1149 squalentem
480 1088 591 1148 qua
636 1078 839 1146 vergat
873 1070 943 1131 ad
989 1070 1156 1129 litora
1189 1071 1393 1153 oceani
1427 1071 1516 1129 cui
1547 1086 1869 1147 cognomen
1898 1071 2061 1147 inpo-

77 1157 220 1230 suit,
280 1153 524 1213 eundem
576 1170 817 1231 opacum
862 1170 1345 1231 nemorosumque
1397 1161 1454 1212 et
1501 1152 1785 1213 scatebris
1828 1153 2065 1212 fontium

77 1240 300 1314 riguum
364 1255 473 1314 qua
525 1246 756 1314 spectet
811 1236 1099 1313 Africam,
1155 1237 1437 1296 fructibus
1491 1238 1733 1296 omnium
1785 1254 2064 1312 generum

79 1330 285 1400 sponte
336 1322 412 1380 ita
465 1318 943 1380 subnascentibus
999 1329 1060 1380 ut
1108 1338 1410 1399 numquam
1455 1321 1627 1379 satias
1678 1319 2065 1397 voluptatibus

22 1412 54 1467 7
83 1404 248 1464 desit.
306 1403 621 1471 incolarum
662 1405 944 1469 neminem
985 1405 1231 1463 interdiu
1263 1404 1453 1479 cerni,
1507 1404 1681 1462 silere
1715 1405 1900 1463 omnia
1933 1403 2136 1462 haut¹⁵

79 1489 193 1550 alio
244 1505 412 1565 quam
455 1488 817 1547 solitudinum
860 1488 1135 1562 horrore,
1195 1486 1390 1546 subire
1444 1487 1674 1546 tacitam
1724 1486 2066 1563 religionem

80 1574 297 1632 animos
341 1572 583 1649 propius
632 1571 1029 1631 accedentium
1069 1579 1421 1647 praeterque
1464 1569 1765 1631 horrorem
1808 1569 1942 1629 elati
1974 1588 2065 1629 su-

79 1674 188 1734 per
226 1653 418 1714 nubila
456 1663 629 1732 atque
673 1656 729 1713 in
772 1655 957 1713 vicina
1002 1653 1215 1713 lunaris
1245 1653 1465 1715 circuli.
1526 1654 1770 1714 eundem
1800 1652 2070 1713 noctibus

78 1742 292 1798 micare
347 1737 567 1796 crebris
609 1738 866 1813 ignibuS,
919 1736 1282 1814 Aegipanum
1328 1738 1778 1815 Satyrorumque
1830 1737 2068 1796 lascivia

78 1822 317 1901 inpleri,
367 1821 630 1881 tibiarum
677 1839 746 1880 ac
780 1820 1008 1882 fistulae
1057 1830 1223 1902 cantu
1267 1830 1778 1900 tympanorumque
1824 1829 1882 1880 et
1914 1838 2138 1895 cym·2o

78 1907 339 1966 balorum
371 1905 557 1963 sonitu
588 1913 875 1982 strepere.
946 1903 1106 1963 Haec
1141 1902 1419 1965 celebrati
1451 1915 1720 1965 auctores
1754 1903 2066 1983 prodidere

80 1998 314 2067 praeter
362 1986 596 2046 Herculi
650 1996 708 2048 et
758 1988 977 2047 Perseo
1031 1986 1290 2048 laborata
1346 1987 1445 2046 ibi.
1517 1989 1762 2066 spatium
1815 1986 1888 2047 ad
1939 2005 2069 2046 eum

23 2081 59 2133 8
82 2076 394 2131 inmensum
421 2072 834 2150 incertumque.
890 2071 1078 2131 Fuere
1110 2081 1168 2131 et
1196 2070 1487 2131 Hannonis
1520 2069 2070 2147 Carthaginiensium

80 2157 242 2216 ducis
315 2156 714 2215 commentarii
756 2155 985 2214 Punicis
1037 2155 1214 2214 rebus
1275 2154 1694 2214 florentissimis
1756 2153 2069 2232 explorare

82 2238 350 2298 ambitum
379 2237 618 2297 Africae
661 2239 835 2313 iussi,
880 2256 1051 2316 quem
1092 2239 1280 2298 secuti
1322 2238 1587 2317 plerique
1619 2256 1652 2297 a
1685 2236 1922 2298 Graecis
1965 2253 2140 2296 no·25

80 2323 330 2399 strisque
366 2330 425 2380 et
459 2321 572 2382 alia
602 2321 832 2399 quidem
875 2322 1141 2382 fabulosa
1188 2330 1247 2380 et
1289 2319 1444 2380 urbis
1475 2320 1682 2380 multas
1712 2319 1786 2380 ab
1823 2337 1896 2380 eo
1930 2337 2071 2380 con·

83 2406 225 2465 ditas
275 2405 354 2464 ibi
388 2405 753 2482 prodidere,
802 2423 1038 2484 quarum
1080 2422 1193 2464 nec
1243 2405 1518 2463 memoria
1559 2403 1695 2463 ulla‘
1730 2422 1842 2463 nec
1890 2404 2068 2463 vesti-

25 2492 234 2565 9gium
267 2496 472 2547 exstat.
542 2489 819 2566 Scipione
861 2488 1185 2549 Aemiliano
1216 2506 1315 2546 res
1356 2488 1413 2546 in
1443 2487 1643 2547 Africa
1672 2495 1916 2564 gerente
1959 2485 2068 2547 Po-

83 2572 271 2647 lybius
331 2571 612 2630 annalium
668 2572 934 2632 conditor
996 2571 1067 2632 ab
1121 2589 1195 2630 eo
1248 2580 1492 2648 accepta
1539 2570 1731 2630 classe
1776 2569 2070 2630 scrutandi

83 2656 235 2715 illius
287 2655 445 2714 orbis
502 2655 687 2732 gratia
746 2657 1166 2715 circumvectus
1230 2654 1481 2731 prodidit
1542 2671 1574 2713 a
1618 2662 1812 2713 monte
1866 2670 1940 2713 eo
1993 2651 2065 2712 ad
2087 2675 2143 2718 so

84 2756 355 2810 occasum
411 2755 616 2797 versus
676 2738 855 2798 saltus
908 2739 1114 2815 plenos
1180 2738 1325 2796 feris
1378 2754 1519 2815 quas
1574 2745 1822 2814 generat
1867 2735 2070 2796 Africa

83 2822 154 2881 ad
186 2822 395 2882 flumen
425 2820 651 2881 Anatim
685 2818 1152 2880 CCCCLXXXV
1182 2819 1240 2878 M
1282 2837 1572 2897 passuum.
1640 2819 1712 2880 ab
1761 2836 1834 2878 eo
1872 2819 2072 2878 Lixum

85 2903 234 2964 CCV
277 2904 335 2964 M
374 2922 646 2982 passuum
698 2903 994 2982 Agrippa,
1052 2899 1251 2968 Lixum
1300 2922 1332 2963 a
1375 2903 1651 2963 Gaditano
1702 2903 1860 2961 freto.
1913 2900 2074 2963 CXII

82 2987 143 3046 M
170 3006 442 3066 passuum
474 2987 706 3047 abesse.
761 2988 891 3046 inde
925 2988 1104 3048 sinum
1139 2988 1233 3064 qui
1263 2995 1509 3045 vocetur
1537 2986 1767 3063 Sagigi,
1799 2985 2074 3063 oppidum

84 3069 566 3147 inpromontorio
610 3069 968 3143 Mulelacha,
1014 3069 1239 3130 flumina
1283 3068 1576 3129 Sububum
1608 3078 1666 3127 et
1695 3068 1885 3143 Salat,
1936 3084 2070 3145 por·
2086 3087 2140 3130 35

85 3162 203 3212 tum
230 3152 472 3212 Rutubis
505 3171 537 3213 a
565 3153 707 3211 Lixo
739 3149 974 3212 CCXIII
1004 3151 1062 3210 M
1092 3170 1276 3229 pass.,
1317 3152 1448 3211 inde
1478 3152 1930 3229 promontorium
1962 3152 2070 3211 So-

85 3236 187 3310 lis,
238 3245 461 3314 portum
507 3235 862 3311 Rhysaddir,
911 3234 1187 3295 Gaetulos
1231 3233 1569 3310 Autoteles,
1628 3235 1837 3294 flumen
1888 3232 2069 3293 Cose-

87 3337 248 3396 num,
293 3327 500 3396 gentes
535 3319 809 3378 Selatitos
842 3326 901 3377 et
932 3317 1220 3394 Masatos,
1263 3315 1470 3401 numen
1498 3317 1816 3396 Masathat,
1862 3317 2072 3380 flumen
