2320 3650
192 98 331 163 25&
896 111 956 159 c,
988 111 1179 159 pum
1211 108 1514 160 sncmmt

191 269 538 329 duratricem
574 267 733 328 illam
776 268 1098 337 firmitatem
1136 268 1443 326 austeritas
1485 266 1636 345 picis
1677 266 1874 326 infusa
1903 266 2202 344 pediculo.
2269 256 2270 283 ¹

109 362 175 416 18
196 355 305 412 iam
336 353 565 413 inventa
586 354 719 412 vitis
744 369 858 431 per
890 370 958 411 se
986 353 1043 410 in
1064 351 1200 409 vino
1217 351 1420 428 *picem
1449 351 1775 429 resipiens,
1812 349 2206 411 Viennensem

192 454 392 513 agrum
421 437 730 496 nobilitans
748 482 764 511 ,
799 435 1064 495 Arverno
1097 436 1491 514 Sequanoque
1528 443 1587 494 et
1607 432 1865 494 Helvi-co
1893 436 2208 513 generibus

191 537 306 580 non
356 522 583 600 pridem
623 521 923 580 inlustrata
961 520 1108 580 haec
1151 528 1327 596 atque
1351 518 1596 596 Vergili
1619 520 1770 580 vatis
1821 529 2026 579 aetate
2063 522 2208 580 inco-

108 614 174 669 19
196 606 373 682 gnita,
406 624 440 664 a
465 607 626 665 cuius
647 605 808 664 obitu
830 611 1175 680 >tc-aguntur
1199 606 1351 663 anni.
1394 602 1546 676 Quid
1571 604 1728 681 quod
1750 604 1988 664 inserta
2015 606 2245 664 casti-iss

190 706 461 749 summam
506 706 699 749 rerum
738 688 1154 767 imperiumque
1197 688 1455 746 continet
1499 688 1910 748 centurionum
1955 690 2018 748 in
2061 704 2210 748 manu

188 775 360 850 vitis,
402 783 461 834 et
494 775 706 852 ‘opimo
742 773 1000 852 praemio
1038 770 1241 831 tardos
1288 771 1522 837 ordines
1581 772 1653 831 ad
1703 772 1903 832 lentas
1955 774 2210 852 perducit

184 858 447 937 aquilas,
484 866 660 937 atque
699 857 956 916 etiam-in
987 855 1216 916 delictis
1245 870 1496 934 poenam
1530 856 1717 947 ipsam
1746 856 2064 918 honorat?
2116 875 2209 917 nee

188 959 306 1001 non
333 942 542 1002 vineae
566 942 1061 1020 oppugnationum
1093 939 1314 1000 dedere
1343 939 1646 1000 rationem.
1704 941 1940 1002 namin
1971 942 2206 1002 medica·

189 1025 435 1086 minibus
465 1026 615 1085 adeo
645 1042 909 1102 magnum
942 1025 1208 1102 optinent
1243 1023 1437 1084 locum
1482 1033 1543 1082 ut
1584 1042 1694 1102 per
1736 1042 1884 1084 sese
1920 1027 2066 1086 vino
2093 1028 2252 1104 ipson

190 1109 444 1169 remedia
477 1110 604 1168 sint.
875 1106 879 1121 '
2057 1138 2061 1143 ·

104 1205 176 1257 20
303 1193 362 1252 2.
391 1194 517 1272 (4.)
547 1192 776 1261 Genera
791 1193 988 1252 vitium
1009 1208 1249 1252 numero
1278 1192 1678 1270 conprehendi
1702 1209 1895 1271 posse
1922 1211 2077 1254 nnus
2103 1197 2204 1254 exi-

191 1278 443 1337 stimavit
476 1277 872 1353 Democritus,
907 1284 1113 1337 cuncta
1148 1275 1261 1335 sibi
1284 1275 1567 1336 Graeciae
1604 1278 1848 1354 cognita
1884 1279 2204 1356 professus.

194 1364 378 1422 ceteri
409 1364 704 1422 innumera
735 1369 908 1439 atque
939 1361 1156 1421 infinita
1188 1372 1322 1420 esse
1362 1360 1773 1440 prodiderunt,
1824 1364 1996 1441 quod
2027 1365 2204 1423 verius

186 1445 494 1526 adparebit
525 1465 600 1506 ex
623 1447 789 1504 vinis.
844 1460 956 1504 nec
978 1445 1168 1504 omnia
1192 1444 1483 1520 dicentur,
1515 1444 1623 1504 sed
1642 1462 1922 1506 maxume
1951 1449 2201 1526 iusignia,
2219 1463 2252 1503 ιε

191 1532 409 1609 quippe
440 1530 682 1590 totidem
709 1545 899 1607 paene
940 1537 1070 1588 sunt
1103 1538 1243 1606 quot
1278 1531 1437 1606 agri,
1474 1528 1859 1608 quamobrem
1893 1531 2203 1591 celeberri-

190 1632 312 1674 mas
367 1615 565 1674 vitium
624 1621 719 1673 ant
777 1613 983 1690 quibus
1049 1623 1140 1672 est
1183 1612 1376 1692 aliqua
1427 1615 1794 1692 proprietate
1851 1617 2203 1690 miraculum,

106 1710 172 1762 21
190 1697 522 1758 ostendisse
569 1699 708 1758 satis
752 1699 882 1757 erit.
959 1698 1064 1776 [1.]
1124 1696 1485 1776 Principatus
1528 1698 1694 1757 datur
1727 1697 2014 1759 Amineis
2056 1700 2202 1759 firmi·

186 1790 365 1844 tatem
396 1790 640 1861 propter
682 1782 968 1861 senioque
1008 1781 1409 1861 proficientem
1451 1782 1567 1841 vini
1608 1783 1734 1841 eius
1778 1785 1997 1863 utique
2029 1785 2200 1844 vitan.

190 1867 443 1945 quinque
484 1884 676 1927 earum
709 1885 948 1943 genera.
1021 1884 1097 1925 ex
1136 1865 1226 1925 his
1257 1883 1532 1943 germana
1573 1868 1759 1925 minor
1801 1871 1985 1928 acino
2019 1868 2253 1928 meiius»

194 1952 534 2012 deflorescit
555 1996 572 2026 ,
603 1950 802 2011 imbris
831 1959 1332 2030 tempestatesque
1363 1950 1609 2026 tolerat,
1652 1968 1768 2009 non
1813 1954 1965 2012 item
2017 1953 2201 2026 maior,

103 2045 174 2099 22
190 2036 297 2096 sed
331 2037 387 2094 in
418 2035 629 2096 arbore
663 2053 833 2114 quam
861 2037 919 2095 in
948 2037 1086 2112 iugo
1114 2036 1298 2094 mimis
1331 2033 1599 2094 obnoxia.
1644 2036 2066 2113 gemellarum,
2098 2036 2204 2116 qui·

192 2121 300 2180 bus
328 2120 444 2181 hoc
472 2138 683 2179 nomen
712 2138 858 2179 uvae
891 2137 1125 2198 semper
1147 2121 1412 2196 geminae
1438 2117 1658 2179 dedere
1676 2164 1693 2194 ,
1727 2123 2099 2198 asperrimus
2128 2137 2203 2179 sa·

193 2222 303 2283 por
332 2206 440 2265 sed
472 2206 628 2263 vires
654 2205 1030 2283 praecipuae.
1082 2219 1158 2262 ex
1186 2204 1260 2262 iis
1289 2205 1478 2261 minor
1506 2212 1703 2263 austro
1735 2203 2033 2282 laeditur,
2063 2214 2201 2265 cete·
2269 2219 2270 2238 ¹

189 2290 273 2348 ris
297 2291 487 2349 ventis
520 2288 721 2365 alitur,
754 2297 816 2346 ut
846 2289 907 2347 iu*
922 2287 1182 2347 Vesuvio
1212 2296 1406 2347 monte
1425 2288 1910 2368 Surrentinisque
1938 2289 2252 2364 collibrat*

191 2374 250 2432 in
277 2374 525 2453 reliquis
540 2371 742 2431 ltaliae
763 2372 1019 2450 partibus
1040 2388 1157 2430 uon
1190 2372 1300 2430 uisi
1324 2371 1520 2432 arbori
1545 2370 2023 2434 adcommodata.
2062 2375 2204 2453 quin·

187 2465 306 2518 tum
333 2474 519 2534 genus
546 2456 794 2515 lanatae.
847 2474 920 2515 ne
953 2456 1133 2516 Seres
1154 2456 1428 2516 miremur
1457 2465 1552 2515 aut
1577 2454 1755 2515 Indos
1778 2457 1967 2532 adeo,
2008 2459 2202 2535 lanugo

192 2557 317 2600 eam
358 2533 548 2600 vest‘it.
621 2541 797 2619 prima
849 2559 925 2599 ex
972 2540 1233 2599 Amineis
1275 2541 1611 2600 maturescit
1655 2539 2067 2620 ocissimeque
2111 2559 2201 2621 pa·

103 2627 418 2689 23trescit.
470 2625 573 2703 [2.]
640 2624 923 2684 Proxuma
968 2625 1217 2701 dignitas
1248 2623 1625 2685 Nomentanis
1659 2623 1922 2685 rubente.
1949 2627 2199 2698 materia,

192 2716 551 2788 quapropter
594 2706 819 2786 quidam
848 2708 1108 2768 rubellas
1153 2708 1532 2786 appellavere
1579 2709 1802 2768 vineas,
1865 2708 1988 2770 hae
2035 2711 2250 2770 ninus&

189 2793 418 2852 fertiles
448 2793 707 2851 vinaceis
744 2802 802 2852 et
842 2792 1016 2853 faece
1058 2794 1258 2867 nimia,
1304 2802 1505 2852 contra
1550 2794 1782 2870 pruinas
1828 2792 2199 2867 fortissimae,

189 2876 455 2935 siccitate
503 2878 687 2952 magis
731 2894 898 2953 quam
952 2876 1165 2951 imbre,
1218 2884 1382 2937 aestu
1427 2894 1594 2955 quam
1643 2876 1852 2953 algore
1899 2887 2198 2939 vexantur.

193 2960 565 3035 quamohrem
605 2961 662 3019 in
705 2959 933 3036 frigidis
967 2961 1290 3037 umidisque
1323 2962 1702 3040 principatum
1733 2962 2031 3040 optinent.
2095 2962 2199 3023 fer*

105 3047 178 3099 24
196 3041 354 3099 tilior
398 3054 548 3120 quae
593 3044 778 3102 minor
818 3045 987 3103 acino
1015 3052 1075 3103 et
1119 3043 1265 3104 folio
1317 3045 1501 3120 scissa
1535 3046 1739 3104 minus.
1800 3046 1913 3126 [3.]
1973 3045 2196 3128 Apin&

193 3137 336 3195 apes
365 3124 587 3184 dedere
622 3143 978 3203 cognomen,
1011 3129 1330 3207 praecipue
1362 3130 1557 3189 earum
1590 3128 1815 3188 avidae.
1882 3148 1970 3190 ex
2000 3133 2072 3192 iis
2099 3125 2243 3191 ἢτοῦ

191 3218 413 3295 genera
441 3206 709 3285 lanugine
742 3212 950 3289 etipsa
972 3211 1317 3289 pubescunt.
1370 3213 1613 3289 distant,
1647 3213 1803 3291 quod
1836 3214 2034 3276 altera
2055 3211 2193 3275 caiu-
2268 3193 2270 3268 ἱ

193 3298 310 3337 rius
342 3293 703 3367 maturescit,
754 3309 1093 3373 quamquam
1126 3305 1185 3354 et
1213 3297 1396 3356 altera
1425 3307 1802 3376 properante.
1866 3299 2023 3358 situs
2051 3296 2192 3376 fligi·

120 3389 121 3394 ¹
195 3360 301 3418 dus
331 3380 446 3432 1lon
473 3376 793 3450 respuitur,
832 3387 890 3436 et
913 3387 1102 3438 tamen
1130 3379 1288 3439 nulla
1323 3380 1576 3441 celerius
1605 3383 1971 3443 maturescit.
2023 3381 2186 3443 imlm
