2320 3650
617 35 650 59 Q

670 115 830 161 NAT.
863 115 1045 164 ffls‘r.
1079 117 1258 162 xn11.
1295 116 1341 166 1.
1378 107 1616 183 (1—3.)
1997 104 2157 179 5255

140 269 319 332 cibus
351 268 630 329 subdialis
658 268 1140 341 inambulationes
1173 270 1462 330 umbrosis
1491 271 1753 348 pergulis
1784 267 2028 350 opacat,
2066 290 2160 333 ea-

136 355 279 417 dem
307 353 589 414 duodenis
612 354 781 413 musti
810 353 1101 432 amphoris
1130 353 1398 414 fecunda.
1453 353 1656 415 Ulmos
1686 355 1916 433 quidem
1939 354 2152 435 ubique
2178 367 2244 420 12

136 447 534 516 exsuperant,
567 438 945 516 miratumque
982 437 1334 499 altitudinem
1367 456 1563 511 earum
1586 438 1820 499 Ariciae
1852 438 2043 499 ferunt
2074 441 2157 501 le·

134 531 342 600 gatum
364 523 525 598 regis
539 520 740 596 Pyrrhi
756 517 975 581 Cinean
994 522 1189 581 facete
1209 523 1421 583 lusisse
1446 523 1504 581 in
1526 524 1909 583 austeriorem
1933 530 2160 600 gustum

85 625 108 662 5
134 607 262 666 vini
281 651 300 682 ,
332 607 539 665 merito
571 614 810 666 matrem
840 606 965 665 eius
993 606 1252 684 pendere
1276 607 1332 664 in
1357 615 1470 666 tam
1497 606 1613 666 alta
1641 625 1839 666 cruce.
1904 606 2157 685 Rumpo-

134 692 297 751 tinus
318 699 560 765 vocatur
590 699 647 749 et
678 689 793 749 alio
814 690 1044 750 nomine
1074 690 1283 769 opulus
1314 689 1488 753 arbor
1511 689 1711 750 Italiae
1736 690 1947 751 Padum
1976 701 2157 751 trans·
2198 695 2202 698 ’

135 774 437 852 gressis,
470 775 632 833 cuius
684 772 940 843 tabulata
984 775 1040 832 in
1086 773 1292 833 orbem
1343 774 1538 852 patula
1604 774 1835 852 replent
1893 791 2159 853 puroque

132 857 466 938 perductae
513 854 770 918 dracone
803 859 861 916 in
912 855 1159 936 palmam
1211 859 1334 918 eius
1377 857 1510 919 inde
1543 859 1600 917 in
1629 857 1938 918 subrectos
1968 876 2154 919 ramo-

132 960 270 1003 rum
322 941 535 1018 digitos
585 941 823 1018 flagella
873 940 1231 1021 dispergunt.
1289 940 1582 1007 ,Eaedem
1632 942 1846 1003 modici
1903 942 2147 1002 hominis
2175 954 2243 1006 13

68 1049 115 1089 ιο
137 1025 447 1087 altitudine
502 1025 940 1085 adminiculatae
984 1024 1223 1085 sudibus
1266 1025 1507 1087 horrent
1553 1027 1897 1104 vineamque
1942 1026 2160 1091 faciunt

135 1131 171 1171 e
208 1109 365 1170 talea
398 1108 646 1188 inprobo
689 1118 921 1188 reptatu
962 1112 1475 1188 pampinorumque
1510 1129 1616 1190 per
1645 1111 1927 1189 parietum
1955 1111 2156 1171 damna

132 1197 410 1256 discursu
440 1195 583 1253 atria
607 1192 794 1271 media
819 1193 1185 1272 conplentes.
1229 1193 1339 1254 Tot
1369 1194 1723 1255 differentias
1746 1195 1844 1258 vel
1877 1188 2005 1255 sola
2036 1204 2155 1255 tan-

132 1290 259 1349 tum
292 1276 459 1341 Italia
498 1277 726 1356 recipit.
790 1285 904 1337 stat
948 1279 1374 1356 provinciarum
1416 1279 1737 1356 aliquarum
1768 1296 1876 1357 per
1912 1297 1979 1338 se
2024 1280 2156 1351 vitis

136 1365 270 1423 sine
310 1361 431 1420 ullo
465 1361 849 1440 pedamento,
888 1380 1059 1422 arcus
1101 1380 1241 1423 suos
1271 1364 1326 1420 in
1360 1380 1424 1421 se
1461 1362 1749 1438 colligens
1780 1370 1839 1421 et
1869 1363 2154 1422 brevitate

66 1466 115 1506 15
139 1445 588 1507 crassitudinem
620 1464 889 1524 pascens,
924 1446 925 1449 ’
955 1455 1150 1505 vetant
1180 1445 1295 1505 hoc
1326 1444 1501 1506 aliubi
1529 1446 1723 1520 venti,
1766 1454 1827 1504 ut
1863 1448 1928 1506 in
1951 1446 2151 1505 Africa
2175 1455 2240 1508 14

135 1541 201 1592 et
245 1529 642 1589 Narbonensis
687 1531 1022 1607 provinciae
1065 1529 1345 1608 partibus.
1418 1547 1772 1589 excrescere
1818 1530 1969 1590 ultra
2014 1547 2155 1590 suos

133 1614 398 1694 pollices
441 1613 768 1691 prohibitae
812 1631 1163 1691 semperque
1209 1613 1509 1692 pastinatis
1565 1613 1781 1673 similes
1841 1613 2154 1673 herbarum

132 1699 317 1761 modo
351 1707 632 1774 vagantur
662 1716 771 1777 per
801 1715 943 1759 arva
971 1716 1041 1759 ac
1070 1716 1268 1759 sucum
1299 1707 1494 1757 terrae
1521 1698 1738 1776 passim
1771 1700 1902 1757 uvis
1929 1696 2152 1775 bibunt,

139 1801 298 1864 quae
318 1779 393 1842 ob
418 1781 474 1843 id
495 1780 943 1859 magnitudinem
957 1781 1251 1843 infantium
1275 1799 1586 1861 puerorum
1608 1782 1664 1848 in
1686 1782 1964 1843 interiore
1989 1790 2154 1862 parte

60 1888 116 1929 20
136 1868 386 1928 Africae
411 1876 780 1946 exsuperant.
827 1867 958 1927 vina
979 1885 1093 1926 non
1120 1868 1258 1928 alibi
1293 1868 1546 1927 tristiora
1563 1912 1581 1942 ,
1610 1867 1715 1927 sed
1745 1885 1857 1928 uva
1878 1884 1991 1927 non
2017 1866 2154 1927 alibi

135 1953 370 2031 gratior
410 1951 595 2025 callo,
655 1950 806 2010 unde
854 1952 1041 2030 possit
1085 1952 1377 2012 invenisse
1435 1970 1644 2012 nomen
1701 1951 1877 2014 durus
1928 1953 2147 2012 acinus.

133 2053 390 2114 namque
435 2052 655 2112 genera
698 2034 1116 2111 magnitudine,
1160 2035 1395 2110 colore,
1433 2035 1743 2114 saporibus
1789 2037 1941 2095 acini
1985 2036 2144 2095 innu-
2170 2045 2236 2098 15

134 2129 307 2182 mera
341 2120 644 2179 etiamnum
671 2118 1122 2196 multiplicantur
1149 2120 1305 2180 vino.
1367 2119 1462 2182 hic
1497 2135 1793 2198 purpureo
1826 2120 2151 2178 lueent·-co·

135 2207 306 2280 lore,
347 2202 471 2264 illic
500 2204 726 2279 fulgent
755 2219 929 2262 roseo
965 2203 1260 2279 nitentque
1291 2203 1481 2262 viridi.
1548 2203 1855 2266 candicans
1886 2203 2035 2262 enim
2069 2203 2152 2261 ni-

56 2307 372 2369 25gerque
424 2287 725 2364 volgares,
798 2296 1015 2347 tument
1062 2303 1209 2345 vero
1258 2303 1623 2346 mammarum
1669 2286 1841 2346 modo
1885 2285 2150 2361 bumasti,

135 2372 483 2453 praelongis
528 2370 743 2445 dactyli
775 2372 1145 2449 porriguntur
1186 2371 1385 2430 acinis.
1443 2379 1534 2429 est
1563 2379 1621 2430 et
1660 2369 1760 2429 illa
1789 2379 2025 2436 naturae
2069 2371 2151 2431 la-

135 2458 325 2519 scivia
351 2464 410 2515 ut
432 2454 890 2533 praegrandibus
914 2455 1266 2516 adhaereant
1289 2455 1476 2531 parvi,
1498 2456 1692 2529 mites,
1714 2455 1995 2516 suavitate
2024 2472 2152 2514 cer-

134 2550 367 2614 tantes,
411 2538 819 2619 le'ptorrhagas
865 2538 970 2599 has
1001 2548 1229 2608 vocant.
1293 2537 1515 2597 Durant
1553 2537 1701 2597 aliae
1745 2556 1853 2615 per
1896 2535 2141 2614 hiemes,
2170 2548 2237 2603 16

133 2625 356 2705 pensili
388 2632 826 2684 concamaratae
862 2623 1036 2686 nodo,
1104 2622 1253 2682 aliae
1298 2623 1355 2681 in
1405 2640 1509 2682 sua
1544 2630 1758 2681 tantum
1789 2624 2152 2682 continentur

53 2735 117 2775 30
140 2712 334 2770 anima
368 2709 502 2767 ollis
534 2706 803 2766 fictilibus
841 2716 897 2767 et
926 2708 1162 2784 insuper
1192 2706 1361 2766 doliis
1397 2706 1687 2780 inclusae,
1721 2706 1968 2783 stipatae
1993 2707 2150 2766 vina-

137 2796 266 2855 ceis
301 2790 875 2853 circumsudantihuS.
933 2791 1059 2849 aliis
1088 2792 1330 2867 gratiam
1362 2792 1459 2867 qui
1489 2799 1548 2849 et
1567 2790 1715 2848 vinis
1742 2790 1929 2849 fumus
1962 2790 2154 2850 adfert

134 2878 387 2941 fabrilis·
449 2894 597 2955 quae
642 2877 701 2935 in
743 2893 812 2934 ea
848 2874 1035 2951 gloria
1084 2876 1397 2952 praecipua
1434 2874 1489 2931 in
1520 2873 1857 2933 fornacibus
1886 2872 2149 2949 Africae,

136 2963 340 3023 Tiberi
390 2959 661 3021 Caesaris
705 2960 1019 3020 auctoritas
1070 2957 1228 3018 fecit.
1318 2966 1451 3037 ante
1504 2975 1642 3043 eum
1680 2955 1939 3017 Raeticis
1993 2957 2153 3035 prior

137 3065 344 3108 mensa
390 3053 514 3105 erat
558 3064 589 3105 e
632 3044 786 3104 villis
816 3042 1260 3120 Veroniensium
1304 3059 1467 3119 agr0.
1534 3042 1669 3119 quin
1711 3051 1769 3101 et
1811 3059 1843 3100 a
1874 3041 2150 3119 patientia
2243 3081 2246 3084 >

42 3161 109 3201 35
137 3150 352 3193 nomen
389 3130 567 3190 acinis
601 3129 764 3188 datur
799 3128 1004 3206 passis.
1071 3124 1405 3187 Condantur
1436 3135 1494 3185 et
1522 3133 1711 3186 musto
1740 3143 1921 3200 uvae,
1952 3126 2140 3204 ipsae·
2165 3134 2234 3189 17

139 3236 254 3296 que
281 3217 554 3290 vinolsuo
586 3212 955 3272 inebriantur.
1007 3211 1155 3272 aliae
1182 3210 1462 3272 decoctae
1492 3209 1549 3269 in
1574 3219 1761 3269 musto
1788 3208 2149 3285 dulcescunt,

140 3302 293 3361 aliae
334 3316 481 3359 vero
514 3298 779 3358 subolem
810 3314 1017 3357 novam
1056 3298 1112 3355 in
1142 3297 1269 3374 ipsa
1310 3304 1492 3355 matre
1534 3302 1876 3373 exspectant
1915 3292 2146 3354 traluci-

143 3386 252 3446 dae
284 3386 436 3443 vitro
456 3428 473 3458 ,
507 3382 779 3460 additque
810 3382 988 3442 acinis
1015 3379 1259 3441 eandem
1288 3397 1458 3458 quam
1488 3380 1544 3439 in
1573 3380 1744 3441 doliis
1778 3377 2145 3458 amphorisve
