2320 3650
160 58 235 119 18
846 68 904 117 ο.
937 67 1128 115 rum
1162 66 1457 114 securim

151 235 267 284 tum
299 222 609 282 Caesarem
640 220 994 280 dictatorem.
1058 236 1170 277 nec
1193 220 1457 278 virtutem
1490 219 1983 296 constantiamque
2008 237 2170 280 nuno

155 323 556 382 conmemoro,
599 323 710 364 nec
757 304 1158 363 sublimitatem
1197 304 1441 361 omnium
1474 320 1749 380 capacem
1794 316 1941 380 quae
1986 304 2166 363 caelo

152 394 541 465 continentur,
592 388 697 449 sed
742 390 1035 467 proprium
1078 390 1339 463 vigorem
1383 386 1861 465 celeritatemque
1907 388 2166 464 quodam

150 478 285 550 igne
315 474 630 534 volucrem.
693 472 955 532 scribere
999 480 1094 530 aut
1125 470 1360 547 legere,
1407 470 1570 529 simul
1604 470 1823 529 dictare
1867 481 1925 529 et
1955 472 2164 531 audire

153 560 379 618 solitum
412 559 776 636 accepimuS,
813 555 1090 634 epistulas
1124 572 1269 613 vero
1307 563 1584 613 tantarum
1626 573 1816 614 rerum
1847 565 2205 632 quaternass

151 645 368 721 pariter
399 642 648 702 librariis
685 641 904 700 dictare
943 639 1094 716 [aut,
1122 640 1169 697 si
1202 638 1338 698 nihil
1372 638 1522 697 aliud
1558 648 1795 714 ageret,
1831 640 2159 717 septenas].

67 737 133 789 92
147 728 296 787 idem
331 726 510 802 signis
549 724 791 784 conlatis
823 724 1241 800 quinquagiens
1275 722 1579 797 dimicavit,
1612 722 1770 781 solus
1801 720 1876 780 Μ.
1910 721 2160 781 Marcel-

150 812 262 871 lum
295 821 723 886 transgressuS,
766 808 860 885 qui
891 806 1428 884 undequadragiens
1462 806 1768 865 dimicavit.
1829 823 1964 865 nam-
1989 823 2160 884 prae·

150 906 239 954 ter
281 894 467 954 civilis
506 894 782 951 victorias
834 885 1146 951 undeciens
1197 899 1439 950 centena
1484 899 1542 949 et
1590 902 1738 950 Xon
1776 904 1829 950 Μ
1871 890 2162 949 hominum

150 980 347 1038 occisa
380 975 621 1054 proeliis
647 974 719 1033 ab
755 992 827 1033 eo
859 981 972 1033 non
1004 974 1270 1051 equidem
1297 976 1353 1032 in
1378 974 1566 1050 gloria
1597 974 1913 1051 posuerim,
1946 982 2223 1032 tantamm

151 1064 320 1121 etiam
365 1068 624 1119 coactam
666 1058 891 1120 humani
933 1059 1169 1136 generis
1212 1059 1500 1132 iniuriam,
1549 1057 1700 1135 quod
1732 1058 1807 1117 ita
1848 1076 1983 1116 esse
2020 1074 2158 1116 con-

149 1146 342 1204 fessus
374 1153 463 1203 est
493 1145 620 1221 ipse
654 1140 939 1203 bellorum
973 1143 1222 1201 civilium
1255 1151 1508 1218 stragem
1546 1158 1658 1200 non
1689 1140 2015 1219 prodendo.

66 1237 135 1289 93
274 1226 443 1306 (26.)
505 1225 714 1285 Iustius
745 1227 1020 1305 Pompeio
1057 1225 1266 1302 Magno
1299 1226 1580 1284 tribuatur
1613 1238 1960 1285 DCCCXLVI
1997 1226 2161 1284 navis

148 1312 346 1389 piratis
393 1312 714 1386 ademisse,
750 1309 1001 1378 ‘Caesari
1042 1311 1339 1389 proprium
1377 1319 1435 1367 et
1481 1309 1782 1386 peculiare
1815 1309 1888 1367 sit
1922 1318 2164 1385 praeter

151 1414 323 1473 supra
371 1395 521 1456 dicta
571 1395 911 1455 clementiae
958 1396 1185 1470 insigne
1232 1412 1344 1471 qua
1395 1411 1578 1471 usque
1633 1392 1701 1452 ad
1750 1394 2163 1470 paenitentiam
2182 1414 2226 1453 15

150 1482 330 1540 omnis
370 1482 683 1558 superavit.
756 1480 907 1538 idem
946 1478 1424 1554 magnanimitatis
1473 1476 1758 1555 perhibuit
1805 1476 2162 1553 exemplum,

64 1572 134 1626 94
151 1565 240 1623 cui
274 1565 575 1642 conparari
605 1580 721 1622 non
744 1563 930 1641 possit
960 1562 1130 1621 aliud.
1185 1561 1520 1639 spectacula
1550 1562 1699 1624 enim
1732 1560 1881 1620 edita
1915 1560 2162 1628 effusas·

148 1665 260 1725 que
296 1665 441 1725 opes
474 1655 570 1706 aut
603 1664 844 1724 operum
879 1645 1358 1721 magnificentiam
1388 1647 1445 1703 in
1479 1645 1588 1705 hac
1618 1654 1783 1723 parte
1816 1661 2163 1703 enumerare

150 1731 411 1790 luxuriae
454 1730 702 1790 faventis
734 1739 842 1789 est.
904 1729 1004 1789 illa
1046 1728 1153 1788 fuit
1195 1746 1334 1787 vera
1371 1738 1429 1787 et
1473 1727 1919 1807 inconparabilis
1962 1728 2164 1787 invicti

148 1809 313 1874 animi
345 1814 695 1890 sublimitaS,
731 1813 914 1891 captis
957 1812 1108 1891 apud
1139 1812 1490 1873 Pharsaliam
1521 1813 1760 1891 Pompei
1790 1809 1979 1889 Magni
2015 1812 2225 1871 scri-ao

147 1900 252 1957 niis
291 1899 660 1976 epistularum
703 1896 1020 1975 iterumque
1055 1898 1205 1975 apud
1252 1897 1541 1975 Thapsum
1584 1895 2158 1975 Scipionisjeoncre-

147 1998 337 2043 masse
372 1999 439 2040 ea
473 1991 711 2059 optuma,
736 1982 850 2041 lide
884 1990 1058 2060 atque
1094 1998 1208 2040 non
1239 1982 1478 2058 legisse.

63 2074 131 2128 95
276 2064 374 2127 262
425 2064 591 2144 (27.)
651 2065 866 2126 Verum
905 2066 975 2125 ad
1020 2066 1200 2125 decus
1242 2066 1444 2143 imperi
1489 2065 1764 2140 Romani,
1815 2081 1929 2124 non
1973 2064 2164 2127 solum

148 2149 216 2208 ad
248 2151 356 2210 viri
389 2150 550 2217 unius
588 2152 840 2229 pertinet
880 2151 1213 2225 victoriam,
1246 2149 1482 2227 Pompei
1521 2148 1713 2225 Magni
1747 2148 1945 2207 titulos
1973 2150 2162 2207 omnis

146 2233 581 2313 triumphosque
613 2234 726 2294 hoe
758 2237 814 2292 in
845 2234 981 2293 loco
1008 2235 1352 2312 nuncupari,
1388 2242 1636 2311 aequato
1668 2250 1782 2291 non
1812 2232 1985 2295 modo
2017 2231 2226 2292 Ale-2³

146 2318 348 2377 xandri
389 2317 580 2394 Magni
623 2337 813 2378 rerum
856 2318 1122 2394 fulgore,
1171 2317 1278 2377 sed
1329 2318 1497 2381 etiam
1539 2316 1805 2377 Herculis
1853 2334 2043 2394 prope
2090 2335 2162 2376 ac

62 2407 130 2462 96
146 2399 337 2460 Liberi
370 2404 567 2479 patriS.
629 2404 800 2479 igitur
842 2402 1042 2462 Sicilia
1077 2410 1457 2479 recuperata,
1495 2401 1644 2459 unde
1688 2401 1928 2479 primum
1972 2400 2168 2461 Sulla:

146 2503 253 2544 nus
296 2487 353 2543 in
397 2486 481 2545 rei
524 2484 796 2564 publicae
852 2503 1024 2546 causa
1083 2487 1355 2544 exoriens
1409 2486 1736 2563 auspicatus
1783 2493 1903 2559 est,
1957 2484 2162 2544 Africa

145 2587 288 2628 vero
320 2579 440 2628 tota
472 2569 707 2630 subacta
752 2579 810 2629 et
840 2571 897 2627 in
938 2570 1224 2629 dicionem
1271 2569 1538 2643 redacta,
1576 2567 1884 2646 Magnique
1927 2569 2159 2627 nomine

146 2653 203 2711 in
237 2653 489 2732 spolium
520 2653 652 2713 inde
689 2662 881 2731 capto,
921 2671 1104 2732 eques
1138 2652 1451 2728 Romanus,
1485 2652 1542 2711 id
1576 2652 1730 2731 quod
1762 2661 1929 2711 antea
1960 2667 2224 2727 nemo,ao
2305 2682 2306 2717 ;

146 2755 314 2796 curru
331 2737 656 2815 triumphali
678 2745 951 2797 revectus
978 2746 1087 2812 est,
1115 2747 1173 2804 et
1202 2739 1388 2797 statim
1414 2736 1486 2797 ad
1507 2736 1651 2795 solis
1677 2752 1958 2799 occasum
1973 2745 2158 2795 trans·

143 2839 416 2897 gressus,
449 2822 714 2881 excitatis
748 2822 803 2879 in
844 2819 1145 2895 Pyrenaeo
1177 2822 1468 2900 tropaeis,
1511 2819 1725 2903 oppida
1755 2831 2180 2901 Bocchum,

145 2904 216 2963 ab
251 2904 500 2983 Alpibus
543 2905 612 2964 ad
659 2905 784 2963 finis
818 2903 1127 2982 Hispaniae
1171 2905 1465 2964 ulterioris
1509 2905 1565 2963 in
1600 2904 1885 2964 dicionem
1915 2904 2160 2984 redacta

144 2988 425 3048 victoriae
475 3005 612 3047 suae
657 2988 971 3066 adscripsit
1005 2997 1063 3047 et
1102 2990 1321 3048 maiore
1367 2988 1552 3048 animo
1601 2988 2158 3063 Sertoriumtaouit,

145 3069 422 3148 belloque
478 3059 664 3147 civili,
722 3072 874 3149 quod
927 3074 1112 3132 omnia
1170 3082 1407 3139 externa
1473 3071 1809 3146 conciebat,
1866 3072 2158 3131 exstincto
2177 3086 2224 3126 35
2305 3094 2306 3097 ¹

144 3154 348 3213 iterum
381 3155 734 3233 triumphalis
767 3174 967 3215 currus
1004 3173 1187 3233 eques
1213 3155 1451 3214 Romam
1475 3154 1713 3231 induxit,
1739 3156 1950 3214 totiens
1975 3155 2157 3233 impe—

63 3244 128 3299 97
148 3245 305 3294 rator
335 3245 465 3295 ante
498 3255 662 3315 quam
705 3239 890 3298 miles.
957 3247 1164 3316 postea
1208 3239 1278 3299 ad
1321 3247 1442 3297 tota
1475 3240 1651 3297 maria
1680 3248 1742 3299 et
1771 3237 1977 3297 deinde
2011 3238 2157 3298 solis

149 3326 307 3377 ortus
339 3320 545 3376 missus
577 3319 685 3379 hos
717 3321 912 3381 retulit
946 3322 1168 3407 patriae,
1199 3321 1394 3380 titulos
1425 3339 1586 3380 more
1619 3323 1799 3380 sacris
1834 3324 2156 3381 certamini-
