2320 3650
627 76 788 125 NAT.
832 78 1013 126 ms‘r.
1051 78 1228 125 v1111.
1268 75 1440 131 3—6.
1480 67 1717 148 (2—5.)
1753 71 1760 84 '
2096 68 2177 131 87

159 229 470 290 varietatis
506 238 565 292 et
593 230 1016 307 magnitudinis,
1056 229 1169 291 nec
1200 233 1510 310 pauciores
1554 235 1611 293 in
1654 235 1964 300 Santonum
2001 234 2176 298 litore

161 315 439 392 interque
469 313 727 391 reliquas
772 314 1118 392 elephantos
1160 325 1219 375 et
1249 318 1463 376 arietes
1502 318 1753 380 candore
1793 328 2007 380 tautum
2039 338 2169 381 cor·

161 397 343 458 nibus
385 398 774 474 adsimulatis,
808 397 1092 459 Nereidas
1124 417 1272 459 vero
1302 401 1530 461 multas.
1579 401 1887 466 Turranius
1918 404 2172 502 prodidit
2197 417 2262 470 11

162 481 476 559 expulsam
516 480 745 541 beluam
786 484 843 540 in
876 481 1153 544 Gaditano
1195 485 1367 544 litore
1403 486 1566 545 cuius
1604 487 1755 546 inter
1797 487 1952 552 duas
1974 489 2176 566 pinnas

111 581 141 624 ι
165 565 403 628 ultimae
435 565 656 625 caudae
689 566 880 626 cubita
919 566 1175 626 sedecim
1208 569 1472 643 fuissent,
1495 570 1699 630 dentes
1733 570 1989 631 eiusdem
2014 584 2176 651 cxx,

162 651 420 710 maxumi
466 649 827 709 dodrantium
869 668 1173 726 mensura,
1234 654 1461 712 minumi
1509 654 1889 732 semipedum.
1958 655 2178 715 Beluae

113 777 118 785 .
162 734 262 792 cni
293 732 596 793 dicebatur
630 735 896 812 exposita
928 734 1109 794 fuisse
1140 735 1510 798 Andromeda
1543 754 1678 797 ossa
1708 737 1930 798 Romae
1967 739 2177 816 adpor-

159 826 287 878 tata
319 833 397 875 ex
427 817 645 894 oppido
674 816 927 879 Iudaeae
963 817 1107 896 Iope
1155 821 1409 881 ostendit
1453 823 1602 881 inter
1645 821 1870 899 reliqua
1905 822 2179 883 miracula

162 902 225 960 in
257 899 555 961 aedilitate
591 919 695 961 sua
725 900 800 961 Μ.
835 903 1088 962 Scaurus
1119 903 1480 980 longitudine
1503 906 1713 983 pedum
1734 919 1851 981 XL,
1885 906 2178 966 altitudine

84 998 144 1042 to
169 993 464 1044 costarum
497 983 728 1045 Indicos
758 971 1105 1064 elephan'tos
1146 988 1506 1065 excedente,
1553 991 1753 1069 spinae
1800 989 2178 1050 crassitudine

164 1068 589 1147 sesquipedali.
1098 1107 1103 1116 -
1927 1107 1934 1114 ·

296 1152 354 1211 6.
392 1153 518 1231 (5.)
565 1152 856 1214 Balaenae
895 1163 956 1213 et
996 1156 1057 1216 in
1082 1164 1279 1218 nostra
1313 1158 1488 1220 maria
1532 1166 1856 1235 penetrant.
1918 1158 1975 1215 in
2004 1154 2174 1217 Gadi·
2198 1166 2263 1219 12

163 1245 304 1297 tano
329 1253 554 1297 oceano
591 1254 705 1296 non
737 1248 867 1298 ante
897 1238 1153 1298 brumam
1179 1241 1440 1317 conspici
1476 1258 1578 1299 eas
1601 1241 1847 1318 tradunt,
1881 1240 2051 1300 condi
2082 1258 2177 1300 au·

164 1329 288 1380 tem
317 1321 484 1380 statis
513 1321 873 1399 temporibus
908 1324 966 1380 in
998 1322 1246 1400 quodam
1276 1325 1400 1382 sinu
1435 1324 1669 1402 placido
1714 1334 1772 1383 et
1806 1325 2008 1402 capaci
2036 1325 2180 1383 mire

94 1420 149 1463 ιε
168 1404 475 1482 gaudentis
510 1405 588 1464 ibi
622 1423 852 1483 parere.
888 1406 1002 1466 hoc
1035 1408 1187 1466 scire
1219 1424 1411 1482 orcas,
1445 1406 1710 1472 infestam
1737 1408 1827 1468 his
1860 1407 2091 1467 beluam
2120 1415 2181 1467 et

172 1490 335 1548 cuius
367 1490 557 1565 imago
604 1490 759 1549 nulla
790 1492 1327 1567 repraesentatione
1369 1492 1615 1570 exprimi
1647 1492 1835 1570 pessit
1864 1492 1978 1551 alia
2012 1508 2180 1568 quam

171 1573 365 1632 carnis
413 1575 708 1636 inmensae
762 1574 1031 1636 dentibus
1079 1576 1464 1636 truculentae.
1549 1577 1870 1653 inrumpunt
1918 1592 2063 1651 ergo
2115 1576 2171 1633 in
2197 1584 2265 1639 13

172 1665 405 1718 secreta
454 1675 526 1716 ac
563 1657 781 1724 vitulos
831 1675 1028 1719 aarum
1062 1668 1180 1718 ›aut-
1221 1653 1375 1719 fetas
1418 1659 1515 1720 vel
1559 1661 1863 1722 etiamnum
1909 1658 2181 1736 gravidas

170 1740 462 1804 lancinant
486 1758 704 1817 morsu,
729 1742 1077 1821 incursuque
1095 1761 1220 1803 -ceu
1243 1742 1675 1806 Liburnicarum
1702 1745 1906 1804 rostris
1935 1742 2177 1804 fodiunt.

98 1824 311 1887 nomae
340 1825 414 1885 ad
446 1823 657 1887 flexum
680 1827 1006 1903 inmobiles,
1034 1828 1105 1889 ad
1128 1830 1563 1907 repugnandum
1585 1830 1804 1889 inertes
1831 1838 1889 1895 et
1909 1827 2180 1906 pondere

170 1926 275 1971 sno
308 1918 607 1985 oneratae,
638 1919 777 1970 tuuc
808 1912 1038 1990 quidem
1071 1921 1130 1972 et
1157 1922 1329 1973 utero
1359 1931 1576 1990 graves
1605 1913 1940 1991 pariendive
1970 1913 2180 1990 poenis

170 1993 480 2068 invalidae,
515 1994 701 2054 solum
757 1996 1028 2061 auxilium
1068 2013 1290 2061 novere
1337 1999 1394 2059 in
1439 1998 1612 2057 altum
1625 2032 1636 2053 -.
1665 1998 1984 2075 profugere
2025 2005 2181 2063 etse

170 2086 301 2139 toto.
327 2077 647 2139 defendere
678 2095 923 2140 oceano.
992 2089 1193 2139 contra
1223 2097 1403 2140 orcae
1440 2098 1755 2141 occurrere
1791 2080 2057 2165 laborant
2087 2097 2180 2151 se·

174 2178 360 2238 seque
394 2178 699 2239 opponere
736 2171 795 2221 et
827 2172 1101 2222 caveatas
1148 2165 1428 2239 angustiis
1457 2165 1769 2240 trucidare,
1815 2166 1872 2222 in
1916 2161 2065 2225 vada
2087 2179 2181 2221 ur·

96 2260 390 2321 raguere,
443 2246 600 2305 saxis
643 2245 906 2306 inlidere.
971 2253 1310 2324 spectantur
1355 2264 1425 2305 ea
1467 2248 1694 2326 proelia
1747 2248 2035 2306 ceu·mari
2067 2246 2183 2324 ipsi

172 2328 280 2390 sibi
317 2330 499 2405 irato,
542 2329 717 2389 nullis
760 2331 817 2388 in
858 2332 984 2389 sinu
1028 2331 1250 2407 ventis,
1301 2329 1569 2391 fluctibus
1607 2348 1757 2391 -vero
1793 2330 1863 2391 ad
1896 2328 2181 2393 anhelitus

169 2414 441 2489 ictusque
487 2420 731 2490 quantos
776 2414 917 2473 nulli
963 2412 1223 2473 turbines
1266 2413 1526 2473 volvont.
1608 2430 1746 2475 orca
1799 2421 1857 2472 et
1900 2415 1959 2473 in
2000 2422 2173 2491 portu
2196 2421 2267 2477 14

172 2494 585 2557 ostiensixm
619 2507 710 2556 est
738 2506 1075 2575 oppugnata
1101 2515 1136 2557 a
1170 2494 1414 2559 Claudio
1448 2498 1732 2575 principe.
1793 2506 2039 2559 venerat
2064 2506 2184 2561 tum

174 2580 600 2653 oraedfficante
618 2598 704 2640 eo
733 2591 964 2660 portum
995 2582 1228 2641 invitata
1249 2580 1567 2657 naufragiis
1588 2591 1883 2658 tergorum
1909 2580 2181 2641 advecto·

92 2676 156 2723 ao
174 2681 301 2723 rum
316 2682 354 2722 e
391 2663 599 2741 Gallia,
631 2667 963 2742 satiansque
991 2684 1055 2724 se
1090 2683 1198 2743 per
1223 2665 1519 2742 conpluris
1547 2665 1675 2727 dies
1699 2666 1969 2726 alveum
1952 2683 2009 2723 ιιι
2030 2660 2181 2723 vado

175 2747 504 2807 sulcaverat
535 2749 868 2809 attumulata
899 2748 1169 2817 fluctibus
1214 2750 1272 2807 in
1314 2758 1529 2810 tantum
1575 2759 1637 2811 ut
1678 2749 1990 2833 circumagi
2021 2745 2180 2806 nullo

175 2829 347 2889 modo
379 2840 584 2909 posset
614 2841 708 2909 et,
745 2832 883 2893 dum
918 2834 1175 2909 saginam
1205 2835 1614 2913 persequitur,
1660 2835 1717 2892 in
1752 2822 1886 2893 li'tus
1917 2829 2184 2901 fluctibus

175 2914 454 3013 propnssa
499 2917 780 2976 emineret
821 2918 998 2977 dorso
1038 2915 1274 2976 multum
1329 2935 1505 2996 snpra
1549 2933 1730 2994 aquas
1771 2916 2003 2979 carinae
2051 2915 2184 2973 vice

174 2999 464 3059 inversae.
517 3001 822 3077 praetendi
851 3002 1019 3060 iussit
1051 2998 1272 3061 Caesar
1299 3001 1509 3079 plagas
1537 2999 1872 3079 multiplicis
1900 2999 2051 3060 inter
2075 3015 2188 3057 ora·
2203 3007 2268 3060 15

102 3091 408 3160 aspertus,
467 3083 884 3163 profectusque
932 3086 1059 3162 ipse
1112 3102 1240 3144 cum
1282 3086 1667 3164 praetorianis
1712 3082 2050 3145 cohortibus
2079 3098 2184 3160 po-

176 3165 317 3243 pulo
367 3165 629 3227 Romano
671 3165 1068 3247 spectaculum
1109 3169 1378 3247 praebuit
1411 3169 1648 3231 lanceas
1688 3176 2047 3246 congerente
2081 3166 2184 3225 mi-

175 3249 278 3309 lite
308 3268 343 3308 e
369 3251 615 3328 navigiis
646 3252 1083 3330 adsultantibus,
1127 3270 1369 3332 quorum
1399 3269 1566 3319 anum
1603 3254 1787 3331 mergi
1819 3251 2062 3351 vidimus
2090 3268 2184 3313 re-

177 3331 314 3395 flatu
343 3332 567 3395 beluae
589 3335 891 3414 oppletum
921 3337 1091 3399 unda.
