2320 3650
171 98 174 105 ’
194 71 314 135 224
923 85 985 137 o.
1007 87 1200 137 rum
1223 86 1523 139 saeuum

188 243 337 300 inter
372 256 436 300 se
473 248 804 316 conmeant,
848 240 984 303 hinc
1017 240 1308 303 Nomades
1346 250 1406 303 et
1438 240 1813 304 Sauromatae
1848 242 2043 306 multis
2087 264 2207 308 no-

188 323 467 401 minibus,
511 324 672 386 illinc
709 324 950 386 Abzoae
983 342 1097 386 non
1129 324 1542 404 paucioribus:
1588 326 1662 388 ab
1711 328 1943 388 introitu
1979 329 2208 393 dextra

188 423 520 468 mucronem
562 409 748 488 ipsum
801 408 1050 470 faucium
1090 418 1289 473 tenent
1327 410 1498 485 Udini
1528 410 1870 486 Scytharum
1904 414 2202 492 populus.

191 491 325 553 dein
353 509 461 570 per
496 509 654 552 oram
676 492 919 569 Albani,
953 502 1017 554 ut
1050 493 1276 570 ferunt,
1309 493 1384 559 ab
1406 492 1632 559 Iasone
1653 495 1833 572 creti,
1874 504 2006 564 ante
2031 514 2206 576 quos
2243 499 2248 505 ’

104 583 174 638 39
195 575 350 655 quod
391 592 549 637 mare
594 585 688 637 est
727 576 1012 637 Albanum
1053 579 1389 643 nominatur.
1474 577 1636 641 Haec
1677 596 1825 654 gens
1867 581 2197 659 superfusa
2221 608 2247 647 ⁵

188 659 472 723 montibus
507 658 804 721 Caucasiis
849 658 921 721 ad
959 657 1171 736 Cyrum
1204 678 1461 738 amnem,
1487 684 1490 687 ’
1514 661 1826 724 Armeniae
1878 663 2204 726 confinium

125 759 173 795 ²⁹
196 752 368 822 atque
392 743 656 820 Iberiae,
682 742 1019 820 descendit,
1043 754 1104 805 ut
1126 745 1336 808 dictum
1358 754 1467 806 est.
1539 746 1728 824 Supra
1747 748 2027 809 maritima
2058 749 2201 810 eius

187 826 617 908 Udinorumque
650 835 883 904 gentem
907 829 1235 907 Sarmatae,
1270 828 1561 905 Utidorsi,
1598 828 1881 893 Aroteres
1911 840 2198 910 praeten-

124 929 172 964 sa
193 911 430 986 duntur,
473 928 717 990 quorum
760 929 794 972 a
836 920 1013 989 tergo
1041 912 1325 974 indicatae
1362 913 1473 974 iam
1509 912 1835 974 Amazones
1875 923 1935 975 et
1968 916 2195 981 Sauro·

185 993 446 1054 matides.
533 994 797 1055 Flumina
826 1013 936 1073 per
955 995 1260 1057 Albaniam
1284 996 1602 1057 decurrunt
1627 998 1685 1059 in
1720 1014 1880 1059 mare
1904 997 2095 1061 Casus
2132 1009 2197 1060 et
2216 1018 2264 1062 ιο

185 1077 480 1154 AlbanuS,
527 1078 661 1138 dein
695 1077 1014 1155 Cambyses
1049 1081 1108 1139 in
1144 1079 1442 1143 Caucasiis
1475 1089 1637 1141 ortus
1670 1081 1993 1160 montibus,
2043 1100 2194 1143 mox

123 1180 174 1215 2⁶
201 1159 387 1236 Cyrus
436 1163 492 1221 in
544 1160 878 1239 Coraxicis,
942 1172 1005 1224 ut
1048 1164 1311 1225 diximus.
1417 1163 1592 1226 Oram
1652 1180 1878 1226 omnem
1938 1183 1973 1226 a
2024 1165 2191 1227 Caso

187 1245 461 1325 praealtis
513 1246 753 1325 rupibus
806 1258 1050 1309 accessu
1098 1265 1301 1310 carere
1346 1265 1454 1327 per
1501 1246 1870 1309 CCCCXXV
1913 1248 1975 1309 Μ
2016 1268 2186 1328 pass.

187 1339 390 1390 auctor
433 1338 522 1391 est
567 1330 852 1411 Agrippa.
943 1331 998 1391 A
1034 1329 1191 1408 Cyro
1227 1330 1501 1410 Caspium
1535 1350 1693 1392 mare
1724 1334 1925 1397 vocari
1953 1334 2184 1413 incipit.

101 1421 172 1475 40
195 1413 463 1474 adcolunt
486 1412 701 1494 Caspii.
755 1413 1147 1492 Corrigendus
1186 1425 1275 1477 est
1299 1417 1356 1477 in
1376 1415 1649 1478 hocloco
1682 1433 1847 1477 error
1874 1416 2189 1481 multorum
2209 1438 2258 1480 ιτ»

102 1500 107 1503 ’
160 1500 356 1558 etiam
385 1499 480 1577 qui
521 1499 579 1559 in
608 1500 880 1559 Armenia
915 1517 1014 1559 res
1055 1517 1336 1579 proxume
1376 1518 1504 1560 cum
1539 1498 1872 1562 Corbulone
1905 1519 2182 1578 gessere.

185 1598 429 1661 namque
454 1582 512 1643 hi
536 1581 780 1662 Caspias
806 1582 1182 1662 appellavere
1220 1592 1419 1662 portas
1442 1582 1672 1644 Iberiae
1695 1601 1838 1662 quas
1865 1583 2184 1647 Caucasias

123 1685 172 1720 ao
192 1667 433 1727 diximus
465 1669 698 1742 vocari,
741 1667 1001 1743 situsque
1026 1665 1242 1745 depicti
1268 1677 1330 1727 et
1362 1667 1495 1730 inde
1530 1668 1689 1731 missi
1723 1668 1838 1729 hoc
1857 1686 2069 1731 nomen
2096 1671 2181 1729 in—

188 1751 460 1830 scriptum
495 1750 725 1811 habent.
796 1758 854 1809 et
876 1748 1125 1810 Neronis
1155 1752 1431 1831 principis
1461 1752 1805 1811 conminatio
1836 1753 1909 1814 ad
1934 1751 2182 1831 Caspias

189 1843 388 1913 portas
420 1834 659 1895 tendere
681 1832 998 1909 dicebatur,
1040 1852 1168 1895 cum
1192 1843 1422 1914 peteret
1439 1836 1585 1896 ‘illas
1611 1853 1761 1915 quae
1799 1854 1910 1915 per
1928 1836 2177 1898 Iberiam
2199 1855 2256 1896 20

68 1931 69 1934 ’
185 1919 243 1978 in
276 1918 565 1978 Sarmatas
594 1918 860 1994 tendunt,
893 1919 991 1978 vix
1014 1918 1135 1978 ullo
1167 1927 1412 1998 propter
1438 1922 1745 1998 oppositos
1778 1921 1989 1981 montis
2021 1920 2180 1982 aditu

186 2001 260 2061 ad
287 2000 554 2080 Caspium
589 2019 769 2062 mare.
843 2009 974 2061 sunt
996 2011 1185 2065 autem
1208 2002 1356 2064 aliae
1383 2001 1609 2081 Caspiis
1632 2003 1902 2080 gentibus
1924 2004 2177 2080 iunctae,

188 2086 341 2163 quod
387 2086 648 2163 dignosci
706 2102 820 2145 non
869 2094 1067 2165 potest
1123 2087 1233 2147 nisi
1304 2087 1573 2148 comitatu
1618 2103 1811 2149 rerum
1858 2087 2179 2150 Alexandri

185 2167 278 2230 Ma
322 2170 398 2229 ni.
520 2169 529 2178 '

103 2263 170 2316 41
281 2188 321 2247 g
365 2252 532 2332 (16.)
605 2252 864 2333 Namque
883 2254 1192 2315 Persarum
1224 2271 1431 2332 regna,
1473 2272 1622 2334 quae
1666 2273 1818 2316 nunc
1843 2252 2176 2316 Parthorum
2190 2268 2248 2311 25

187 2337 609 2414 intellegimus,
641 2338 792 2398 inter
813 2338 926 2398 duo
950 2340 1125 2399 maria
1152 2337 1448 2400 Persicum
1476 2347 1537 2398 et
1561 2338 1907 2414 Hyrcanium
1930 2336 2176 2399 Caucasi

184 2422 337 2498 iugis
362 2415 711 2481 attolluntur.
761 2422 1044 2502 utrimque
1078 2440 1185 2501 per
1203 2422 1432 2484 devexa
1458 2422 1699 2484 laterum
1723 2422 2030 2483 Armeniae
2057 2439 2175 2483 ma-

185 2506 296 2565 iori
322 2523 355 2567 a
387 2504 592 2565 frontis
616 2514 781 2584 parte
814 2523 963 2584 quae
985 2508 1175 2582 vergit
1209 2508 1266 2566 in
1291 2504 2043 2584 CommagenenCephenia
2062 2550 2079 2581 ,
2112 2515 2175 2566 ut

126 2606 174 2641 20
196 2588 458 2665 diximus,
489 2588 811 2667 copulatur,
844 2590 1013 2669 eique
1040 2587 1340 2651 Adiabene
1363 2590 1733 2665 Assyriorum
1757 2589 2174 2665 initium,cuius

191 2691 326 2752 pars
363 2682 452 2732 est
469 2670 758 2732 ‘Arbelitis
791 2671 888 2732 ubi
909 2672 1144 2734 Darium
1168 2674 1505 2735 Alexander
1544 2672 1859 2735 debellavit
1894 2690 2240 2753 proxumeso

104 2766 173 2819 42
198 2756 421 2832 Syriae.
489 2753 692 2817 Totam
722 2755 1223 2818 eamMacedones
1242 2756 1607 2835 Mygdoniam
1629 2757 2174 2835 cognominaverunt

189 2860 222 2901 a
279 2839 660 2902 similitudine.
758 2841 974 2918 oppida
1031 2841 1415 2917 Alexandria,
1472 2842 1609 2902 item
1653 2840 1960 2901 Antiochia
2007 2857 2171 2918 quam

188 2923 447 2984 Nesebin
479 2931 709 2984 vocant.
778 2922 944 2987 abest
975 2924 1048 2984 ab
1070 2924 1363 2985 Artaxatis
1391 2923 1591 2985 DCCL
1619 2924 1679 2985 Μ
1716 2941 2006 3003 passuum.
2068 2923 2171 2984 fuit

188 3018 248 3068 et
268 3007 447 3067 Ninus
481 3006 730 3086 inposita
753 3006 913 3085 Tigri
952 3008 1025 3068 ad
1055 3008 1197 3067 solis
1230 3025 1500 3068 occasum
1538 3018 1844 3087 spectanS,
1892 3006 2171 3087 quondam

189 3092 526 3151 clarissima.
593 3090 817 3169 reliqua
838 3108 982 3151 vero
1006 3091 1197 3151 fronte
1212 3135 1229 3166 ,
1261 3110 1375 3170 qua
1398 3092 1580 3152 tendit
1601 3091 1674 3152 ad
1703 3089 1972 3170 Caspium
1982 3107 2167 3167 mare,
2186 3112 2236 3156 ss

192 3174 550 3251 Atropatene
585 3174 658 3237 ab
683 3174 991 3235 Armeniae
1015 3173 1202 3236 Otene
1234 3176 1476 3251 regione
1498 3176 1747 3236 discreta
1774 3175 1989 3235 Araxe.
2068 3190 2165 3253 op-

190 3257 383 3335 pidum
407 3258 529 3317 eius
553 3257 765 3334 Gazae,
789 3259 861 3320 ab
878 3258 1172 3319 Artaxatis
1185 3256 1427 3318 CCCCL
1450 3258 1509 3320 Μ
1532 3277 1819 3337 passuum,
1843 3259 2076 3320 totidem
2098 3257 2165 3319 ab
2197 3301 2200 3306 -

192 3339 501 3403 Ecbatanis
528 3338 824 3404 Medorum
843 3387 860 3417 ,
902 3347 1143 3420 quorum
1167 3359 1301 3421 pars
1331 3350 1461 3405 sunt
1489 3342 1845 3422 Atrapateni.
1987 3359 1992 3368 ’
