2320 3650
663 114 824 164 ΝΑΤ.
854 114 1036 163 ms'r.
1067 115 1132 163 V.
1170 115 1221 165 1.
1257 100 1364 185 (1.)
1644 64 1655 75 .
1752 110 1766 121 ·
1985 101 2100 165 185
2213 78 2225 87 ⁶

113 269 319 343 Darat,
387 267 445 326 in
499 282 614 345 quo
686 267 1019 327 crocodilos
1081 268 1261 345 gigni.
1336 269 1476 328 dein
1540 269 1720 328 sinum
1767 265 2008 329 DCXVI
2050 268 2189 330 Mlo

113 369 261 430 pass.
299 351 517 410 includi
546 351 754 409 montis
788 349 1008 410 Barcae
1037 353 1436 429 promontorio
1468 361 1814 412 excurrente
1845 354 1902 410 in
1932 369 2101 412 occa·

113 453 260 511 sum,
315 434 475 513 quod
532 432 866 511 appelletur
910 435 1286 494 Surrentium.
1343 444 1553 513 postea
1602 436 1809 495 flumen
1853 437 2101 511 Salsum,

110 518 250 579 ultra
294 517 456 596 quod
488 516 813 595 Aethiopas
858 516 1172 593 Perorsos,
1220 536 1465 597 quorum
1502 537 1534 578 a
1568 529 1736 595 tergo
1771 518 2100 578 PharusiOS.

79 601 198 660 shis
225 601 387 677 iungi
421 602 479 659 in
522 600 948 659 mediterraneo
981 600 1258 661 Gaetulos
1289 601 1508 675 DaraS,
1555 610 1612 661 at
1643 604 1697 660 in
1731 619 1831 661 ora
1863 602 2101 661 Aethio-

111 702 211 763 pas
251 683 582 758 Darat'itas,
628 682 838 742 flumen
865 683 1198 744 Bambotum
1230 685 1549 745 crocodilis
1583 694 1640 744 et
1673 685 2103 763 hippopotamis

109 768 405 828 refertum.
491 767 563 826 ab
620 783 691 825 eo
741 769 947 826 montis
996 778 1351 846 perpetuos·
1387 786 1571 846 usque
1624 768 1697 827 ad
1749 786 1878 828 eum
1933 785 2102 846 quem

110 851 308 911 Theon
362 849 607 912 ochema
654 849 930 909 dicemus..
984 851 1116 910 inde
1162 852 1232 911 ad
1279 853 1728 929 promontorium
1776 850 2186 929 Hesperum&⁷

108 934 478 1010 navigatione
508 933 725 992 dierum
760 950 830 991 ac
864 935 1114 993 noctium
1147 932 1220 992 X.
1263 936 1320 993 in
1350 935 1540 995 medio
1579 951 1651 994 eo
1685 936 1872 1012 spatio
1904 934 2100 993 Atlan-
2187 973 2194 981 -

50 1017 472 1078 ffltemlocavit
525 1017 742 1076 ceteris
785 1016 1045 1075 omnibus
1078 1018 1134 1074 in
1168 1020 1440 1077 extremis
1472 1017 1862 1082 Mauretaniae
1908 1017 2101 1096 prodi-

107 1112 242 1162 tum.
316 1099 579 1159 Romana
623 1115 776 1159 arma
811 1101 1050 1177 primum
1083 1097 1325 1160 Claudio
1356 1102 1619 1180 principe
1664 1103 1720 1161 in
1751 1100 2104 1161 Mauretania
2119 1112 2184 1165 11

107 1184 410 1244 bellavere
451 1183 844 1243 Ptolemaeum
883 1202 1086 1260 regem
1126 1201 1158 1242 a
1202 1183 1344 1244 Gaio
1392 1182 1647 1244 Caesare
1698 1186 2102 1262 interemptum

108 1268 432 1331 ulciscente
466 1266 676 1326 liberto
709 1266 1072 1343 Aedemone,
1105 1266 1639 1347 refugientibusque
1672 1268 1933 1328 barbaris
1963 1286 2100 1326 ven-

107 1361 221 1411 tum
252 1358 483 1410 constat
512 1350 585 1409 ad
613 1358 860 1409 montem
888 1350 1198 1410 Atlantem.
1262 1369 1374 1410 nec
1406 1353 1600 1411 solum
1632 1351 1929 1411 consulatu
1968 1369 2101 1429 per-

51 1436 321 1495 ¹⁵functis
375 1442 553 1510 atque
609 1451 643 1491 e
698 1428 898 1492 senatu
950 1434 1191 1493 ducibus
1246 1436 1344 1513 qui
1397 1440 1512 1493 tum
1556 1452 1652 1494 res
1708 1452 1953 1511 gessere
1998 1434 2103 1492 sed

114 1517 400 1597 equitibus
438 1532 670 1595 quoque
702 1516 973 1576 Romanis
1007 1520 1102 1615 qui
1119 1536 1208 1576 ex
1254 1535 1327 1577 eo
1362 1517 1672 1596 praefuere
1704 1517 1782 1576 ibi
1814 1516 2103 1576 Atlantem

113 1608 457 1681 penetrasse
488 1601 546 1657 in
574 1599 762 1676 gloria
793 1600 914 1659 fuit.
950 1603 1199 1680 quinque
1233 1610 1361 1660 sunt
1384 1602 1478 1678 (ut
1507 1601 1782 1679 diximus)
1810 1600 2101 1659 Romanae
2123 1611 2188 1662 12

115 1685 381 1746 coloniae
431 1684 488 1742 in
531 1700 600 1742 ea
642 1684 969 1761 provincia,
1018 1686 1394 1763 perviumque
1437 1685 1622 1744 famae
1667 1685 1852 1743 videri
1886 1683 2187 1767 potesta}

117 1768 219 1829 sed
256 1768 316 1828 id
363 1767 705 1847 plerumque
738 1767 1168 1828 fallacissimum
1200 1769 1600 1847 experimento
1632 1767 2101 1846 deprehenditur,

51 1855 243 1931 wquia
274 1852 618 1928 dignitateS,
672 1870 797 1911 cum
842 1852 1116 1928 indagare
1151 1871 1293 1912 vera
1335 1854 1561 1931 pigeat,
1610 1853 1968 1928 ignorantiae
2001 1870 2102 1929 pu-

16 1969 35 1990 .
116 1936 253 1995 dore
284 1935 514 1994 mentiri
544 1952 658 1993 non
690 1937 883 2012 piget,
928 1935 1062 1995 haut
1104 1936 1219 1996 alio
1259 1937 1393 1996 fidei
1435 1937 1709 2014 proniore
1743 1935 1907 2013 lapsu
1938 1952 2106 2012 quam

117 2018 210 2079 ubi
242 2019 435 2078 falsae
478 2019 565 2076 rei
607 2020 801 2093 gravis
842 2026 1043 2077 auctor
1090 2019 1334 2077 exsistit.
1399 2020 1665 2097 equidem
1706 2020 1890 2077 minus
1932 2019 2107 2075 miror

116 2102 460 2180 inconperta
492 2101 775 2178 quaedam
807 2118 943 2160 esse
974 2104 1263 2179 equestris
1293 2101 1509 2162 ordinis
1538 2104 1697 2178 viris,
1730 2103 1842 2162 iam
1871 2117 2015 2159 vero
2049 2108 2108 2157 et

119 2195 375 2245 senatum
406 2183 540 2243 iude
572 2183 939 2259 intrantibus,
979 2202 1145 2261 quam
1181 2185 1476 2261 luxuriae,
1511 2186 1672 2244 cuius
1705 2185 2106 2243 efficacissima

53 2270 204 2332 παῖε
241 2269 493 2328 sentitur
536 2274 708 2344 atque
753 2285 1045 2341 maxuma,
1094 2285 1222 2326 cum
1265 2266 1431 2326 ebori
1478 2270 1624 2327 citro
1670 2268 1853 2326 silvae
1906 2267 2104 2343 exqui-

118 2360 344 2426 rantur,
415 2366 616 2409 omnes
668 2350 894 2428 scopuli
949 2349 1173 2410 Gaetuli
1228 2350 1535 2410 muricibus
1588 2352 1876 2429 purpuris.
1957 2348 2103 2409 Indi·
2127 2355 2191 2409 13

117 2453 308 2511 genae
354 2443 545 2493 tamen
587 2432 814 2492 tradunt
854 2433 912 2492 in
946 2449 1048 2492 ora
1087 2432 1158 2492 ab
1191 2433 1350 2493 Salat
1386 2432 1477 2494 CL
1506 2433 1564 2492 M
1596 2451 1868 2512 passuum
1899 2432 2108 2491 flumen

120 2517 369 2578 Asanam
415 2517 631 2575 marino
683 2516 888 2576 haustu
931 2515 1037 2575 sed
1078 2526 1249 2594 portu
1291 2517 1650 2594 spectabile,
1707 2534 1843 2575 mox
1889 2533 2109 2575 amnem
2182 2559 2189 2564 .

123 2619 293 2686 quem
332 2607 548 2658 vocant
590 2597 730 2674 Fut,
782 2599 852 2658 ab
892 2609 986 2658 eo
1012 2599 1083 2658 ad
1128 2598 1327 2672 Dyrim
1371 2600 1516 2678 (hoc
1563 2603 1711 2659 enim
1752 2599 1965 2658 Atlanti
2004 2615 2106 2657 no-

57 2698 278 2757 somn,
328 2691 389 2742 et
422 2700 555 2741 esse
589 2699 787 2741 eorum
799 2680 1018 2758 lingua
1061 2684 1362 2761 convenit)
1403 2679 1499 2742 CC
1541 2682 1598 2742 M
1629 2700 1897 2761 passuum
1935 2683 2107 2739 inter-

121 2768 389 2828 veniente
420 2765 650 2825 flumine
685 2766 774 2824 cui
809 2783 1026 2824 nomen
1050 2775 1139 2824 est
1170 2765 1473 2825 lvor.1bi
1502 2766 1650 2826 fama
1684 2774 1914 2824 exstare
1952 2766 2108 2823 circa

117 2849 363 2926 vestigia
392 2848 627 2908 habitati
662 2847 944 2926 quondam
975 2848 1119 2923 soli,
1163 2850 1458 2908 vinearum
1487 2849 1983 2925 palmetorumque
2014 2864 2105 2905 re·

117 2931 344 3013 liquias.
405 2932 715 2992 Suetonius
745 2931 1031 3006 PaulinuS,
1067 2950 1238 3009 quem
1267 2930 1565 2991 consulem
1593 2932 1857 3004 vidimuS,
1890 2931 2105 3007 primus
2128 2937 2193 2989 14

118 3013 507 3076 Romanorum
558 3015 765 3074 ducum
795 3023 1213 3090 ¹transgressus
1270 3031 1502 3092 quoque
1548 3014 1837 3074 Atlantem
1891 3013 2108 3091 aliquot

54 3099 332 3159 asmilium
373 3098 564 3177 spatio
613 3097 864 3175 prodidit
908 3098 979 3157 de
1030 3099 1373 3158 excelsitate
1406 3098 1635 3174 quidem
1668 3099 1792 3156 eius
1829 3114 1976 3174 quae
2008 3114 2106 3156 ce-

119 3183 266 3257 teri,
309 3183 453 3241 imas
494 3181 724 3254 radices
766 3179 959 3239 densis
1002 3180 1248 3258 altisque
1295 3181 1557 3258 repletas
1606 3180 1767 3239 silvis
1812 3180 2106 3256 incognito

118 3282 340 3342 genere
382 3264 686 3338 arborum,
735 3264 1145 3340 proceritatem
1196 3262 1578 3340 spectabilem
1634 3282 1769 3323 esse
1813 3263 1984 3323 enodi
2024 3264 2106 3320 ni-

119 3356 282 3428 tore,
319 3348 550 3410 frondis
595 3348 858 3427 cupressi
888 3346 1087 3406 similis
1125 3354 1535 3425 praeterquam
1567 3349 1850 3425 gravitate
1885 3345 2104 3419 odoris,
