2320 3650
8 3172 12 3201 l

227 85 309 152 80
996 98 1190 146 rum
1220 97 1515 147 snctmm

230 256 460 331 ardens,
494 263 699 333 postea
729 252 976 328 radians,
1008 252 1098 312 his
1129 253 1321 313 causis
1354 254 1733 315 conexorvisu
1761 264 1822 315 et
1845 273 2052 316 earum
2078 276 2256 337 quae

146 348 221 403 80
233 340 398 401 caelo
452 341 826 398 continentur.
884 354 1128 415 namque
1178 337 1351 397 modo
1403 337 1699 399 multitudo
1757 340 2029 404 conferta
2079 343 2255 402 inest

233 425 390 484 circa
426 422 691 484 dimidios
721 420 882 480 orbis
918 420 1119 496 lunae,
1166 420 1396 498 placida
1427 431 1598 483 nocte
1633 422 1845 484 leniter
1878 424 2252 486 inlustrante

232 526 356 583 eas,
382 508 551 567 modo
580 506 803 579 raritas,
836 514 896 564 ut
916 504 1136 583 fugisse
1159 505 1447 580 miremur,
1475 505 1789 585 plenilunio
1817 507 2254 570 abscondente

232 600 326 651 aut
356 610 483 651 cum
516 590 657 650 solis
689 606 939 667 suprave
975 589 1252 649 dictarum
1290 590 1441 649 radii
1473 591 1634 649 visus
1682 591 2096 668 perstrinxere
2135 611 2251 653 no·
2278 620 2303 658 5

201 686 403 754 Astros.
465 684 522 735 et
564 676 690 752 ipsa
737 682 927 732 autem
967 672 1099 733 luna
1145 674 1524 749 ingruentium
1569 673 1714 734 solis
1754 675 2054 736 radiorum
2096 676 2255 738 baut

227 758 407 821 'dubie
448 758 802 819 differentias
852 758 1053 831 sentit,
1108 755 1419 817 hebetante
1469 766 1670 818 cetero
1723 757 1976 819 inflexos
2033 761 2253 821 mundi

231 845 598 905 convexitate
629 857 737 900 eos
775 849 1182 918 praeterquam
1213 840 1308 900 ubi
1340 842 1490 902 recti
1530 841 1871 919 angulorum
1908 853 2253 923 conpetant

229 931 397 989 ictus.
432 928 626 1004 itaque
655 926 711 983 in
742 924 1018 1002 quadrato
1051 925 1193 984 solis
1224 924 1450 986 divIdua
1482 935 1592 1002 est,
1624 928 1681 985 in
1701 927 1988 1005 triquetro
2017 929 2250 987 semin·

232 1014 324 1073 ani
355 1009 596 1071 ambitur
624 1007 801 1081 orbe,
855 1007 1104 1086 inpletur
1132 1017 1320 1068 autem
1353 1011 1408 1068 in
1439 1011 1721 1085 adverso,
1760 1029 2096 1092 rursusque
2134 1013 2249 1073 mi-
2272 1031 2319 1072 ιο

231 1113 415 1157 nuens
447 1092 681 1153 easdem
711 1091 939 1168 efligies
974 1092 1211 1170 paribus
1243 1093 1360 1153 edit
1392 1094 1745 1170 intervallis,
1796 1095 1967 1155 simili
1999 1096 2247 1156 ratione
2280 1089 2307 1120 '

234 1199 345 1260 qua
380 1195 552 1255 supra
582 1175 766 1238 solem
795 1177 901 1234 tria
932 1175 1143 1235 sidera.

148 1265 219 1320 81
343 1262 459 1323 19.
494 1262 660 1341 (17.)
695 1258 797 1319 Sol
825 1268 1012 1319 autem
1042 1260 1172 1338 ipse
1203 1270 1470 1338 quattuor
1500 1255 1856 1322 differentias
1888 1260 2106 1337 habet,
2147 1262 2249 1323 bis

232 1356 477 1427 aequata
510 1354 681 1404 nocte
716 1344 863 1419 diei,
908 1353 1088 1404 verno
1121 1352 1180 1403 et
1222 1353 1520 1420 autumno,
1571 1347 1629 1405 in
1670 1355 1931 1407 centrum
1960 1346 2247 1407 incidens

230 1442 423 1493 terrae
475 1430 695 1489 octavis
737 1429 795 1486 in
832 1427 1089 1505 partibus
1136 1428 1334 1489 arietis
1373 1447 1446 1489 ao
1483 1429 1703 1506 librae,
1750 1429 1843 1490 bis
1887 1433 2248 1508 permutatis
2266 1448 2313 1488 1⁵

233 1517 452 1595 spatiiS,
484 1516 540 1572 in
563 1521 788 1573 auctum
818 1512 934 1572 diei
963 1510 1182 1586 bruma,
1217 1520 1422 1574 octava
1452 1513 1508 1572 in
1541 1522 1703 1592 parte
1737 1514 2095 1591 capricorni,
2133 1532 2242 1574 no-

234 1601 344 1661 ctis
373 1616 515 1657 vero
547 1597 826 1671 solstitio,
871 1595 1107 1656 totidem
1137 1596 1194 1653 in
1229 1596 1487 1674 partibus
1521 1599 1731 1658 cancri.
1792 1596 2246 1675 Inaequalitatis

234 1701 408 1745 causa
439 1682 748 1759 obliquitas
779 1679 1068 1756 signiferi,
1107 1697 1235 1739 cum
1267 1697 1402 1757 pars
1431 1699 1618 1759 aequa
1646 1682 1838 1742 mundi
1878 1698 2064 1759 super
2098 1682 2243 1741 sub-

231 1779 435 1847 terque
468 1775 652 1824 terras
677 1763 936 1823 omnibus
965 1764 1059 1822 fiat
1089 1765 1409 1824 momentis.
1445 1766 1551 1825 sed
1576 1784 1723 1845 quae
1748 1775 1913 1827 recta
1936 1767 1993 1824 in
2020 1774 2245 1833 exortu

233 1869 339 1911 suo
371 1859 720 1926 consurgunt
750 1850 913 1924 signa
936 1849 1199 1924 longiore
1232 1857 1414 1908 tractu
1437 1859 1633 1911 tenent
1656 1851 1866 1926 lucem,
1904 1869 2063 1930 quae
2084 1868 2242 1910 vero
2260 1870 2309 1911 20

233 1935 478 2012 obliqua¹
502 1934 702 1992 ociore
733 1941 1029 1991 transeunt
1058 1933 1265 2011 spatio.

147 2024 216 2079 82
357 2018 455 2077 20.
496 2015 661 2095 (18.)
693 2016 854 2076 Latet
886 2016 1203 2095 plerosque
1236 2034 1442 2093 magna
1474 2016 1625 2077 caeli
1654 2017 2057 2079 adsectatione
2091 2036 2240 2080 con·

231 2111 457 2182 pertum
479 2119 511 2161 a
536 2100 887 2179 principibus
913 2102 1208 2162 doctrinae
1233 2102 1372 2160 viris
1394 2101 1757 2178 superiorum
1778 2103 1948 2161 trium
1971 2103 2242 2164 siderum

233 2188 381 2264 ignis
431 2202 564 2245 esse
616 2186 711 2263 qui
761 2184 990 2244 decidui
1035 2184 1107 2244 ad
1159 2192 1346 2244 terras
1376 2184 1669 2245 fulminum
1705 2204 1918 2248 nomen
1947 2186 2240 2264 habeant,

231 2272 343 2332 sed
372 2287 632 2330 maxume
665 2287 741 2328 ex
770 2268 859 2328 his
890 2267 1080 2328 medio
1111 2268 1247 2327 loco
1281 2269 1394 2344 siti,
1431 2268 1695 2329 fortassis
1723 2270 1997 2348 quoniam
2031 2281 2304 2338 conta-25

232 2357 385 2433 gium
412 2354 564 2414 nimii
593 2354 805 2412 umoris
837 2371 912 2413 ex
947 2353 1236 2430 superiori
1267 2353 1484 2413 circulo
1515 2362 1687 2432 atque
1719 2354 1948 2414 ardoris
1980 2372 2065 2414 ex
2093 2354 2240 2415 sub-
2318 2416 2319 2421 ,

232 2443 385 2499 iecto
417 2455 525 2515 per
553 2437 701 2497 hunc
727 2437 957 2498 modum
988 2446 1211 2513 egerat,
1243 2437 1494 2515 ideoque
1526 2437 1736 2499 dictum
1757 2436 1963 2498 Iovem
1990 2437 2241 2500 fulmina

230 2521 484 2584 iaculari.
552 2538 694 2598 ergo
736 2530 795 2580 ut
827 2540 859 2580 e
903 2521 1182 2596 flagrante
1217 2519 1372 2597 ligno
1404 2519 1580 2582 carbo
1615 2540 1742 2582 cum
1769 2523 2039 2600 crepitu,
2079 2523 2175 2584 sic
2207 2542 2240 2585 a
2316 2546 2317 2571 1

232 2608 423 2669 sidere
456 2605 729 2665 caelestis
762 2605 909 2681 ignis
940 2605 1241 2682 exspuitur
1270 2606 1559 2681 praescita
1588 2624 1789 2665 secum
1817 2605 2125 2683 adferens,
2158 2625 2240 2667 ne

231 2691 492 2752 abdicata
536 2688 766 2767 quidem
805 2690 890 2749 sui
939 2696 1100 2766 parte
1134 2689 1192 2746 in
1239 2688 1442 2750 divinis
1483 2698 1752 2751 cessante
1788 2689 2097 2768 operibus.
2147 2690 2315 2754 iri-sa*

232 2794 344 2855 que
375 2792 636 2835 maxume
672 2772 898 2834 turbato
940 2771 1001 2831 lit
1031 2789 1204 2846 aere,
1251 2774 1383 2850 qnia
1416 2773 1701 2834 collectus
1730 2790 1898 2835 umor
1932 2772 2239 2837 abundan-

230 2862 364 2920 tiam
409 2856 654 2918 stimulat
691 2866 786 2918 aut
831 2857 964 2936 quia
1002 2855 1259 2915 turbatur
1303 2857 1549 2935 quodam
1592 2876 1702 2918 ceu
1743 2857 1995 2936 gravidi.
2019 2856 2242 2920 sideris
2312 2868 2313 2871 ’

274 2952 415 3004 artu.
1685 2990 1691 2996 .

152 2962 270 3085 83p
356 3026 456 3087 21.
495 3026 662 3105 (19.)
698 3023 1005 3086 Intervalla
1040 3041 1274 3104 quoque
1320 3023 1572 3105 siderum
1612 3043 1645 3085 a
1675 3033 1831 3085 terra
1874 3024 2044 3086 multi
2076 3024 2239 3089 inda·
2310 3012 2311 3021 ἵ

235 3128 376 3187 gare
404 3117 781 3187 temptarunt,
830 3118 888 3168 et
926 3109 1111 3169 solem
1151 3108 1367 3168 abesse
1407 3126 1441 3168 a
1483 3108 1616 3169 luna
1656 3109 2020 3186 undeviginti
2052 3110 2292 3191 partis:

235 3202 499 3271 quantam
528 3193 715 3254 lunam
745 3195 927 3271 ipsam
959 3204 994 3253 'a
1023 3201 1178 3252 terra
1208 3191 1602 3271 prodiderunt.
1663 3190 2031 3270 Pythagoras
2061 3208 2237 3271 vero,

236 3277 325 3336 vir
355 3278 580 3352 sagacis
608 3278 807 3351 animi,
850 3295 882 3336 a
923 3286 1076 3337 terra
1116 3276 1189 3337 ad
1220 3276 1408 3336 lunam
1439 3286 1666 3336 centum
1699 3277 1901 3353 viginti
1934 3293 2051 3339 sex
2078 3277 2238 3343 m‘li·

238 3359 546 3421 stadiorum
576 3377 710 3420 esse
744 3360 983 3438 colligit,
1015 3359 1088 3421 ad
1119 3360 1304 3421 solem
1338 3360 1410 3421 ab
1437 3378 1509 3422 ea
1532 3360 1797 3440 duplum,
1829 3361 1966 3424 inde
1990 3361 2071 3425 ad
2092 3360 2237 3429 (lnce

2160 3526 2175 3533 .-
2275 3518 2287 3575 Ι
