2320 3650
145 82 182 140 6
415 136 429 155 ,
859 92 919 139 o.
967 93 1160 140 PLINI
1202 92 1503 142 securim
2290 76 2292 125 }

61 247 267 310 20Nos
311 248 545 326 quidem
579 249 799 322 omnis,
852 257 1108 326 patrem,
1152 259 1214 308 te
1245 249 1632 329 fratremque,
1685 252 1931 315 diximus
1953 271 2157 332 ‘opere

34 368 41 373 ,
146 335 319 407 iusto,
352 342 675 410 temporum
706 341 1033 394 nostrorum
1064 334 1362 394 historiam
1392 336 1513 394 orsi
1536 354 1568 395 a
1591 335 1704 395 fine
1730 336 1942 397 Aufidii
1965 338 2153 398 Bassi.

146 418 258 478 Ubi
290 418 363 476 sit
394 435 464 476 ea
495 414 786 496 quaeres?
817 418 935 478 Iam
967 419 1192 498 pridem
1223 428 1462 497 peracta
1494 422 1780 497 sancitur,
1806 431 1866 480 et
1889 423 2157 502 alioquin

147 510 413 562 statutum
448 511 572 562 erat
601 502 806 567 heredi
835 504 1130 579 mandare,
1164 522 1238 564 ne
1272 504 1408 582 quid
1443 504 1737 565 ambitioni
1769 506 2008 567 dedisse
2038 509 2157 567 vita
2291 582 2292 587 ἵ

147 587 516 649 iudicaretur.
573 587 821 665 proinde
854 588 1275 667 occupantibus
1311 588 1506 648 locum
1535 589 1750 666 faveo,
1770 609 1887 668 ego
1918 610 2066 651 vero
2094 601 2161 652 et
2183 616 2209 653 5
2291 654 2292 659 ,

147 672 402 752 posteris
446 689 596 749 quos
634 672 759 730 scio
797 671 1099 731 nobiscum
1139 673 1547 734 decertaturos
1582 675 1731 736 sicut
1763 676 1874 754 ipsi
1909 676 2159 737 fecimus

63 768 128 820 21
147 776 273 817 cum
324 756 636 834 prioribus.
707 755 1123 832 Argumentum
1179 754 1345 817 huius
1398 760 1681 819 stomachi
1737 761 1854 829 mei
1907 760 2160 821 habebis

147 840 303 921 quod
354 841 412 899 in
446 841 543 900 -his
588 841 973 901 voluminibus
1019 850 1320 903 auctorum
1369 844 1597 915 nomina
1641 846 1967 923 praetexui.
2052 844 2163 904 Est

149 927 299 987 enim
330 925 640 1002 benignum
674 926 765 1003 (ut
795 925 1074 1005 arbitror)
1110 937 1169 986 et
1198 927 1432 1006 plenum
1466 928 1700 1006 ingenui
1724 930 1968 1008 pudoris
1985 929 2162 990 fateri

148 1030 257 1091 per
290 1027 440 1088 quos
473 1011 834 1088 profeceris,
870 1027 997 1070 nona
1016 1020 1078 1071 ut
1106 1011 1376 1090 plerique
1408 1030 1485 1074 ex
1512 1015 1584 1073 iis
1617 1031 1765 1093 quos
1798 1016 1959 1091 attigi
1993 1014 2157 1074 fece·
2181 1033 2231 1073 ιο

62 1107 132 1160 22
149 1103 297 1156 runt.
364 1095 526 1154 Scito
571 1095 720 1154 enim
755 1095 1156 1156 conferentem
1194 1106 1467 1157 auctores
1495 1116 1588 1157 me
1626 1098 2093 1177 deprehendisse
2130 1118 2162 1158 a

151 1179 511 1241 iuratissimis
543 1188 601 1239 et
632 1181 930 1258 proxumis
963 1189 1202 1241 veteres
1219 1183 1646 1261 transscriptos
1678 1183 1751 1243 ad
1780 1183 2026 1244 verbum
2059 1202 2161 1243 ne·

153 1285 266 1345 que
299 1265 658 1340 nominatos„
693 1283 808 1325 non
838 1266 939 1326 illa
967 1265 1308 1343 Vergiliana
1338 1268 1570 1342 virtute,
1607 1277 1668 1326 ut
1699 1274 2015 1344 certarent,
2046 1285 2164 1328 non

154 1349 537 1411 Ciceroniana
570 1350 960 1449 simplicitate,
993 1352 1092 1430 qui
1124 1352 1198 1411 de
1229 1370 1295 1410 re
1327 1351 1562 1430 publica
1594 1352 1850 1413 Platonis
1880 1372 1949 1412 se
1982 1353 2161 1412 comi·
2161 1390 2186 1421 ,.

151 1445 269 1495 tem
304 1434 642 1514 profitetur,
692 1436 749 1494 in
793 1436 1197 1495 consolatione
1235 1436 1391 1496 filiae
1427 1423 2233 1516 Crantorem,inquit,15
2291 1460 2292 1515 }

153 1537 464 1598 sequor,
513 1520 649 1579 item
694 1516 1029 1583 Panaetium
1071 1521 1146 1580 de
1194 1521 1438 1595 officiis,
1496 1540 1647 1600 quae
1691 1523 1981 1584 volumina
2038 1523 2160 1582 edi·
2291 1528 2292 1535 ’

66 1615 136 1667 23
153 1604 394 1679 scenda,
428 1621 543 1663 non
573 1605 789 1664 modo
772 1624 830 1665 m
852 1604 1112 1666 manibus
1137 1606 1354 1665 cotidie
1376 1604 1647 1666 habenda
1667 1608 1857 1666 nosti.
1908 1606 2164 1666 Obnoxii

154 1688 424 1768 profecto
477 1689 646 1749 animi
699 1699 758 1748 et
809 1690 1060 1750 infelicis
1115 1690 1310 1767 ingeni
1358 1699 1448 1750 est
1495 1691 1856 1770 deprehendi
1903 1693 1963 1751 in
2007 1691 2162 1752 furto

152 1773 326 1834 malle
370 1791 542 1853 quam
586 1783 837 1835 mutuum
879 1775 1163 1850 reddere,
1212 1793 1340 1836 cum
1385 1777 1732 1855 praesertim
1777 1793 1908 1837 sors
1952 1776 2050 1837 fiat
2083 1794 2165 1836 ex

70 1869 345 1921 24usura
411 1857 810 1937 Inscriptionis
855 1860 1008 1939 apud
1043 1860 1308 1920 Graecos
1334 1861 1493 1920 ·mi1·a
1527 1860 1797 1922 felicitas.
1793 1862 2047 1961 κηρίον
2081 1863 2163 1920 in·
2181 1886 2237 1925 20

155 1944 488 2022 scripsere,
535 1944 690 2022 quod
734 1944 1013 2005 volebant
1060 1944 1309 2023 intelligi
1342 1944 1557 2021 favom,
1602 1947 1699 2006 alii
1745 1940 1921 2027 κέρας
1949 1936 2163 2023 Ἀμαλ-

158 2028 359 2105 θείας,
409 2029 566 2107 quod
615 2031 824 2107 copiae
861 2046 1075 2105 cornu,
1119 2038 1181 2089 ut
1223 2030 1321 2089 vel
1367 2029 1535 2090 lactis
1570 2031 1886 2128 gallinacei
1915 2048 2163 2130 sperare

155 2114 350 2193 possis
375 2114 433 2172 in
455 2113 746 2174 volumine
770 2115 1054 2189 haustum,
1087 2106 1280 2191 ἰωνιᾶ,
1313 2117 1583 2192 Μοῦσαι,
1613 2104 2005 2191 πανδέκται,’
1979 2136 2165 2194 εγχει-

158 2199 336 2275 ρίὸια,
369 2190 602 2276 λειμών,
636 2198 832 2275 πίναξ,
869 2200 1131 2277 σχεδίων,
1167 2199 1577 2278 inscriptiones
1608 2209 1853 2280 propter
1888 2218 2033 2279 quas
2063 2217 2165 2259 va·

157 2283 464 2343 dimonium
495 2283 692 2343 deseri
723 2285 928 2363 possit.
973 2293 1031 2345 at
1063 2302 1192 2343 cum
1220 2284 1549 2359 intraveris,
1584 2285 1639 2344 di
1670 2286 1960 2364 deaeque,
1996 2296 2239 2363 qnam25
2291 2307 2292 2364 3

156 2367 295 2427 nihil
352 2368 409 2426 in
454 2368 648 2428 medio
694 2368 988 2429 invenies!
1051 2367 1251 2428 Nostri
1294 2369 1665 2445 grossiores,
1726 2369 2168 2447 Antiquitatum,

156 2452 574 2530 Exemplorum
639 2453 981 2532 Artiumque
1049 2453 1421 2529 facetissimi,
1484 2452 1968 2515 Lucubrationem
2027 2462 2168 2532 puto

159 2539 293 2616 quia
317 2536 634 2597 Vivaculus
671 2548 797 2598 erat
829 2548 887 2597 et
918 2538 1257 2598 vocabatur.
1305 2538 1480 2616 paulo
1511 2539 1695 2598 minus
1728 2539 1945 2599 adserit
1975 2538 2168 2598 Varro

72 2623 141 2675 25
158 2625 212 2682 in
243 2623 435 2682 satiris
467 2623 587 2681 suis
607 2623 974 2682 Sesculixem
1004 2632 1061 2682 et
1084 2621 1450 2683 Flextabula.
1511 2622 1683 2701 Apud
1710 2623 1972 2683 Graecos
1995 2623 2172 2683 desiit

158 2709 361 2785 nugari
402 2707 731 2783 Diodorus,
780 2717 838 2767 et
881 2704 1275 2787 βιβλιοθήκης
1313 2709 1611 2769 historiam
1657 2726 1819 2768 suam
1849 2708 2168 2786 inscripsit.
2191 2730 2242 2772 so

159 2793 353 2871 Apion
388 2793 621 2871 quidem
651 2787 1056 2869 grammaticus
1089 2792 1217 2871 (hic
1248 2810 1420 2871 quem
1451 2792 1718 2854 Tiberius
1756 2791 1978 2852 Caesar
2010 2810 2170 2866 cym·
2291 2801 2292 2810 ¹

159 2878 352 2938 balum
381 2877 575 2938 mundi
604 2877 876 2952 vocabat,
917 2896 1044 2937 cum
1075 2879 1353 2956 propriae
1385 2877 1574 2938 famae
1610 2887 1939 2956 tympanum
1973 2878 2171 2955 potius

158 2962 345 3022 videri
376 2964 614 3041 posset)
649 2961 1056 3023 inmortalitate
1100 2962 1304 3022 donari
1348 2980 1380 3022 a
1411 2980 1478 3022 se
1511 2964 1758 3041 scripsit«
1779 2962 1850 3022 ad
1881 2978 2033 3040 quos
2066 2961 2171 3021 ali-

75 3058 145 3113 26
161 3065 273 3126 qua
306 3047 696 3125 conponebat.
764 3046 857 3106 Me
904 3064 1021 3106 uon
1050 3047 1309 3125 paenitet
1342 3046 1558 3107 nullum
1591 3047 1956 3108 festiviorem
1985 3063 2171 3106 exco-

161 3132 382 3207 gitasse
418 3131 658 3191 titulum.
727 3141 785 3191 et
816 3150 888 3191 ne
920 3133 978 3190 in
1007 3140 1190 3191 totum
1218 3131 1420 3191 videar
1455 3131 1717 3192 Graecos
1749 3132 2055 3206 insectari,
2097 3149 2174 3190 ex
2193 3150 2244 3191 35

163 3216 277 3276 illis
313 3231 450 3273 mox
493 3216 675 3275 velim·
709 3216 973 3294 intellegi
1025 3216 1301 3294 pingendi
1338 3215 1707 3296 fingendique
1745 3215 2172 3290 conditoribus,

165 3317 313 3379 quos
359 3300 416 3357 in
458 3299 676 3358 libellis
719 3300 825 3359 his·
853 3301 1115 3361 invenies
1158 3300 1424 3362 absoluta
1470 3320 1654 3380 opera
1703 3311 1763 3360 et
1802 3300 1901 3360 illa
1933 3316 2174 3379 quoque

165 3403 315 3462 quae
358 3384 619 3443 mirando
661 3401 775 3443 non
818 3386 1090 3445 satiamur
1131 3385 1406 3464 pendenti
1454 3386 1616 3446 titulo
1658 3386 2066 3464 inscripsisse,
2115 3392 2179 3445 ut
