2320 3650
554 95 714 143 NAT.
747 95 1033 143 mma-11.
1072 92 1310 145 12-15,
1337 83 1616 161 (9-1-2.)
1917 100 1919 107 ’
2033 84 2110 144 75

117 250 427 325 hebetari,
488 267 639 335 nunc
681 247 754 309 ab
798 265 1044 308 occasus
1074 258 1237 327 parte
1269 248 1382 308 hoc
1413 251 1466 307 e'i
1502 250 1804 325 accidere,
1860 267 2008 308 nuuc
2038 249 2109 319 ab

62 372 75 379 -
122 344 403 409 exortus,
449 351 691 412 quanam
718 334 970 407 ratione,
1017 350 1142 391 cum
1173 333 1315 392 solis
1347 342 1550 391 exortu
1579 333 1776 393 umbra
1806 333 1905 393 illa
1934 333 2113 393 hebe-

116 420 296 480 tatrix
326 417 437 489 sub
471 427 625 476 terra
656 435 790 475 esse
814 415 1046 491 debeat,
1085 416 1267 475 semel
1288 418 1399 481 iam
1429 416 1705 476 acciderit
1735 418 1871 477 utin
1900 434 2114 477 occasu

118 504 253 564 luna
292 501 580 561 deficeret
615 509 860 578 utroque
904 517 1078 576 super
1118 509 1331 559 terram
1374 502 1688 578 conspicuo
1720 502 1931 560 sidere.
1988 520 2116 561 nam

83 597 179 653 sut
223 584 341 644 XV
393 584 596 644 diebus
640 593 943 661 utrumque
997 582 1151 641 sidus
1201 593 1581 662 quaereretur
1626 593 1684 642 et
1729 594 1925 643 nostro
1968 603 2114 645 aevo

118 667 818 747 accidit-imperatoribus
845 667 1220 745 vespasianis
1268 677 1431 746 patre
1466 666 1564 726 ΙΙΙ.
1602 667 1720 728 lilio
1749 669 1950 726 iterum
1982 686 2114 727 con-

117 753 372 813 sulibus.
1030 769 1038 778 ·

251 837 349 895 14.
387 835 555 913 (11.)
592 833 802 894 Lunam
833 852 1066 912 semper
1095 835 1320 901 aversis
1350 852 1384 894 a
1414 835 1543 894 sole
1581 834 1873 910 cornibuS,
1907 836 1955 893 si
1992 845 2202 898 cre-58

122 929 283 995 scat,
343 928 505 978 ortus
554 927 851 997 spectare,
913 919 962 977 si
1008 918 1318 994 minuatur,
1375 935 1652 994 occasus,
1712 918 1847 978 haut
1893 918 2119 978 dubium

64 1025 106 1068 ιο
124 1013 238 1064 est.
263 1004 478 1062 'lucere
509 1001 817 1061 dodrantes
849 1003 1170 1062 semuncias
1200 1001 1468 1061 horarum
1497 1002 1569 1061 ab
1594 1003 1848 1062 secunda
1871 1003 2119 1062 adicien-v

121 1097 244 1148 tem
290 1104 481 1165 usque,
527 1086 599 1146 ad
643 1085 872 1163 plenum
918 1085 1120 1144 orbem
1156 1086 1667 1164 detrahentemque
1700 1088 1755 1145 in
1785 1085 2119 1146 deminutio-

122 1190 282 1247 nem,
318 1172 469 1229 intra
499 1171 953 1248 quattuordecim
976 1179 1165 1229 autem
1190 1171 1366 1246 partis
1399 1170 1540 1229 solis
1573 1188 1807 1247 semper
1837 1172 2122 1231 occultam

127 1274 288 1316 esse.
359 1253 488 1327 Quo
521 1263 856 1329 argumento
891 1253 1135 1332 amplior
1167 1255 1474 1312 errantium
1510 1253 1803 1313 stellarum
1836 1273 2003 1333 quam
2037 1255 2119 1314 lu-

126 1358 237 1399 nae
268 1336 602 1414 magnitudo
636 1333 946 1414 colligitur,
981 1336 1207 1416 quando
1239 1337 1374 1396 illae
1407 1347 1465 1396 et
1494 1355 1527 1397 a
1555 1339 1812 1414 septenis
1842 1337 2121 1397 interdum

65 1449 110 1490 ιε
129 1421 403 1502 partibus·
430 1430 764 1497 emergant.v
801 1423 904 1482 sed
948 1421 1184 1481 altitudo
1230 1421 1386 1496 cogit
1428 1423 1680 1480 minores
1715 1421 1931 1501 videri,
1975 1423 2123 1481 sicut

126 1503 550 1567 adfixasssaelo
583 1505 724 1564 solis
753 1504 985 1581 fulgore
1015 1505 1260 1563 interdiu
1292 1521 1405 1562 non
1442 1505 1599 1563 cerni
1619 1549 1635 1579 ,
1675 1523 1802 1564 cum
1833 1523 2020 1584 aeque
2053 1524 2123 1564 ac

127 1598 303 1649 noctu
342 1588 605 1665 luceant,
655 1589 828 1670 idque
874 1589 1235 1648 manifestum
1276 1589 1373 1649 fiat
1418 1587 1653 1648 defectu
1684 1588 1828 1650 solis
1861 1598 1919 1647 et
1952 1607 2121 1667 prae·

127 1674 258 1735 altis
289 1673 503 1750 puteis.
2196 1676 2202 1681 ’

250 1757 351 1816 15.
388 1755 551 1835 (12.)
584 1754 906 1815 Errantium
937 1765 1125 1816 autem
1158 1764 1312 1832 tres,
1357 1774 1497 1837 quas
1540 1774 1713 1835 supra
1755 1754 1942 1816 solem
1974 1756 2114 1815 dixi·
2137 1759 2206 1810 59
2297 1796 2306 1803 .

65 1859 249 1906 mmus
273 1841 441 1916 sitas,
467 1837 825 1900 occultantur
855 1847 1113 1901 meantes
1140 1860 1264 1902 cum
1300 1860 1405 1917 effi,
1444 1844 1777 1902 exoriuntur
1812 1859 1954 1902 vero
1998 1833 2203 1918 manfi}

125 1927 309 1992 tutino
336 1922 718 1996 discedentes
736 1924 994 2003 partibus
1017 1944 1319 2004 numquam
1347 1926 1588 2004 amplius
1612 1925 1874 1985 undenis.
1912 1934 2122 2004 postea

124 2010 418 2070 radiorum
447 2009 569 2069 eius
608 2017 877 2069 contactu
907 2018 1218 2085 reguntur,
1265 2018 1323 2069 et
1375 2012 1432 2069 in
1463 2012 1744 2089 triquetro
1798 2027 1830 2068 a
1862 2009 2122 2087 partibus

129 2102 359 2153 centum
406 2093 607 2169 viginti
663 2094 942 2154 stationes
994 2093 1293 2152 matutinas
1328 2094 1576 2168 faciunt,
1633 2111 1780 2172 quae
1815 2102 1874 2151 et
1905 2095 2120 2170 primae

126 2184 444 2251 vocantur,
487 2193 622 2235 mox
665 2177 722 2237 in
765 2176 1011 2236 adverso
1055 2195 1087 2236 a
1129 2174 1388 2253 partibus
1422 2186 1649 2236 centum
1683 2177 1976 2252 octoginta
2020 2195 2119 2235 ex-

67 2270 288 2326 mortus
323 2261 724 2338 vespertinos,
763 2262 1082 2339 iterumque
1115 2261 1172 2317 in
1207 2268 1432 2318 centum
1477 2262 1675 2336 viginti
1703 2260 1776 2318 ab
1796 2260 1909 2318 alio
1935 2260 2120 2319 latere

129 2345 656 2423 adpropinquantes
687 2346 963 2404 stationes
993 2344 1358 2420 vespertinas
1391 2361 1533 2421 quas
1568 2342 1854 2403 secundas
1889 2352 2120 2418 vocant,

130 2428 322 2489 donec
356 2429 668 2490 adsecutus
697 2428 755 2487 in
788 2427 1046 2507 partibus
1079 2426 1358 2487 duodenis
1391 2428 1650 2486 occultet
1682 2427 1844 2502 illas,
1892 2429 1987 2505 qui
2022 2446 2121 2486 ve-

131 2514 371 2591 spertini
403 2511 1064 2590 occasusappellantur.
1138 2509 1339 2571 Martis
1391 2510 1559 2570 stella
1591 2519 1651 2569 ut
1682 2513 1921 2589 propior
1954 2513 2121 2571 etiam
2136 2510 2209 2566 60

131 2615 206 2655 ex
250 2596 529 2674 quadrato
577 2598 749 2656 sentit
791 2594 1022 2670 radiOS,
1077 2614 1110 2655 a
1165 2594 1814 2672 nonagintapartibus,
1864 2595 2014 2655 unde
2066 2602 2124 2658 et

67 2697 341 2744 adnomen
389 2680 616 2758 accepit
654 2689 842 2739 motus
898 2682 1111 2757 primus
1157 2687 1217 2737 et
1257 2678 1545 2742 secundus
1583 2679 2007 2753 nonagenarius
2039 2678 2121 2737 di-

131 2772 257 2823 ctus
300 2762 372 2823 ab
413 2772 663 2844 utroque
704 2772 928 2822 exortu.
1000 2761 1205 2822 eadem
1247 2762 1568 2822 stationalis
1621 2764 1778 2820 senis
1831 2759 2123 2819 mensibus

132 2855 494 2907 conmoratur
524 2848 581 2905 in
614 2848 813 2923 signis,
850 2847 1064 2925 alioqui
1097 2845 1419 2919 bimestris,
1456 2863 1581 2912 cum
1613 2853 1848 2903 ceterae
1879 2852 2120 2921 utraque

111 2931 376 2990 -statione
429 2938 744 3009 quaternos
798 2949 1030 2989 menses
1071 2946 1185 2988 non
1234 2930 1507 3007 inpleant.
1569 2929 1887 2989 Inferiores
1936 2920 2207 2986 autem61

132 3014 276 3073 duae
301 3014 662 3074 occultantur
691 3015 748 3072 in
779 3011 932 3074 coitu
960 3015 1296 3090 vespertino
1328 3015 1495 3073 simili
1528 3012 1722 3085 modo,
1757 3010 2124 3089 relictaeque

68 3115 167 3162 asra
199 3096 326 3156 sole
358 3097 596 3156 totidem
628 3099 684 3155 in
713 3097 966 3176 partibus
997 3097 1211 3156 faciunt
1247 3106 1484 3155 exortus
1511 3096 1836 3170 matutinos,
1871 3093 2123 3177 adquos

140 3199 171 3240 a
207 3180 898 3258 longissimisdistantiae
947 3198 1084 3239 suae
1127 3181 1296 3239 metis
1338 3180 1522 3238 solem
1562 3181 1968 3257 insequontur,
2025 3179 2123 3238 ad·

139 3273 429 3343 eptaeque
486 3281 699 3324 occasu
748 3265 1017 3324 matutino
1068 3262 1383 3322 conduntur
1436 3281 1505 3322 ac
1547 3271 1934 3340 praetereunt.
1988 3279 2122 3319 mox

141 3348 344 3409 eodem
374 3348 676 3408 intervallo
710 3365 967 3427 vespere
1004 3348 1337 3405 exoriuntur
1370 3364 1553 3424 usque
1590 3346 1662 3406 ad
1693 3363 1836 3424 quos
1874 3344 2185 3410 diximus&
