2320 3650
597 182 758 233 mr.
795 182 977 233 ms‘r.
1019 183 1114 233 v1.
1156 180 1395 237 26—27.
1430 168 1727 257 (so—31.)
2034 171 2155 236 243

176 353 246 398 ac
278 334 601 399 Seleuciam
622 334 767 416 petit
787 336 1063 398 Mesenen
1095 337 1467 417 perfundens,
1501 339 1685 401 altero
1716 337 1787 402 ad
1809 341 2154 418 septentrio—

173 438 305 480 nem
337 420 524 480 flexus
555 421 810 481 eiusdem
843 423 1032 497 gentis
1061 431 1232 499 tergo
1268 433 1503 501 campos
1538 420 1799 508 Cauchas
1833 432 2017 499 secat,
2054 421 2156 481 ubi

172 521 511 565 remeavere
546 521 764 582 aquae,
809 504 1104 582 Pasitigris
1136 506 1482 584 appellatus.
1555 516 1761 585 postea
1796 506 2005 584 recipit
2047 524 2122 567 ex
2138 513 2239 568 130

172 586 361 647 Media
391 584 721 666 Choaspen,
768 596 962 665 atque,
995 598 1054 648 ut
1085 589 1345 665 diximuS,
1389 591 1539 649 inter
1569 589 1892 651 Seleuciam
1923 598 1982 647 et
2008 587 2223 648 Cte·122

119 687 147 726 5
174 670 498 749 siphontem
528 680 732 730 vectus
761 672 819 731 in
848 671 1008 731 lacus
1041 671 1385 733 Chaldaicos
1416 690 1481 732 se
1511 673 1715 750 fundit,
1756 688 1976 749 eosque
2000 670 2155 731 LXX

170 752 230 813 M
260 771 414 832 pass.
439 755 807 833 amplitudine
838 755 1035 834 inplet.
1080 772 1216 815 mox
1247 765 1413 816 vasto
1452 755 1621 817 alveo
1654 755 1922 834 profusus
1951 754 2155 816 dextra

173 833 449 898 Characis
485 837 707 916 oppidi
721 837 962 898 infertur
1000 840 1141 899 mari
1185 839 1421 899 Persico
1463 836 1518 898 X
1559 839 1675 899 mil.
1723 856 1992 918 passuum
2026 856 2150 897 ore.

164 919 325 981 Inter
351 920 590 981 duorum
614 922 853 981 amnium
875 923 1020 983 ostia
1047 921 1211 982 XXV
1238 922 1298 982 Μ
1329 941 1592 1001 passuum
1622 922 1788 985 fuere
1819 930 1933 997 aut,
1975 929 2036 981 ιιι
2059 920 2155 981 alii

164 1003 428 1079 tradunt,
473 1003 580 1064 vll
607 1003 685 1080 M,
727 1012 973 1084 utroque
1005 1004 1333 1083 navigabili.
1400 1006 1505 1067 sed
1536 1006 1713 1083 longo
1742 1014 2007 1083 tempore
2035 1003 2149 1064 Eu·

95 1105 148 1147 10
173 1087 418 1165 phraten
451 1087 826 1165 praeclusere
858 1087 1107 1148 Orcheni
1139 1098 1198 1149 et
1227 1089 1467 1150 adcolae
1500 1107 1676 1166 agros
1710 1090 1997 1166 riganteS,
2039 1104 2152 1148 nec
2211 1107 2262 1123 ν

164 1170 276 1229 nisi
305 1188 411 1249 per
433 1170 648 1248 Tigrim
677 1171 935 1232 defertur
963 1174 1020 1252 ἰιι
1038 1190 1218 1232 mare.
1264 1171 1546 1234 Proxuma
1569 1173 1726 1250 Tigri
1756 1174 1922 1249 regio
1948 1172 2114 1231 Para·
2134 1181 2234 1234 131

164 1255 414 1332 potamia
446 1254 788 1333 appellatur.
855 1256 910 1314 in
952 1273 1019 1315 ea
1052 1255 1261 1315 dictum
1302 1265 1392 1315 est
1428 1256 1500 1317 de
1545 1255 1804 1315 Mesene.
1873 1255 2142 1334 oppidum
2167 1274 2234 1307 12⁹

167 1339 292 1395 eius
331 1336 646 1415 Dabithac,
690 1347 749 1397 et
791 1338 1038 1415 iungitur
1070 1338 1385 1399 Chalonitis
1422 1357 1549 1399 cum
1584 1335 1991 1417 Ctesiphonte,
2037 1354 2152 1396 non

167 1420 431 1497 palmetis
459 1421 629 1482 modo
660 1440 858 1481 verum
884 1431 946 1481 et
977 1422 1111 1482 olea
1144 1423 1447 1501 pomisque
1484 1421 1728 1501 aliisque
1769 1422 2016 1481 arbustis
2047 1438 2148 1480 uo·

90 1521 144 1563 15
165 1503 317 1563 bilis.
364 1504 435 1563 ad
465 1522 590 1564 eam
619 1506 885 1583 pervcnit
922 1505 1141 1582 Zagrus
1172 1522 1335 1565 mons
1367 1524 1446 1565 ex
1471 1503 1741 1565 Armenia
1768 1506 1916 1564 inter
1944 1504 2151 1576 Medos

160 1585 613 1665 Adiabenosque
641 1589 879 1648 veniens
905 1607 1074 1665 supra
1101 1589 1529 1649 Paraetaceuen
1549 1597 1610 1649 et
1633 1587 1888 1648 Persida.
1938 1585 2147 1647 Chalo-

159 1670 292 1729 nitis
325 1669 490 1730 abest
531 1689 563 1731 a
598 1670 838 1733 Perside
882 1669 1243 1732 CCCLXXX
1269 1671 1328 1731 M
1359 1690 1645 1751 passuum.
1716 1681 1928 1731 tantum
1975 1689 2006 1731 a
2038 1661 2147 1730 Ca·

158 1754 288 1833 spio
311 1755 452 1813 mari
478 1763 536 1814 et
566 1751 805 1831 Assyria
835 1754 1047 1815 abesse
1085 1755 1408 1835 conpendio
1443 1756 1661 1817 itineris
1692 1755 1866 1834 aliqui
1900 1756 2143 1814 tradunt.

157 1836 312 1897 Inter
341 1837 443 1898 has
470 1839 663 1915 gentis
691 1849 865 1917 atque
893 1838 1170 1899 Mesenen
1194 1841 1485 1901 Sittacene
1517 1849 1627 1916 est,
1653 1840 1857 1901 eadem
1881 1839 2229 1901 Arbeli-132

85 1943 141 1984 20
160 1921 232 1981 t1s
277 1929 336 1980 et
366 1920 689 1982 Palaestine
724 1922 892 1983 dicta.
956 1925 1227 2002 oppidum
1269 1925 1392 1983 eius
1426 1925 1642 1984 Sittace
1680 1923 2031 1984 Graecorum
2074 1922 2144 1982 ab

160 2012 323 2079 ortu,
371 2012 429 2063 et
458 2004 747 2081 Sabdata,
788 2006 860 2066 ab
898 2023 1112 2067 occasu
1142 2015 1330 2067 autem
1374 2004 1679 2068 Antiochia
1709 2009 1858 2066 inter
1891 2007 2003 2066 duo
2044 2007 2146 2066 ilu-

156 2088 306 2147 mina
330 2086 542 2164 Tigrim
574 2098 631 2148 et
657 2088 1060 2166 Tornadotum.
1122 2092 1256 2149 item
1289 2089 1635 2167 Apameam,
1670 2092 1760 2149 cui
1789 2107 1996 2149 nomeu
2027 2090 2144 2148 An·

154 2171 385 2230 tiochus
412 2172 608 2232 matris
630 2191 771 2232 suae
803 2174 1077 2252 inposuit,
1123 2173 1315 2250 Tigris
1350 2173 1834 2245 circumfunditur.
1883 2173 2030 2232 haec
2060 2173 2141 2232 di-

152 2253 365 2315 viditur
397 2254 653 2315 Archoo.
716 2255 869 2319 Infra
901 2265 989 2315 est
1019 2255 1296 2332 Susiane,
1343 2256 1399 2316 in
1430 2274 1539 2334 qua
1570 2266 1740 2316 vetus
1777 2258 1939 2332 regia
1969 2255 2104 2314 Per·
2126 2263 2227 2317 133

80 2357 136 2398 25
154 2354 341 2397 sarum
371 2338 516 2397 Susa
548 2356 578 2397 a
616 2338 792 2399 Dario
827 2338 1127 2418 Hystaspis
1159 2339 1279 2400 lilio
1310 2340 1557 2401 condita.
1614 2338 1779 2399 abest
1810 2357 1840 2398 a
1869 2338 2143 2398 Seleucia

150 2419 467 2494 Babylonia
497 2417 738 2481 CCCCL
766 2423 887 2481 miul
908 2440 1200 2515 passuum,
1232 2422 1559 2483 tantundem
1584 2423 1655 2483 ab
1678 2422 1990 2482 Ecbatanis
2020 2420 2140 2480 Me-

154 2503 354 2563 dorum
379 2522 487 2583 per
513 2514 762 2565 montem
789 2499 1148 2566 Carbantum.
1189 2505 1255 2568 In
1284 2506 1721 2584 septentrionali
1746 2505 1935 2582 Tigris
1969 2505 2137 2564 alveo

152 2588 426 2665 oppidum
455 2596 545 2647 est
570 2576 881 2663 Babytace.
965 2589 1131 2650 abest
1172 2608 1205 2649 a
1245 2591 1408 2650 Susis
1451 2587 1721 2648 CXXXV
1763 2589 1821 2648 M
1849 2606 2137 2668 passuum.

148 2667 237 2728 Ibi
276 2670 598 2737 mortalium
629 2672 769 2732 solis
815 2691 1014 2733 aurum
1051 2675 1106 2733 in
1137 2672 1289 2733 odio.
1360 2672 1699 2734 contrahunt
1728 2673 1787 2732 id
1817 2672 2136 2734 defodiunt-

75 2776 130 2817 30
151 2770 285 2830 que,
331 2772 402 2813 ne
433 2755 523 2814 cui
553 2757 626 2815 sit
651 2757 710 2816 in
736 2774 860 2815 usu.
907 2757 1160 2816 Susianis
1196 2757 1268 2816 ad
1302 2757 1582 2815 orientem
1602 2773 1807 2815 versus
1836 2757 2139 2830 iunguntur

149 2834 281 2895 Oxii
307 2836 560 2897 latrones
586 2848 643 2898 et
657 2837 1115 2899 MizaeorumXL
1140 2839 1340 2918 populi
1363 2840 1584 2901 liberae
1611 2839 1872 2899 feritatis.
1920 2838 2102 2915 Supra
2120 2847 2220 2900 134

147 2936 252 2978 eos
282 2929 486 2999 parent
517 2920 738 2983 Parthis
766 2921 946 2984 Mardi
974 2931 1037 2985 et
1070 2923 1313 2983 Saitae’
1297 2922 1333 2982 1i
1361 2925 1454 3022 qui
1478 2913 1928 3002 praetenduntur
1960 2934 2135 2998 supra

144 3000 473 3080 Elymaida,
519 3023 695 3082 quam
737 3005 957 3068 Persidi
1000 3009 1056 3066 in
1088 3024 1190 3067 ora
1233 3008 1529 3067 iunximus.
1615 3005 1762 3066 Susa
1807 3024 1839 3065 a
1888 3003 2123 3063 Persico
2151 3023 2216 3059 ιιι

143 3087 285 3145 mari
322 3086 527 3147 absunt
562 3086 702 3148 CCL
740 3089 858 3169 mil.
889 3107 1177 3168 passuum.
1259 3089 1384 3163 Qua
1421 3088 1593 3149 subiit
1634 3089 1706 3150 ad
1750 3106 1876 3149 eam
1927 3086 2131 3147 classis

70 3183 124 3225 35
142 3168 461 3231 Alexandri
524 3171 820 3249 Pasitigri,
883 3174 1045 3234 vicus
1102 3175 1175 3234 ad
1230 3173 1416 3233 lacum
1472 3170 1837 3233 Chaldaicum
1889 3181 2133 3232 vocatur

141 3250 318 3330 Aple,
354 3254 505 3313 unde
535 3254 682 3315 Susa
713 3257 1075 3333 navigatione
1108 3256 1208 3317 LX
1236 3254 1294 3315 M
1324 3254 1376 3314 D
1412 3273 1681 3335 passuum
1710 3254 1933 3317 absunt.
2019 3256 2127 3315 Su-

142 3337 318 3396 sianis
349 3337 420 3396 ab
457 3338 678 3398 oriente
712 3341 972 3417 proxumi
1013 3337 1457 3416 sunt-Cossiaei,
1499 3357 1673 3418 supra
1709 3337 2023 3413 Cossiaeos
2056 3337 2128 3398 ad

139 3421 593 3498 septentrionem
644 3421 1016 3501 Mesabatene
1069 3422 1173 3485 sub
1231 3430 1423 3483 monte
1474 3420 1837 3499 Cambalido,
1894 3424 1989 3501 qui
2035 3430 2126 3479 est

1684 3505 1828 3570 16²⁸'
1927 3509 1932 3513 ’
2125 3530 2267 3612 Α.
