2320 3650
510 80 676 129 NA'r.
707 78 886 128 ms'r.
917 80 1020 129 111.
1069 76 1242 132 7—9.
1275 65 1574 151 (ιδ-14.)
1988 69 2099 130 141

100 233 151 291 in
190 234 568 309 Syracusano
613 243 883 312 potantur
923 251 1100 311 agro,
1154 243 1357 312 portus
1383 231 1838 310 Naustathmus,
1894 236 2106 296 flumen

99 318 366 393 Elorum,
401 319 863 396 promontorium
896 316 1257 393 Pachynum,
1292 336 1324 377 a
1360 335 1473 395 qua
1507 317 1697 378 fronte
1731 320 1967 380 Siciliae
1999 320 2103 380 llu-

101 421 223 466 men
247 400 938 479 Hirminium,-oppidum
972 397 1303 476 Camarina,
1338 401 1544 460 fluvius
1576 401 1789 478 GelaS,
1827 403 2101 482 oppidum

105 487 358 561 Acragas
399 484 560 564 quod
591 484 973 561 Agrigentum
1015 486 1198 544 nostri
1242 485 1465 545 dixere.
1529 483 1813 545 Thermae
1846 486 2097 562 colonia,
2116 492 2188 547 90

62 593 86 629 5
104 587 294 630 amnes
319 568 608 644 AchateS,
634 567 885 643 Mazara,
917 566 1139 646 Hypsa,
1163 568 1393 627 Selinus
1425 569 1718 646 oppidum,
1752 567 2104 643 Libybaeum

102 653 167 714 ah
198 670 274 713 eo
310 653 802 730 promontorium,
835 650 1109 730 Drepana
1129 694 1146 726 ,
1190 669 1354 711 mons
1386 651 1571 727 Eryx,
1604 651 1820 730 oppida
1851 651 2101 713 Panhor-

98 755 260 811 mum,
295 736 498 809 Solus,
529 734 763 795 Himera
789 753 915 794 cum
939 734 1135 810 fluvio,
1171 733 1588 812 Cephaloedis,
1614 735 1922 811 Aluntium,
1950 735 2103 812 Aga·

96 820 380 895 thymum,
417 818 702 894 Tyndaris
735 818 984 893 colonia,
1019 819 1294 896 oppidum
1316 817 1506 894 Mylae
1538 828 1597 878 et
1626 819 1777 879 unde
1804 821 2104 897 coepimus

96 903 376 963 Pelorias.
448 902 607 962 Intus
637 901 868 961 Latinae
903 902 1250 961 conditionis
1283 899 1667 980 Centuripini,
1720 901 1946 978 Netini,
1996 905 2101 963 Se·
2119 915 2187 969 91

32 1003 77 1044 ιο
95 989 355 1064 gestani,
399 986 760 1063 stipendiarii
790 985 1086 1061 Assorini,
1120 985 1472 1062 Aetnenses,
1505 986 1768 1063 Agyrini,
1799 987 2101 1060 Acestaei,

91 1071 425 1145 Aci-enses,
478 1069 695 1145 Bidini,
755 1068 1037 1144 Cetarini,
1097 1067 1400 1145 Cacyrini,
1455 1069 1862 1147 Drepanitani,
1916 1069 2102 1147 Erge-

92 1155 226 1230 tini,
277 1153 730 1226 Echetlienses,
764 1152 1046 1227 Erycini,
1074 1151 1383 1228 Entellini,
1430 1152 1629 1229 Enini,
1675 1152 1955 1231 Enguini,
1992 1155 2100 1214 Ge·

92 1238 235 1315 lani,
293 1237 575 1312 Galatini,
622 1236 911 1311 Halesini,
967 1236 1343 1312 HennenseS,
1388 1235 1748 1312 HyblenseS,
1796 1238 2100 1297 Herbiten-

92 1342 220 1398 ses,
274 1319 767 1396 HerbessenseS,·
789 1318 1222 1396 Herbulenses,
1254 1319 1638 1395 Halicyenses
1659 1366 1676 1396 ,
1709 1320 2098 1395 Hadranitani,

30 1426 76 1467 15
91 1407 529 1479 Imacarenses,
583 1403 935 1484 lpanenses,
985 1403 1286 1479 Ietenses,
1308 1423 1311 1426 ·
1331 1403 1731 1480 Mytistratini,
1779 1403 2099 1480 Magellini,

89 1490 475 1567 Mergentini,
530 1486 933 1562 MutycenseS,
982 1486 1302 1564 Menanini,
1355 1487 1556 1563 Naxii,
1603 1485 1825 1562 Noaei,
1866 1487 2100 1560 Petrini,

87 1574 384 1652 Paropini,
417 1572 866 1644 Phtinthienses,
903 1571 1281 1654 Semellitani,
1315 1571 1602 1646 Scherini,
1640 1572 1964 1646 Selinuntii,
1994 1572 2101 1645 Sy-

89 1658 350 1731 maethii,
408 1655 797 1729 Talarenses,
835 1645 1238 1729 Tissinenses,
1277 1654 1610 1729 Triocalini,
1648 1654 2097 1752 Tyracinenses,

91 1741 369 1802 zanclaei
404 1739 828 1799 Messeniorum
862 1739 918 1796 in
949 1738 1147 1799 Siculo
1196 1733 1370 1798 freto.
1425 1740 1566 1799 Sunt
1602 1738 1821 1798 insulae
1854 1739 1912 1798 in
1944 1738 2097 1798 Afri·
2114 1737 2184 1794 92

24 1842 218 1887 zucam
244 1842 465 1884 versae
502 1821 738 1898 Gaulos,
769 1821 965 1884 Melita
999 1842 1032 1884 a
1066 1821 1367 1884 Camerina
1397 1820 1714 1882 LXXXVII
1747 1821 1805 1907 M
1833 1842 2031 1902 pass.,
2070 1840 2102 1882 a

85 1909 367 1985 Lilybaeo
407 1905 626 1983 CXIII,
658 1904 1363 1982 Cosyra,}1ieronnesos,
1399 1904 1618 1981 Caene,
1658 1892 1879 1982 Galata,
1917 1906 2101 1987 Lopa-

43 1994 263 2067 -dusa,
305 1991 578 2052 Aethusa
622 2009 791 2068 quam
841 1991 936 2051 alii
969 1991 1265 2068 Aegusam
1307 1992 1695 2070 scripserunt,
1750 1991 2004 2049 Bucinna
2045 2000 2104 2050 et

88 2095 120 2137 a
152 2076 407 2138 Solunte
447 2071 658 2133 LXXV
688 2073 746 2134 M
780 2073 1108 2149 Osteodes,
1164 2084 1481 2151 contraque
1524 2074 1844 2153 Paropinos
1879 2073 2098 2133 Ustica.

89 2159 232 2221 citra
278 2176 435 2220 vero
477 2158 733 2217 Siciliam
781 2176 856 2216 ex
897 2159 1144 2219 adverso
1178 2157 1425 2218 Metauri
1466 2159 1648 2218 amnis
1665 2156 1845 2221 XXV
1874 2156 2102 2216 milibus

21 2246 273 2306 Merme
306 2260 472 2323 pass.
519 2241 590 2300 ab
622 2241 784 2302 ltalia
818 2241 924 2301 VH
954 2241 1235 2317 Aeoliae,
1280 2241 1611 2320 appellatae
1660 2241 1902 2300 eaedem
1935 2239 2101 2320 Lipa-

87 2345 388 2402 raeorum,
425 2324 888 2402 Hephaestiades
913 2344 945 2385 a
970 2325 1230 2395 Graecis,
1264 2344 1297 2385 a
1330 2326 1544 2384 nostris
1567 2324 1907 2399 Volcaniae,
1945 2324 2100 2382 Aeo-

93 2412 239 2489 liae,
279 2410 444 2489 quod
477 2408 701 2468 Aeolus
733 2409 927 2469 lliacis
957 2396 1315 2487 temporibus
1365 2408 1441 2468 ibi
1472 2410 1755 2485 regnavit.
1805 2409 1862 2469 9.
1898 2408 2102 2486 Lipara
2119 2412 2190 2467 93

94 2514 220 2556 cum
276 2495 496 2554 civium
539 2491 923 2552 Romanorum
970 2493 1223 2571 oppid0,
1279 2492 1432 2553 dicta
1485 2510 1518 2551 a
1557 2492 1768 2571 Liparo
1814 2511 1959 2569 rege
2010 2474 2183 2569 qui“

93 2579 395 2641 seccessit
425 2576 643 2652 Aeolo,
677 2586 846 2636 antea
881 2576 1195 2675 Milogonis
1222 2576 1322 2636 vel
1350 2576 1657 2653 Meligunis
1683 2577 1972 2651 vocitata,
2006 2576 2104 2634 ab·

24 2677 75 2719 ao
95 2673 188 2723 est
215 2661 393 2723 XXV
424 2659 487 2720 M
516 2678 675 2738 pass.
710 2660 781 2720 ab
811 2661 1006 2736 Italia,
1059 2662 1190 2738 ipsa
1224 2661 1465 2720 circuitu
1497 2661 1671 2738 paulo
1703 2660 1906 2718 minor.
1957 2661 2107 2718 inter

91 2746 240 2807 hanc
272 2755 338 2806 et
368 2745 627 2805 Siciliam
657 2744 838 2804 altera
871 2754 1038 2804 antea
1067 2743 1346 2805 Therasia
1376 2744 1692 2822 appellata,
1726 2760 1874 2801 nnnc
1905 2742 2121 2817 Hiera,

91 2831 227 2908 quia
261 2846 437 2891 sacra
472 2827 736 2888 Volcano
769 2837 857 2887 est
889 2828 1043 2889 colle
1077 2829 1133 2887 in
1165 2837 1574 2894 eanoctnrnas
1609 2835 1913 2886 evomente
1948 2826 2103 2885 flam-

89 2931 232 2975 mas.
270 2914 449 2974 tertia
481 2912 795 2988 Strongyle
830 2930 862 2971 a
889 2910 1173 2989 LiparaM
1198 2930 1353 2989 pass.
1393 2912 1466 2970 ad
1490 2920 1754 2970 exortum
1785 2908 1930 2968 solis
1974 2927 2102 2967 ver·
2122 2912 2192 2969 94

88 3012 260 3075 gens,
296 2999 359 3056 in
381 3010 496 3074 qua
521 2996 783 3072 regnavit
799 2995 1049 3069 -Aeolns
1084 3013 1233 3093 quae
1259 3014 1291 3055 a
1315 2994 1524 3072 Lipara
1549 2993 1856 3071 liquidiore
1882 2991 2106 3053 flamma

20 3098 71 3139 ss
88 3089 308 3145 tannim
332 3079 548 3154 differt,
576 3098 609 3138 e
639 3079 804 3137 cuius
828 3078 983 3138 fumo
1010 3080 1237 3156 quinam
1260 3078 1444 3139 flaturi
1470 3079 1581 3136 sint
1600 3076 1757 3135 venti
1784 3077 1840 3133 in
1864 3076 2105 3135 triduum

92 3164 451 3243 praedicere
500 3161 730 3222 incolae
778 3163 1106 3237 traduntur,
1154 3162 1305 3222 unde
1347 3170 1557 3220 ventos
1606 3160 1798 3220 Aeolo
1841 3161 2104 3237 paruisse

90 3246 523 3311 e'xintnmatum.
570 3254 773 3324 quarta
801 3245 1045 3321 Didyme
1079 3247 1263 3304 minor
1293 3262 1461 3321 quam
1492 3243 1717 3323 Lipara.
1758 3244 1949 3324 quinta
1978 3242 2106 3303 Eri-

91 3348 270 3411 cusa,
304 3339 475 3392 sexta
506 3329 871 3389 Phoenicusa
903 3329 1118 3408 pabulo
1152 3345 1557 3407 proxnmarum
1586 3327 1851 3387 relictae.
1910 3327 2105 3384 novis-
