2320 3650
692 124 850 172 NAT.
896 123 1077 171 ms‘r.
1123 125 1189 171 v.
1234 119 1436 175 9—-13,
1486 109 1789 188 (ll-14.)
2099 109 2215 169 197

232 276 554 352 iunguntur,
588 273 661 334 ab
690 275 913 343 oriente
944 273 1242 349 Canchlei,
1275 292 1309 334 a
1340 273 1576 334 meridie
1609 271 1846 347 Cedrei,
1883 273 1978 351 qui
2010 273 2217 334 deinde

232 359 401 419 ambo
442 357 772 418 Nabataeis.
847 358 1317 435 Heroopoliticus
1356 366 1594 417 vocatur
1635 356 1899 435 alterque
1938 355 2215 416 Aelaniti-

234 460 336 502 cus
379 443 535 501 sinus
567 440 747 500 Rubri
790 443 960 501 maris
1003 442 1059 499 in
1105 440 1435 518 Aegyptum
1475 442 1803 515 vergentiS,
1850 438 2040 506 CL,M
2083 458 2213 518 pas-

232 540 393 584 suum
416 548 422 559 ¹»
436 523 740 584 intervallo
783 525 933 583 inter
961 524 1073 583 duo
1106 524 1349 600 oppida,
1397 523 1619 582 Aelana
1668 531 1725 582 et
1757 525 1813 582 in
1848 531 2046 581 nostro
2078 526 2216 582 mari

191 606 457 669 sGazam.
538 606 799 684 Agrippa
847 624 879 668 a
920 607 1150 666 Pelusio
1190 606 1479 665 Arsinoen
1521 605 1700 665 Rubri
1740 607 1911 665 maris
1946 607 2216 683 oppidum

230 691 612 769 per-deserta
649 687 859 749 CXXV
894 689 952 749 Μ
991 707 1261 768 passuum
1295 690 1482 749 tradit.
1557 697 1670 749 tam
1712 704 1891 767 parvo
1938 689 2108 749 distat
2139 689 2217 747 ibi

114 782 129 821 -“
229 783 382 834 tanta
417 789 608 832 rerum
637 778 873 833 naturae
907 773 1231 833 diversitas.
1343 810 1347 814 Δ

400 855 498 915 12.
554 856 721 933 (13.)
779 855 942 916 quta
989 857 1154 930 Syria
1202 856 1334 915 litus
1381 864 1660 934 occupat,
1706 855 1990 934 quondam
2035 864 2214 914 terra·
2232 864 2299 918 66

230 955 352 999 rum
382 956 641 998 maxuma
676 947 735 998 et
758 938 1016 1016 pluribus
1053 939 1317 999 distincta
1346 939 1683 998 nominibus.
1739 957 1982 1016 namque
2014 937 2213 997 Palae·

164 1032 215 1075 ¹0
232 1023 378 1081 stina
420 1021 736 1081 vocabatur
782 1039 893 1099 qua
943 1023 1221 1098 contingit
1260 1021 1524 1100 Arabas,
1560 1031 1619 1080 et
1653 1020 1862 1082 Iudaea
1912 1031 1968 1081 et
2008 1019 2214 1096 Coele,

230 1101 365 1165 exin
393 1103 721 1180 Phoenice,
770 1113 829 1164 et
870 1123 980 1183 qua
1023 1104 1246 1165 recedit
1291 1107 1439 1164 intus
1482 1105 1873 1179 Damascena,
1922 1123 1991 1164 ac
2032 1105 2215 1182 magis

212 1188 532 1248 'etiamnum
560 1188 873 1249 meridiana
905 1187 1256 1262 Babylonia,
1304 1198 1364 1247 et
1394 1188 1594 1247 eadem
1620 1187 2038 1266 Mesopotamia
2068 1189 2218 1248 inter

228 1269 563 1349 Euphraten
595 1278 652 1329 et
689 1270 917 1347 Tigrin,
961 1282 1186 1348 quaque
1229 1272 1431 1329 transit
1458 1269 1702 1329 Taurum
1733 1271 2038 1348 Sophene,
2074 1272 2215 1330 citra
2264 1265 2269 1273 '

228 1370 370 1414 vero
415 1354 585 1413 etiam
623 1350 1038 1430 Commagene,-
1072 1363 1131 1412 et
1160 1353 1307 1412 ultra
1334 1353 1661 1412 Armeniam
1691 1353 1991 1414 Adiabene
2034 1354 2213 1429 Assy-

160 1448 214 1492 ιε
231 1438 315 1498 ria
346 1445 478 1496 ante
511 1435 695 1511 dicta,
743 1446 800 1496 et
828 1437 926 1496 ubi
968 1434 1225 1497 Ciliciam
1255 1438 1479 1512 attingit
1510 1436 1835 1497 Antiochia.
1891 1436 2209 1514 Longitudo
2230 1441 2297 1498 67

230 1521 353 1581 eius
393 1521 544 1579 inter
587 1517 844 1579 Ciliciam
887 1529 946 1579 et
986 1519 1255 1579 Arabiam
1296 1517 1651 1580 CCCCLXX
1693 1519 1751 1579 Μ
1789 1537 2060 1598 passuum
2101 1529 2213 1595 est,

229 1602 467 1663 latitudo
502 1621 533 1662 a
564 1602 835 1662 Seleucia
866 1602 1054 1662 Pieria
1105 1604 1176 1662 ad
1214 1603 1486 1681 oppidum
1526 1605 1583 1662 in
1624 1602 1918 1681 Euphrate
1960 1603 2215 1680 Zeugma

230 1680 486 1745 CLXXV
510 1684 576 1744 ‘M
604 1703 893 1764 passuum.
965 1687 1061 1764 qui
1116 1686 1377 1746 subtilius
1412 1686 1664 1746 dividunt
1707 1680 2078 1746 circumfundi
2108 1688 2212 1761 Sy-

227 1770 313 1830 ria
342 1768 673 1829 Phoenicen
702 1770 930 1845 volunt,
980 1778 1041 1831 et
1070 1772 1206 1831 esse
1240 1788 1396 1831 oram
1427 1771 1755 1831 maritimam
1782 1771 1984 1845 Syriae
2004 1813 2021 1845 ,
2054 1771 2214 1830 cuius

157 1867 367 1932 zopars
414 1854 485 1912 sit
513 1852 779 1914 Idumaea
820 1863 879 1914 et
916 1853 1186 1930 Iudaeas
1219 1854 1351 1914 dein
1394 1853 1757 1930 Phoenicen,
1804 1854 1937 1914 dein
1971 1854 2214 1928 Syriam.

229 1936 294 1997 Id
325 1935 478 2014 quod
522 1939 818 2013 praeiacet
849 1954 1005 1999 mare
1040 1946 1222 1997 totum
1263 1937 1630 1997 Phoenicium
1676 1937 2023 2016 appellatur.
2087 1939 2216 2015 ipsa

229 2036 377 2095 gens
407 2018 753 2079 Phoenicum
781 2022 838 2080 in
871 2039 1073 2097 magna
1115 2021 1303 2097 gloria
1335 2020 1651 2080 litterarum
1678 2022 2023 2080 inventionis
2054 2030 2111 2080 et
2140 2021 2213 2079 si·

228 2102 430 2163 derum
465 2103 862 2181 navaliumque
898 2121 965 2163 ac
1000 2104 1337 2164 bellicarum
1371 2106 1587 2163 artium.

399 2184 565 2264 (14.)
613 2186 665 2244 A
709 2186 941 2247 Pelusio
976 2185 1260 2246 Chabriae
1303 2196 1524 2264 castra,
1570 2184 1773 2246 Casius
1815 2203 2009 2261 mons,
2056 2185 2213 2245 delu·
2232 2194 2300 2248 68

157 2267 394 2327 ubrum
418 2268 579 2327 -Iovis
613 2266 800 2344 Casii,
843 2270 1088 2328 tumulus
1121 2268 1314 2345 Magni
1344 2269 1601 2347 Pompei.
1668 2268 1967 2334 Ostracine
2002 2266 2215 2329 Arabia

229 2352 452 2426 finitur,
495 2369 528 2410 a
556 2351 786 2411 Pelusio
817 2350 968 2411 LXV
998 2351 1056 2412 Μ
1087 2370 1374 2430 passuum.
1468 2351 1561 2411 13.
1607 2349 1744 2426 Mox
1783 2351 2046 2413 Idumaea
2076 2354 2208 2411 inci·
2249 2377 2254 2380 ·

230 2431 329 2512 pit'
349 2442 406 2492 et
443 2433 766 2495 Palaestina
800 2434 871 2494 ab
901 2452 1129 2494 emersu
1162 2435 1423 2495 Sirbonis
1453 2434 1648 2508 lacus,
1682 2453 1851 2512 quem
1882 2436 2106 2513 quidam
2125 2433 2214 2493 CL

227 2516 288 2576 Μ
314 2533 588 2594 passuum
622 2519 860 2578 circuitu
890 2518 1196 2578 tradidere.
1262 2517 1591 2577 Herodotus
1625 2515 1795 2576 Casio
1827 2520 2002 2577 monti
2034 2518 2213 2597 adpli-

229 2600 376 2675 cuit,
422 2616 570 2659 nunc
612 2610 700 2660 est
744 2601 912 2679 palus
950 2601 1197 2665 modica.
1284 2602 1496 2679 oppida
1538 2600 1931 2661 Rhinocolura
1973 2610 2030 2659 et
2068 2603 2214 2661 intus

158 2694 212 2737 ao
230 2681 543 2761 Rhaphea,
589 2682 739 2744 Gaza
786 2693 843 2743 et
887 2685 1034 2743 intus
1080 2684 1422 2760 Anthedon,
1468 2701 1631 2743 mons
1677 2683 1937 2762 Argaris.
2027 2683 2214 2761 Regio

230 2783 340 2844 per
381 2781 543 2846 oram,
584 2766 886 2845 Samaria.
929 2768 1201 2846 oppidum
1244 2766 1463 2827 Ascalo
1506 2767 1781 2839 liberum,
1827 2766 2084 2841 AzotoS,
2126 2767 2213 2826 Ia·

227 2866 433 2924 mneae
464 2848 641 2924 duae,
694 2850 876 2910 altera
915 2851 1082 2909 intuS.
1163 2850 1306 2929 Iope
1351 2850 1730 2925 Phoenicum,
1773 2850 2057 2928 antiquior
2100 2857 2299 2912 ter-69

226 2948 418 2991 rarum
477 2932 874 3007 inundatione,
929 2942 990 2992 ut
1043 2933 1263 3010 ferunt,
1319 2935 1529 2994 insidet
1577 2934 1786 2993 collem
1844 2932 2212 3011 praeiacente

226 3029 372 3073 saxo
404 3015 462 3073 in
493 3031 606 3092 quo
637 3016 996 3075 vinculorum
1028 3017 1434 3077 Andromedae
1458 3018 1705 3093 vestigia
1737 3015 2061 3076 ostendunt.
2101 3033 2212 3082 co-

156 3096 366 3165 sslitur
407 3093 529 3156 illic
568 3096 835 3159 fabulosa
879 3096 1045 3158 Ceto.
1118 3099 1256 3159 Inde
1300 3099 1646 3178 Apollonia,
1694 3100 1977 3158 Stratonis
2019 3101 2211 3172 turris,

226 3177 433 3239 eadem
479 3177 804 3256 Caesarea,
866 3182 937 3241 ab
985 3181 1221 3242 Herode
1278 3200 1423 3259 rege
1477 3183 1735 3257 condita,
1797 3200 1944 3242 nunc
1988 3183 2215 3242 colonia

224 3260 415 3322 Prima
444 3260 642 3323 Flavia
672 3282 702 3323 a
741 3263 1105 3343 Vespasiano
1138 3266 1489 3342 imperatore
1522 3266 1789 3325 deducta.
1856 3266 1980 3324 finis
2015 3265 2213 3326 Palae·

227 3343 409 3406 stines
439 3342 860 3409 CLXXXVIIII
899 3349 1016 3409 mil.
1052 3365 1332 3434 passuum*
1361 3368 1395 3410 a
1443 3348 1689 3410 confinio
1734 3348 2005 3411 Arabiae.
2083 3348 2215 3409 dein
