2320 3650
158 74 275 138 168
849 87 908 136 ο.
941 89 1134 137 rum
1163 79 1475 138 securim,

148 263 359 320 naeus,
419 241 661 312 Crocus.
726 244 854 323 ipsa
908 243 1076 305 abest
1112 243 1511 322 promontorio
1550 261 1657 304 suo
1703 244 1856 323 quod
1904 258 2165 309 vocatur

76 349 84 364 ·
153 328 596 407 Criumetopon,
646 337 708 387 ut
736 327 927 407 prodit
958 327 1254 407 Agrippa,
1300 344 1339 387 a
1365 326 1717 403 Cyrenarum
1752 334 2162 407 promontorio

91 421 102 425 ’
149 413 445 488 Phycunte
490 410 701 471 CXXV
729 412 846 471 mil.
879 430 1184 489 passuum,
1228 413 1365 471 item
1398 410 1634 472 Cadisto
1678 412 1945 474 axMaleo
1978 415 2157 478 Pelo·

147 497 394 576 ponnesi
444 494 683 572 LXXV,
737 514 770 558 a
813 493 1102 575 Carpatho
1144 496 1331 558 insula
1368 500 1766 575 promontorio
1802 499 2161 561 Sammoneo

151 580 253 640 LX
288 580 406 641 mil.
443 582 502 640 in
532 579 824 656 favonium
850 589 1102 640 ventum.
1163 579 1310 640 haec
1340 582 1489 640 inter
1516 598 1645 642 eam
1677 589 1736 641 et
1764 581 2031 643 Rhodum
2069 588 2156 645 in·-
2182 605 2213 644 s

17 713 22 718 -
65 675 130 729 61
147 667 412 726 teriacet.
472 663 759 742 Reliquae
791 664 947 724 circa
986 682 1113 723 eam
1153 674 1287 724 ante
1330 664 1796 743 Peloponnesum
1839 666 1991 732 duae
2036 667 2155 729 Co-

150 768 349 826 rycae,
383 749 619 809 totidem
647 746 870 823 Mylae,
903 757 963 809 et
992 748 1176 808 latere
1205 750 1646 827 septentrionali
1681 750 1885 823 dextra
1919 749 2159 823 Cretam

147 834 381 895 habenti
422 842 622 893 contra
667 829 999 907 Cydoneam
1048 831 1243 893 Leuce
1300 842 1358 893 et
1390 833 1561 894 duae
1600 834 1912 911 Budroae,
1949 847 2156 898 contra

151 918 384 988 Matium
412 917 544 994 Dia,
580 925 779 976 contra
809 915 1024 977 Itanum
1048 919 1504 994 promontorium
1526 917 1744 994 Onisia,
1766 917 1985 995 Leuce,
2011 931 2155 982 con·-
2238 915 2246 922 ’

147 1012 233 1063 tra
265 1001 673 1080 Hierapytnam
718 999 974 1077 Chrysa,
1025 999 1281 1061 Gaudos,
1350 1002 1557 1064 eodem
1599 1011 1786 1063 tractu
1835 1002 2156 1082 Ophiussa,
2181 1025 2232 1067 ιο

146 1087 364 1162 Butoa,
396 1084 656 1161 Aradus,
691 1085 1209 1163 circumvectisque
1243 1083 1654 1165 Criumetopon
1695 1095 1817 1146 tres
1847 1087 2161 1167 Acusago-

147 1189 253 1230 nus
288 1170 638 1248 appellatae.
690 1178 823 1229 ante
854 1170 1236 1233 Sammonium
1258 1173 1712 1247 promontorium
1734 1170 1992 1248 Phocoe,
2025 1173 2159 1240 Pla·

63 1265 131 1321 62
147 1256 281 1330 tiae,
316 1255 596 1330 Sirnides,
629 1249 985 1328 Naulochos,
1019 1252 1335 1330 Armedon,
1370 1254 1661 1332 Zephyre.
1707 1254 1785 1314 At
1803 1255 2160 1333 in'Hellade,

149 1342 451 1399 etiamnum
480 1340 537 1399 in
566 1338 846 1414 Aegaeo,
880 1336 1194 1414 Lichades,
1228 1338 1539 1418 Scarphia,
1574 1336 1831 1414 Coresa,
1866 1340 2162 1403 Phocaria

150 1424 579 1502 conpluresque
618 1415 768 1483 aliae
816 1440 892 1482 ex
932 1422 1181 1482 adverso
1224 1421 1455 1483 Atticae
1495 1424 1619 1484 sine
1663 1424 1907 1501 oppidis,
1928 1434 1989 1485 et
2015 1426 2161 1486 ideo
2178 1447 2231 1490 rs

148 1508 459 1586 ignobiles.
513 1506 619 1568 sed
644 1515 844 1567 contra
866 1505 1141 1567 Eleusina
1174 1505 1332 1567 clara
1368 1507 1634 1583 Salamis,
1669 1516 1801 1568 ante
1834 1526 1963 1568 eam
1986 1509 2159 1586 Psyt-

147 1594 317 1670 talia,
361 1611 393 1653 a
427 1593 604 1652 Sunio
635 1608 779 1651 vero
814 1589 1040 1656 Helene
1073 1590 1126 1649 V
1167 1591 1285 1651 mil.
1326 1607 1483 1669 pass.
1523 1590 1758 1651 distans.
1822 1592 1967 1653 dein'
1997 1591 2161 1658 ceos

148 1677 219 1736 ab
257 1696 326 1737 ea
360 1677 631 1751 totidem,
675 1694 846 1753 qnam
885 1677 1066 1735 nostri
1104 1675 1332 1753 quidam
1366 1677 1569 1736 dixere
1607 1673 1815 1752 Ceam,
1851 1675 2069 1739 Graeci
2101 1687 2161 1739 et

147 1760 519 1837 Hydrussam,
553 1760 814 1820 avolsam
843 1758 1143 1834 Euboeae,
1178 1759 1230 1818 D
1256 1759 1430 1838 longa
1463 1759 1682 1819 stadios
1704 1759 2154 1840 fuitquo'ndarn,

146 1864 282 1906 mox
315 1855 581 1924 quattuor
612 1844 740 1904 fere
772 1844 1029 1922 partibus
1060 1862 1211 1923 quae
1250 1844 1322 1904 ad
1367 1845 1667 1904 Boeotiam
1695 1845 2023 1922 vergebant
2050 1860 2225 1908 eo-zo

148 1930 277 1990 dem
301 1931 442 1989 mari
472 1928 765 1989 devoratis
799 1929 1012 2007 oppida
1053 1928 1230 1989 habet
1268 1928 1495 2008 reliqua
1524 1928 1736 2005 Iulida,
1785 1927 2155 2008 Carthaeam,

147 2013 499 2074 intercidere
550 2011 839 2088 Coresus,
890 2013 1205 2074 Poeeessa.
1292 2032 1369 2073 ex
1406 2013 1516 2074 hac
1560 2012 1886 2092 profectam
1936 2013 2155 2078 delica-

147 2100 354 2158 tiorem
384 2097 609 2157 feminis
639 2100 864 2157 vestem
897 2106 1099 2159 auctor
1130 2106 1221 2156 est
1252 2097 1461 2157 Varr0.
1934 2134 1941 2139 .

65 2192 134 2255 63
265 2182 459 2262 (21.)
504 2181 745 2243 Euboea
777 2191 837 2241 et
865 2183 992 2260 ipsa
1024 2181 1228 2241 avolsa
1258 2181 1539 2241 Boeotiae
1570 2190 1685 2241 tam
1712 2181 1957 2242 modico‘
1980 2185 2157 2244 inter·

148 2268 363 2328 fluente
393 2266 613 2345 Euripo
653 2275 715 2325 ut
737 2275 914 2344 ponte
943 2267 1267 2342 iungantur,
1305 2266 1378 2326 ad
1412 2266 1710 2326 meridiem
1738 2269 2226 2343 promontoriis&

148 2351 407 2426 duobuS,
451 2350 731 2410 Geraesto
779 2350 1134 2411 adAtticam
1167 2359 1452 2426 vergente
1495 2359 1553 2409 et
1586 2349 1657 2410 ad
1706 2349 2155 2429 Hellespontum

39 2454 42 2457 “
151 2434 492 2514 Caphereo,
524 2435 804 2515 insignis,
835 2453 868 2494 a
900 2436 1297 2512 septentrione
1341 2432 1609 2510 Cenaeo,
1642 2452 1921 2512 nusquam
1961 2434 2159 2495 latitu-·

148 2519 337 2581 dinem
367 2520 515 2580 ultra
546 2518 643 2579 XL
675 2518 733 2578 M
762 2536 1033 2596 passuum
1066 2518 1357 2594 extendit,
1382 2536 1665 2596 nusquam
1691 2520 1838 2578 intra
1861 2517 1984 2579 ΜΜ
2014 2536 2152 2580 con·

148 2605 353 2681 trahit,
386 2601 580 2664 sedin
614 2603 1028 2680 longitudinem
1057 2604 1367 2663 universae
1408 2603 1688 2663 Boeotiae
1730 2602 1803 2662 ab
1837 2601 2035 2671 Attica
2081 2601 2154 2665 ad

150 2689 509 2749 Thessaliam
549 2706 736 2766 usque
780 2696 1082 2766 praetenta
1122 2688 1180 2746 in
1224 2684 1314 2746 CL
1342 2687 1458 2746 mil.
1493 2704 1685 2766 pass.,
1735 2687 2225 2753 circuituvveroao

66 2771 471 2840 64CCCLXV.
544 2771 715 2832 abest
765 2771 838 2831 ab
892 2771 1279 2850 Hellesponto
1328 2780 1499 2849 parte
1549 2767 1841 2848 Capherei
1885 2767 2156 2831 CCXXV

148 2858 265 2917 mil.
298 2872 602 2937 passuum,
642 2855 881 2915 urbibus
914 2854 1201 2935 quondam
1234 2854 1445 2930 Pyrra,
1479 2854 1782 2930 Porthmo,
1814 2853 2001 2929 Neso,
2040 2853 2152 2915 Ce-

149 2943 358 3018 rintho,
394 2940 574 3017 Oreo,
605 2940 750 3016 Dio,
784 2939 1085 3018 Aedepso,
1123 2938 1306 3013 Ocha,
1344 2937 1654 3015 Oechalia,
1687 2957 1836 2998 nunc
1873 2937 2157 2999 Chalcide

153 3027 314 3086 cuius
345 3044 419 3085 ex
450 3026 696 3086 adverso
730 3027 787 3085 in
829 3025 1144 3084 continenti
1188 3023 1355 3083 Aulis
1390 3032 1509 3099 est,
1549 3023 1864 3099 Geraesto,
1896 3021 2153 3100 Eretria,

154 3105 425 3184 Carysto,
463 3107 720 3185 Oritano,
753 3109 1087 3184 Artemisi0,
1119 3108 1280 3168 fonte
1310 3106 1622 3181 Arethusa,
1656 3108 1885 3168 flumine
1902 3106 2223 3168 ¹Lelantoas

154 3193 437 3270 aquisque
471 3193 673 3253 calidis
706 3211 854 3271 quae
883 3192 1154 3272 Ellopiae
1185 3201 1466 3254 vocantur
1486 3191 1718 3265 nobilis»,
1744 3194 1937 3251 notior
1960 3200 2157 3252 tamen

152 3292 442 3343 marmore
473 3274 760 3351 Carystio.
833 3286 1000 3337 antea
1038 3277 1292 3337 vocitata
1338 3285 1427 3336 est
1463 3275 1879 3336 Chalcodontis
1907 3285 2004 3335 aut
2031 3274 2154 3336 Ma·

156 3360 293 3437 cris,
328 3368 392 3419 ut
409 3357 722 3434 Dionysius
756 3370 816 3421 et
846 3360 1117 3441 Ephorus
1149 3361 1396 3438 tradunt,
1428 3370 1490 3421 ut
1524 3360 1811 3421 Aristides
1841 3359 2061 3437 Macra,
2090 3367 2157 3421 ut
