2320 3650
543 133 706 186 ΝΑΤ.
737 139 919 188 ιιιετ.
952 140 1028 187 ιι.
1076 136 1315 191 54-60,
1348 129 1653 207 (525—61.)
1972 111 1975 112 ⁷
2068 128 2150 188 97

132 293 312 355 rentia
348 292 543 371 pulsis
591 311 738 372 quae
787 293 859 354 ab
914 312 1128 354 occasu
1177 303 1357 353 erant.
1423 293 1616 372 Ipsum
1662 295 1905 354 ardere
1908 293 2149 354 caelum

132 377 376 436 minume
409 378 619 436 mirum
651 386 740 436 est
772 386 831 436 et
862 379 1097 457 saepius
1129 378 1310 436 visum
1340 379 1558 438 maiore
1590 379 1707 455 igni
1729 377 1974 438 nubibus
2010 394 2146 470 con-

130 461 332 539 reptis.
471 478 476 485 ·

248 542 356 603 58.
412 542 589 621 (59.)
644 540 963 604 Celebrant
1000 542 1210 604 Graeci
1234 544 1647 621 ,Anaxagoran
1680 541 2106 605 Clazomenium
2132 551 2236 606 149

91 645 113 682 5
133 625 502 704 Olympiadis
535 628 1008 705 septuagesimae
1038 637 1282 687 octavae
1312 628 1570 687 secundo
1603 645 1749 688 anno
1786 628 2148 706 praedixisse

129 710 485 770 caelestium
532 710 849 770 litterarum
897 712 1136 770 scientia
1182 712 1388 793 quibus
1421 711 1626 771 diebus
1659 729 1856 770 saxum
1888 729 2157 770 casurum¹

130 803 292 853 esset
329 812 365 853 e
401 794 570 868 sole,
604 793 779 871 idque
812 795 1025 854 factum
1057 784 1349 854 interdiu
1333 814 1390 853 ιιι
1425 794 1706 855 Thraciae
1737 804 1901 872 parte
1939 795 2008 854 ad
2031 793 2148 852 Ae-

126 895 236 953 gos
268 877 514 952 flumen,
550 879 650 955 qui
680 878 829 955 lapis
855 879 1175 938 etiamnunc
1201 877 1519 972 ostenditur
1541 879 1926 955 magnitudine
1958 876 2148 949 vehiS,
2216 933 2221 937 .

130 962 339 1021 colore
380 962 604 1020 adusto
649 970 875 1020 comete
909 979 1139 1039 quoque
1176 963 1289 1021 illis
1318 924 1586 1022 noctibus
1617 963 1936 1039 flagrante„
1979 959 2150 1033 Quod

66 1060 112 1101 ιο
133 1044 178 1102 si
211 1046 368 1122 quis
379 1026 747 1121 praedictum
781 1045 1002 1120 credat,
1038 1046 1203 1105 simul
1235 1046 1482 1106 fateatur
1510 1064 1761 1105 necesse
1796 1054 1886 1105 est
1915 1044 2150 1103 maioris

127 1125 397 1188 miraculi
430 1127 782 1187 divinitatem
813 1128 1203 1205 Anaxagorae
1250 1129 1465 1205 fuisse,
1513 1114 1779 1208 solvique
1823 1147 2015 1189 rerum
2051 1145 2148 1186 na-

127 1221 294 1271 turae
328 1211 696 1271 intellectum
729 1220 786 1271 et
822 1213 1092 1271 confundi
1120 1214 1328 1288 omnia,
1365 1214 1412 1271 si
1445 1221 1538 1272 aut
1562 1215 1690 1292 ipse
1723 1214 1812 1273 sol
1838 1214 1986 1291 lapis
2011 1228 2147 1270 esse

129 1305 224 1356 aut
257 1313 531 1373 umquam
582 1295 832 1373 lapidem
867 1298 922 1354 in
969 1313 1041 1354 eo
1073 1297 1255 1356 fuisse
1301 1297 1587 1355 credatur.
1643 1297 1920 1356 decidere
1956 1304 2147 1355 tamen

129 1379 348 1439 crebro
383 1396 503 1438 non
531 1380 640 1437 erit
671 1379 920 1438 dubium.
968 1378 1038 1439 In
1059 1379 1253 1455 Abydi
1284 1381 1583 1456 gymnasio
1611 1398 1686 1439 ex
1711 1398 1781 1440 ea
1806 1397 1981 1439 causa
2008 1395 2103 1437 co·
2130 1385 2232 1438 150

65 1480 112 1522 15
129 1463 264 1523 litur
294 1462 599 1541 hodieque
644 1463 906 1521 modicus
946 1463 1176 1541 quidem
1213 1464 1318 1523 sed
1351 1481 1523 1541 quem
1556 1465 1611 1521 in
1641 1464 1830 1523 media
1865 1471 2148 1526 terrarum

128 1564 398 1607 casurum
424 1546 595 1605 idem
647 1545 1028 1621 Anaxagoras
1077 1547 1443 1625 praedixisse
1494 1556 1772 1606 narratur.
1839 1546 2045 1605 colitur
2090 1553 2149 1602 et

128 1628 559 1704 Cassandriae,
600 1647 749 1707 quae
780 1627 1060 1689 Potidaea
1089 1632 1341 1690 vocitata
1378 1639 1468 1689 est
1503 1629 1578 1689 ob
1611 1631 1667 1690 id
1705 1630 1972 1690 deducta.
2029 1643 2145 1704 ego

125 1715 257 1791 ipse
292 1713 416 1772 vidi
457 1713 514 1770 in
548 1711 965 1772 Vocontiorum
998 1732 1139 1789 agro
1172 1714 1346 1793 paulo
1382 1722 1514 1773 ante
1547 1699 1816 1774 delatum.

248 1797 354 1858 59.
391 1796 562 1877 (60.)
600 1796 791 1856 Arcus
822 1814 1097 1857 vocamus
1149 1807 1314 1858 extra
1354 1797 1688 1858 miraculum
1729 1796 2051 1876 frequentis
2089 1802 2148 1854 et

57 1897 107 1936 20
131 1890 302 1941 extra
334 1889 643 1940 ostentum.
681 1900 808 1941 nam
834 1900 906 1940 ne
931 1883 1162 1959 pluvios
1195 1882 1426 1960 quidem
1459 1891 1552 1941 aut
1582 1899 1828 1942 serenos
1858 1882 1985 1941 dies
2019 1898 2147 1939 cum

127 1966 245 2025 fide
279 1964 653 2042 portendunt.
698 1963 1062 2024 Manifestum
1097 1974 1186 2024 est
1218 1965 1434 2025 radium
1467 1966 1610 2024 solis
1643 1967 1935 2024 inmissum
1966 1979 2146 2022 cavae

125 2048 266 2107 nubi
311 2047 552 2126 repulsa
596 2048 723 2106 acie
755 2049 810 2106 in
847 2048 1032 2107 solem
1073 2049 1344 2126 refringi,
1394 2049 1772 2128 colorumque
1805 2050 2147 2108 varietatem

125 2133 377 2191 mixtura
407 2131 662 2206 nubium,
696 2133 941 2208 ignium,
977 2133 1129 2191 aeris
1165 2133 1308 2207 fieri.
1378 2131 1552 2193 Certe
1586 2134 1695 2192 nisi
1731 2132 1858 2191 sole
1895 2131 2144 2190 adverso

124 2232 245 2275 non
270 2215 447 2289 fiunt,
479 2232 591 2273 nec
623 2233 887 2293 umquam
917 2216 1025 2274 nisi
1059 2216 1286 2275 dimidia
1318 2216 1520 2275 circuli
1556 2216 1771 2290 forma,
1805 2233 1915 2274 nec
1946 2222 2142 2286 noctu,

53 2316 105 2355 25
132 2300 400 2380 quamvis
433 2297 788 2358 Aristoteles
823 2299 1032 2377 prodat
1064 2300 1370 2377 aliquando
1404 2302 1618 2375 visum,
1655 2300 1808 2378 quod
1840 2308 2031 2359 tamen
2061 2296 2144 2355 fa-

123 2392 280 2444 tetur
315 2382 472 2441 idem
502 2399 617 2440 ιιοιι
649 2383 758 2441 nisi
787 2384 1079 2442 tricesima
1105 2383 1238 2442 luna
1265 2401 1463 2462 posse.
1510 2382 1676 2447 Fiunt
1699 2393 1886 2443 autem
1911 2380 2102 2441 hieme
2128 2387 2228 2440 151

124 2484 394 2527 maxume
428 2465 500 2524 ab
537 2466 910 2543 aequinoctio
944 2466 1255 2527 autumnali
1286 2467 1380 2526 die
1415 2467 1822 2527 decrescente.
1875 2483 1990 2546 quo
2022 2483 2144 2523 rur-

126 2567 226 2610 sus
260 2558 577 2609 crescente
615 2549 688 2609 ab
722 2550 1092 2630 aequinoctio
1124 2569 1308 2610 verno
1345 2568 1459 2609 non
1492 2552 1806 2627 exsistunt,
1843 2569 1954 2609 nec
1987 2550 2147 2607 circa

125 2633 437 2693 solstitium
469 2632 825 2709 longissimis
858 2633 1097 2709 diebuS,
1132 2632 1332 2694 bruma
1352 2648 1530 2707 vern,
1565 2635 1621 2692 id
1649 2643 1738 2692 est
1764 2632 2143 2704 brevissimis,

55 2716 489 2795 anfrequenter.
547 2717 722 2775 iidem
763 2716 1041 2785 sublimes
1086 2717 1280 2777 humili
1324 2717 1453 2776 sole
1497 2716 1859 2794 humilesque
1893 2715 2142 2788 sublimi,

126 2809 200 2860 et,
216 2801 476 2859 minores
509 2801 737 2858 oriente
776 2808 870 2859 aut
905 2801 1236 2876 occidente,
1272 2801 1378 2860 sed
1410 2802 1466 2858 in
1498 2800 1851 2860 latitudinem
1883 2799 2140 2872 demissi,

123 2884 371 2945 meridie
409 2882 635 2957 exileS,
683 2894 884 2941 verum
929 2883 1175 2943 ambitus
1226 2884 1480 2943 maioris,
1548 2892 1770 2943 aestate
1816 2890 2005 2941 autem
2036 2898 2144 2959 per

121 2966 429 3029 meridiem
461 2982 576 3025 non
610 2973 938 3040 cernuntur,
973 2977 1107 3044 post
1139 2969 1387 3028 autumni
1420 2967 1844 3046 aequinoctium
1874 2982 2140 3045 quacum·

124 3067 241 3129 que
277 3048 446 3122 hora,
479 3067 591 3107 nec
625 3066 889 3126 umquam
921 3046 1120 3127 plures
1154 3051 1321 3109 simul
1355 3068 1524 3129 quam
1555 3052 1687 3110 du0.

42 3155 108 3197 :35
241 3133 417 3211 (61.)
457 3129 674 3191 Cetera
703 3132 962 3191 eiusdem
1002 3143 1238 3193 naturae
1270 3151 1385 3192 non
1420 3134 1610 3193 multis
1644 3134 1816 3194 dubia
1853 3150 1988 3193 esse
2022 3133 2227 3194 'vi-152

124 3216 260 3276 deo.
305 3214 408 3276 60.
444 3215 786 3291 grandinem
817 3216 1186 3292 conglaciato
1217 3217 1399 3276 imbre
1435 3218 1598 3294 gigni
1628 3225 1686 3276 et
1717 3219 1907 3279 nivem
1933 3217 2141 3277 eodem

122 3317 326 3359 umore
349 3299 584 3358 mollius
609 3307 840 3375 coacto,
873 3300 1131 3377 pruinam
1157 3310 1346 3361 autem
1372 3318 1446 3359 ex
1468 3318 1604 3360 rore
1629 3302 1848 3379 gelido.
1886 3319 1994 3380 per
2018 3301 2138 3359 hie-

124 3401 275 3443 mem
306 3383 460 3443 nivis
498 3382 749 3456 cadere,
783 3399 899 3442 non
933 3384 1275 3460 grandineS,
1315 3384 1593 3462 ipsasque
1621 3387 1934 3507 grandines
1969 3385 2139 3442 inter·-

291 3484 435 3525 mm
468 3484 598 3524 NAT.
638 3485 779 3523 msr.
846 3470 881 3525 Ι.
1701 3469 1738 3527 7
