2320 3650
853 96 1263 144 PRAEFATIO.
1290 114 1291 117 π
1700 66 1708 76 ’
1986 74 2050 146 ‘v
2125 150 2133 165 ,

82 251 211 307 haud
236 271 361 310 raro
391 253 772 324 inveniantur,
811 256 1097 310 admittere
1121 271 1228 310 non
1255 255 1521 325 sustinui,
1559 273 1661 311 nec
1683 258 1856 329 magis
1883 261 2046 327 sor-vi,

85 353 394 408 quamquam
393 337 586 392 sorbi
572 355 624 392 in
650 353 718 392 eo
745 354 971 410 usquam
990 355 1073 392 me
1096 339 1289 407 legere
1314 355 1421 394 non
1444 340 1678 394 memini.

191 422 562 477 Inscribuntur
581 421 710 475 libri
733 421 900 476 XIIII
919 428 973 476 et
994 422 1109 476 XV.
1134 438 1360 477 —nam
1386 424 1511 478 libri
1530 423 1622 477 XI
1646 424 1761 478 XII.
1791 425 1932 479 XIII.
1962 425 2046 479 in-

86 505 366 575 scriptione
402 511 594 560 carent
624 532 709 544 --
736 494 986 560 Naturae
1010 505 1392 575 historiarum,
1437 523 1593 577 quam
1630 508 2046 579 inscriptionem

85 586 289 643 Monens
312 595 503 643 censet
528 605 654 642 esse
690 588 849 643 unice
885 605 1103 657 veram,
1140 589 1228 642 cui
1263 590 1570 644 sententiae
1597 590 1970 660 suffragantur
1993 598 2047 646 et

85 673 355 727 nonnullae
389 671 783 742 inscriptiones
818 673 1098 739 codicum,
1142 678 1202 725 ut
1236 672 1579 727 Riccardiani
1617 679 1672 726 et
1706 670 1937 731 Parisini
1976 674 2046 743 II,

86 760 131 806 et
149 753 343 810 Plinius
368 755 548 810 minor
573 754 734 825 epist.
764 755 858 825 111,
881 765 934 824 5,
968 762 1029 818 6;
1056 760 1112 810 at
1130 753 1417 810 Naturalis
1435 756 1692 811 historiae
1713 757 1842 812 libri
1869 758 2045 812 nomi-

85 843 284 907 nantur,
329 855 399 893 ne
435 838 659 893 afferam
698 839 1227 909 praestantissimum
1273 840 1521 895 codicem
1568 840 2045 910 Bambergensem,
2116 873 2125 889 ι

88 920 141 973 ab
164 920 278 992 ipso
306 922 484 995 Plinio
508 921 564 975 in
589 922 957 992 praefatione,
984 927 1039 976 et
1061 939 1089 976 a
1116 921 1384 977 Suetonio
1412 923 1465 977 in
1492 923 1611 979 eius
1634 923 1744 978 vita
1767 965 1783 993 ,
1808 941 1837 979 a
1865 924 2042 979 Gellio

84 1000 134 1055 N.
156 1004 214 1058 A.
242 1006 344 1076 111,
370 1011 467 1074 16,
489 1011 588 1067 22;
624 1005 730 1073 IX,
753 1012 935 1073 4,13;
972 1005 1040 1074 X,
1067 1011 1151 1074 12,
1177 1005 1431 1075 1;xv11,
1456 1014 1542 1075 15,
1565 1013 1625 1071 6;
1664 1024 1694 1062 a
1720 1007 2044 1077 Symmacho
2106 1049 2127 1058 -

87 1102 157 1157 ep.
187 1088 228 1157 Ι,
251 1095 345 1154 24;
385 1106 414 1144 a
442 1088 643 1144 Servio
668 1089 735 1144 ad
758 1088 970 1158 Vergil.
999 1088 1201 1159 Georg.
1226 1090 1280 1158 Ι,
1303 1093 1407 1146 410
1430 1095 1485 1144 et
1505 1090 1642 1145 Aen.
1669 1091 1723 1160 Ι,
1760 1096 1876 1149 174.
1912 1097 2043 1153 398;

86 1168 163 1238 lll,
196 1178 328 1247 1134
362 1173 469 1241 IV,
496 1178 593 1232 261
623 1179 678 1226 et
702 1172 955 1243 saepius;
992 1172 1057 1228 ab
1083 1172 1300 1235 Isidoro
1327 1171 1479 1244 Orig.
1513 1171 1632 1243 XII,
1663 1179 1716 1242 2,
1753 1181 1846 1238 11;
1875 1192 1905 1230 a
1927 1174 2045 1229 Pri-

51 1272 68 1309 :'
86 1253 250 1310 seiano
273 1257 368 1325 ΙΙΙ,
403 1261 457 1325 4,
484 1261 582 1319 22;
605 1256 697 1325 VI,
722 1259 806 1326 11,
826 1262 922 1319 63;
947 1273 976 1311 a
999 1256 1281 1311 Macrobio
1307 1256 1525 1311 Saturn.
1550 1256 1624 1310 111
1638 1298 1651 1319 ‚
1680 1259 1764 1326 16,
1788 1265 1841 1327 5,
1865 1264 1925 1312 ut
1945 1259 2045 1313 du-

51 1336 54 1397 ?
87 1335 226 1392 bitari
248 1356 353 1394 non
379 1338 560 1411 possit
583 1340 710 1410 quin
735 1341 873 1394 haec
898 1338 1189 1410 inscriptio
1214 1339 1288 1395 sit
1311 1340 1696 1410 praeferenda.

189 1422 264 1477 De
298 1425 405 1478 bac
439 1439 500 1476 re
526 1422 877 1490 doctissime,
914 1427 973 1475 ut
1005 1422 1182 1490 solet,
1224 1438 1398 1492 nuper
1444 1422 1748 1493 disputavit
1767 1416 1828 1495 *)
1870 1422 2045 1476 Ludo-

87 1506 207 1558 vicus
247 1505 575 1572 Πνῑίεήείαε,
627 1506 771 1560 sicut
812 1506 881 1560 de
919 1505 1046 1560 libri
1081 1504 1119 1557 Ι.
1168 1504 1238 1559 iis
1273 1505 1521 1576 partibus
1573 1521 1745 1576 quae,
1791 1505 2045 1574 quoniam

87 1589 478 1656 praemittuntur
529 1595 588 1642 ut
636 1589 689 1643 in
751 1589 875 1645 aliis
935 1587 1169 1643 vetustis
1237 1588 1641 1660 exemplaribus
1703 1589 1789 1642 sui
1848 1588 2045 1657 cuique

87 1668 205 1726 libro
246 1672 492 1736 indices,
542 1672 597 1726 in
632 1673 739 1727 hoc
775 1671 969 1727 codice
1005 1671 1374 1727 inveniuntur.
1445 1672 1503 1725 ln
1540 1672 1625 1727 his
1659 1672 1822 1727 multa
1874 1688 1944 1725 ex
1977 1666 2061 1725 eo‘
2136 1692 2140 1707 ·

87 1769 190 1808 esse
211 1755 542 1811 emendanda
581 1772 739 1827 quum
767 1761 996 1810 testatus
1022 1762 1174 1810 esset
1202 1755 1364 1811 etiam
1387 1756 1561 1809 Iulius
1583 1755 1818 1827 Silliyius
1844 1756 1900 1810 in
1927 1753 2047 1824 epi-

87 1839 203 1894 stola
226 1840 354 1908 mihi
388 1840 512 1894 data
536 1840 727 1910 paucis
754 1841 949 1895 diebus
976 1837 1100 1894 ante
1125 1855 1282 1910 quam
1307 1839 1448 1894 obiit
1477 1845 1707 1895 mortem
1735 1869 1821 1879 —
1847 1841 1916 1895 de
1942 1855 2046 1909 qna

89 1921 384 1994 quicumque
421 1923 643 1978 student
685 1924 981 1993 faventque
1016 1922 1195 1977 Plinio
1233 1929 1383 1977 certe
1407 1923 1525 1978 scio
1569 1924 1896 1994 gravissime
1934 1939 2047 1977 me-

89 2017 185 2058 cum
206 2007 395 2061 dolere
426 2035 511 2045 —
524 2021 784 2076 ,operae
823 2006 1053 2076 pretium
1091 2006 1220 2059 mihi
1256 2007 1431 2060 visum
1468 2012 1553 2061 est
1578 2023 1716 2077 quae
1751 2008 1950 2061 vellem
1991 2006 2045 2061 in
2144 2069 2147 2074 f

87 2087 285 2154 primum
309 2090 564 2145 volumen
587 2106 671 2145 me
694 2089 945 2205 potuisse
969 2088 1224 2160 recipere
1247 2088 1338 2143 hic
1367 2089 1707 2159 adiungere
1692 2107 1747 2144 1n
1773 2090 1891 2144 eius
1916 2106 2046 2159 sup-

86 2168 402 2236 plementum.

184 2255 356 2327 Atque
392 2256 560 2311 habet
592 2255 770 2310 codex
803 2255 1110 2326 rescriptus
1146 2273 1175 2311 a
1215 2255 1412 2310 Moneo
1448 2255 1700 2310 inventus
1727 2250 1838 2327 (M)
1879 2253 1934 2307 in
1960 2253 2046 2306 in-

88 2335 331 2394 dicelibri
356 2337 861 2413 X1.(quiexstata
884 2355 1009 2409 pag.
1038 2334 1135 2393 21.
1163 2339 1258 2393 lin.
1285 2344 1370 2396 25
1396 2355 1566 2432 usque
1591 2339 1660 2393 ad
1682 2339 1807 2408 pag.
1828 2331 1924 2392 23.
1948 2336 2045 2391 lin.

87 2423 154 2477 26.
160 2417 285 2493 )22.
305 2431 355 2481 2.
371 2424 591 2494 pyral
570 2441 587 2477 ι
603 2423 654 2475 li
666 2436 769 2492 que
788 2424 897 2476 sive
913 2423 1131 2493 pyt-olo
1147 2437 1320 2486 cum,
1346 2428 1423 2491 ut,
1438 2420 1547 2476 nisi
1572 2421 1720 2490 aliud
1739 2420 1869 2491 quid
1892 2421 2045 2488 latet,

88 2502 206 2559 sicut
227 2507 362 2563 infra
381 2504 481 2578 (ΙΙ,
500 2503 561 2577 §.
589 2500 740 2591 119.)
749 2507 979 2576 pyrallis
999 2507 1107 2559 sive
1118 2510 1326 2577 pyrata
1350 2503 1640 2574 legendum
1665 2504 1752 2558 sit.
1792 2495 1806 2580 Ι
1841 2507 1892 2561 7.
1920 2507 2048 2573 post

87 2585 142 2638 de
157 2589 369 2645 auribus
392 2578 744 2645 inserendum
767 2594 877 2643 est:
920 2604 1063 2660 quae
1084 2589 1245 2643 auris
1265 2603 1374 2642 non
1393 2585 1629 2641 habeant
1660 2584 1740 2660 (Μ
1765 2585 1960 2640 haben
1975 2580 2042 2658 t).

115 2660 125 2745 Ι
157 2679 228 2730 15.
252 2678 444 2728 mento
467 2674 536 2727 M.
575 2665 586 2750 Ι
629 2679 709 2732 18.
736 2687 947 2726 earam
975 2669 1083 2745 (sc.
1091 2665 1455 2766 serpentium)
1488 2670 1555 2723 Μ.
1586 2669 2046 2724 accommodatum

87 2757 237 2810 estad
260 2774 413 2812 usum
433 2756 593 2811 Plinii
618 2754 709 2827 qui
740 2755 869 2809 huic
893 2756 1018 2811 voci
1043 2756 1225 2810 rarius
1260 2754 1452 2808 tribuit
1473 2753 1826 2818 masculinum
1850 2767 2042 2821 genus.

112 2827 123 2912 Ι
156 2845 228 2897 19.
253 2842 682 2907 ruminantium,
708 2839 853 2909 quod
875 2838 1119 2909 legitur
1106 2856 1160 2892 in
1186 2838 1377 2906 MRTa,
1400 2853 1506 2891 non
1533 2836 1796 2908 quadrat
1782 2853 1836 2889 in
1859 2831 1918 2904 ὃ.
1948 2838 2063 2908 168,

84 2935 153 2989 sq.
189 2922 437 2980 Fortasse
462 2922 810 2978 scribendum
836 2928 922 2977 est
950 2924 1259 2976 veterano
1277 2937 1426 2975 rum
1460 2925 1511 2973 et
1540 2919 1961 2973 ruminantium.
2001 2909 2014 3010 Ι

83 3007 139 3060 25
154 3011 245 3064 ..34
260 3013 341 3066 36.
362 3014 445 3067 38.
472 3002 633 3065 23.3.
663 3011 746 3063 12.
773 3011 897 3060 ante
920 3021 1223 3077 pronomen
1239 3004 1527 3058 relativum
1550 3018 1656 3056 non
1681 3001 1818 3056 male
1843 2999 2047 3055 omitti-

83 3091 157 3140 tur
175 3095 246 3154 εἰ,
269 3087 373 3160 225
400 3096 485 3151 37.
508 3096 632 3145 ante
668 3089 775 3143 ubi.
817 3080 829 3165 Ι
865 3096 949 3148 30.
979 3089 1124 3159 quod
1156 3088 1212 3142 in
1235 3088 1308 3143 Ra
1332 3086 1536 3155 legitur
1557 3084 1744 3155 quibas
1776 3086 2047 3137 anima-

82 3168 224 3226 lium
254 3165 379 3229 alibi
400 3175 457 3229 id
482 3173 886 3229 commendatur
910 3187 978 3227 eo
1004 3171 1151 3242 quod
1175 3176 1260 3227 est
1286 3170 1341 3224 in
1365 3169 1414 3222 M
1438 3168 1629 3238 quibus
1663 3171 1852 3222 anima
1868 3168 1888 3221 l
1899 3169 1918 3220 i
1929 3167 2047 3222 bus

205 3349 260 3416 ²⁸¹)
291 3352 354 3403 N.
382 3353 550 3404 Jahrb.
577 3353 659 3403 fur
682 3352 861 3403 Philol.
890 3368 943 3405 u.
971 3351 1192 3417 Paedag.
1252 3348 1357 3399 vol.
1386 3346 1623 3410 LXXIII,
1652 3363 1703 3413 p.
1736 3348 1801 3399 70
1830 3365 1906 3411 sq.
