2320 3650
623 116 1750 198 msT.NA‘r.v.3o—-31.(33—-36.)
2055 121 2172 182 211

192 294 252 346 et
287 279 635 353 Acamanta,
677 279 830 356 quod
861 289 951 340 est
978 282 1063 343 ad
1090 300 1395 359 occasum,
1439 283 1837 346 Artemidorus
1870 285 2072 349 CLXII
2100 289 2174 366 D,

191 368 595 430 Timosthenes
626 359 744 426 GC.
805 377 1070 429 vocatam
1100 379 1267 429 antea
1298 329 1668 429 Acamantida
1689 369 2038 448 Philonides,
2045 371 2171 432 Ce-

189 454 384 514 rastim
413 450 756 529 Xenagoras
801 461 859 512 et
889 452 1185 531 Aspeliam
1228 456 1286 512 et
1313 452 1700 514 Amathusiam
1743 462 1801 513 et
1843 454 2171 532 Macariam,

189 536 540 612 Astynomus
578 534 837 615 Crypton
866 544 926 596 et
961 534 1626 615 Coliniam.'oppida1n
1658 555 1727 597 ea
1749 536 1885 614 XV,
1909 539 2136 618 Ne'ap'a-
2154 549 2257 603 130

143 620 365 699 sphos,
388 620 809 699 Palaepaphos,
842 619 1071 695 Curias,
1096 619 1328 696 Citium,
1346 617 1672 697 Corineum,
1705 621 1974 698 Salamin,
2004 623 2172 684 Ama-

187 703 354 780 thus,
384 704 707 783 Lapethos,
740 704 955 780 Soloe,
996 703 1304 780 Tamasos,
1339 703 1716 782 Epidaurum,
1729 702 1981 782 Chytri,
2011 706 2170 766 Arsi·

186 805 336 863 noe,
371 786 736 866 Carpasium,
772 787 1017 866 Golg'oe.
1076 788 1242 847 fuere
1273 797 1331 846 et
1358 787 1436 846 ibi
1467 786 1726 863 Cinyria,
1749 787 2017 866 Marium,
2047 789 2170 849 Ida·

188 871 343 932 lium.
432 871 599 933 abest
640 867 723 932 sab‘
764 872 1074 932 Anemurio
1122 869 1362 930 Ciliciae
1401 870 1445 931 L
1490 870 1549 933 M
1589 888 1747 949 pass.
1826 870 1984 932 Mare
2016 876 2171 951 quod

186 956 584 1034 praetenditur
609 965 819 1017 vocant
841 954 1066 1016 Aulona
1101 953 1381 1015 Cilicium.
1455 953 1519 1014 ln
1561 955 1765 1014 eodem
1812 957 1922 1016 situ
1952 956 2168 1017 Eleusa
2209 1034 2212 1037 Ι

110 1053 170 1097 10
188 1039 373 1098 insula
407 1047 527 1116 est,
564 1049 622 1100 et
650 1039 759 1100 1111
790 1048 919 1099 ante
948 1039 1400 1117 promontorium
1430 1055 1505 1098 ex
1532 1038 1779 1098 adverso
1815 1039 2019 1114 Syriae
2050 1037 2165 1100 Cli-
2199 1084 2204 1089 2

187 1124 295 1183 des
312 1168 346 1199 ,‚
382 1141 693 1202 rursusque
729 1123 800 1184 ab
824 1123 1018 1183 altero
1050 1122 1462 1201 capite‘Sti'ria‚
1504 1118 1701 1181 contra
1740 1121 2168 1202 Neampaphum

187 1206 569 1284 Hierocepia,
616 1203 814 1267 contra
856 1207 1142 1267 Salamina
1186 1205 1546 1265 Salaminiae.
1618 1207 1674 1264 in
1718 1205 1896 1282 Lycio
1942 1216 2126 1267 autem
2149 1219 2248 1272 131

187 1292 327 1350 mari
357 1289 575 1366 Illyris,
609 1285 931 1367 Telendos,
963 1288 1369 1364 Attelebussa,
1415 1287 1664 1366 Cypriae
1694 1298 1814 1349 tres
1845 1290 2075 1349 steriles
2111 1301 2169 1351 et

187 1373 464 1449 Dionysia
496 1375 663 1452 prius
689 1374 937 1435 Caretha
968 1372 1139 1434 dicta.
1216 1372 1424 1433 deinde
1467 1381 1663 1431 contra
1696 1371 1865 1432 Tauri
1898 1391 2166 1473 promon-

111 1472 168 1513 ιτ»
190 1458 396 1517 torium
432 1452 758 1543 pestiferae
797 1454 1194 1535 navigantibus
1237 1455 1612 1547 Chelidoniae
1656 1457 1911 1516 totidem.
1983 1457 2053 1516 ab
2093 1459 2163 1517 iis

187 1558 315 1600 cum
359 1539 573 1618 oppido
629 1534 905 1613 Leucolla
958 1540 1274 1616 Pactyae,
1306 1539 1502 1614 Lasia,
1540 1537 1887 1617 Nymphais,
1932 1539 2163 1616 Macris,

183 1623 430 1701 Megista
473 1625 632 1682 cuius
679 1626 879 1685 civitas
921 1626 1148 1684 interiit.
1213 1623 1424 1684 multae
1456 1623 1660 1684 deinde
1690 1623 1995 1700 ignobiles
2059 1623 2165 1683 sed

184 1717 387 1767 contra
438 1705 791 1769 Chimaeram
841 1709 1202 1787 Dolichiste,
1261 1706 1728 1784 Choerogylion,
1797 1705 2182 1783 Crambnssa„

182 1789 427 1869 Rhoge,
440 1788 726 1870 Enagora
753 1792 887 1855 VIII
915 1792 973 1853 M
1003 1798 1304 1871 passuum,
1342 1791 1679 1853 Daedaleon
1713 1790 1891 1866 duae,
1930 1789 2163 1867 Cryeon

104 1884 163 1926 2⁰
184 1884 328 1951 tres,
365 1876 697 1952 Strongyle,
731 1885 789 1936 et
820 1887 1017 1939 contra
1051 1876 1283 1951 Sidyma
1313 1876 1580 1938 Antiochi
1612 1835 1998 1952 Glaucumque
2032 1894 2159 1944 ver-

179 1977 282 2017 sus
312 1977 531 2018 amnem
563 1958 841 2042 Lagussa,
868 1960 1099 2036 MacriS,
1132 1959 1434 2038 Didymae,
1465 1958 1673 2035 Helbo,
1706 1960 1923 2035 Scope,
1959 1959 2158 2037 AspiS,

176 2050 268 2186 {th
276 2042 365 2120 (m
393 2061 505 2121 qua
553 2044 839 2122 oppidum
856 2047 1097 2125 interiit)
1140 2042 1477 2121 Telandria,
1524 2058 1916 2136 proxumaque
1961 2040 2158 2134 Cauno

272 2126 504 2187 odussa.

336 2209 514 2292 (36.)
560 2209 675 2272 Sed
698 2209 1079 2291 pulcherrima
1106 2222 1178 2272 et
1191 2210 1374 2271 libera
1388 2211 1648 2283 Rhodos,
1667 2209 1903 2269 circuitu
1920 2207 2129 2268 CXXV
2143 2219 2240 2272 132

104 2304 158 2346 25
179 2290 241 2352 M
267 2310 535 2371 passuum
563 2303 676 2372 aut,
708 2298 758 2355 si
790 2298 981 2375 potius
1012 2296 1240 2356 Isidoro·
1272 2295 1575 2369 credimus,
1602 2291 1750 2368 (3111,
1786 2292 2034 2354 habitata
2066 2311 2155 2351 ur·
2231 2355 2238 2368 ,

177 2375 345 2435 bibus
375 2375 1328 2456 Lind0,Camir0,1alyso,nunc
1358 2378 1581 2438 Rhodo.
1657 2377 1826 2437 distat
1868 2376 1938 2437 ab
1979 2376 2155 2435 Alex-

178 2460 385 2519 andria
396 2459 604 2540 Aegyp
609 2464 659 2520 ti
671 2457 1013 2524 DLXXXIII
1033 2461 1110 2537 Μ,
1136 2471 1198 2522 nt
1218 2460 1471 2522 Isidorus
1505 2460 1696 2536 tradit,
1733 2468 1792 2519 ut
1819 2458 2153 2520 Eratosthe-

176 2560 280 2601 nes
308 2541 692 2605 CCCCLXIX
721 2546 808 2622 M,
846 2547 1227 2608 ut'Mucianus
1257 2543 1344 2620 D,
1377 2564 1409 2605 a
1446 2543 1641 2623 Cypro
1663 2541 1920 2604 CLXVI.
1996 2546 2154 2603 voci·
2207 2551 2211 2556 '

175 2635 291 2686 tata
321 2636 411 2686 est
441 2637 606 2688 antea
635 2627 941 2708 Ophiussa,
974 2631 1226 2707 Asteria,
1262 2628 1530 2703 Aethria,
1564 2628 1889 2702 Trinacrie,
1919 2627 2152 2701 Corym-

105 2708 290 2784 aobia,
325 2709 651 2788 Poeeessa,
698 2713 987 2790 Atabyria
1015 2713 1085 2775 ab
1114 2733 1294 2791 rege,
1337 2713 1468 2772 dein
1497 2712 1754 2772 Macaria
1789 2720 1850 2769 et
1883 2708 2150 2770 Oloessa.

174 2792 525 2854 Rhodiorum
547 2797 765 2857 insulae
791 2793 1111 2880 Carpathus
1138 2816 1286 2877 quae
1313 2799 1452 2856 mari
1480 2812 1687 2855 nomen
1716 2792 1894 2869 dedit,
1918 2791 2237 2868 Casos,133

173 2875 375 2937 Achne
403 2879 559 2953 olim,
590 2878 833 2957 Nisyros
865 2877 1080 2943 distans
1111 2882 1186 2945 ab
1215 2880 1396 2941 Cnido
1428 2879 1539 2939 XII
1576 2878 1692 2939 mil.
1732 2876 1808 2953 D,
1840 2838 2152 2956 Porphyris

173 2970 340 3020 antea
366 2962 539 3038 dicta,
576 2972 636 3023 et
664 2966 872 3026 eodem
901 2974 1086 3026 tractu
1114 2967 1300 3026 media
1329 2968 1477 3024 inter
1503 2962 1764 3023 Rhodum
1795 2957 2149 3038 Cnidumque

171 3043 365 3119 Syme.
447 3048 694 3124 cingitur
737 3047 1009 3110 XXXVII
1046 3050 1162 3109 mil.
1209 3049 1281 3107 D.
1368 3055 1567 3126 portus
1606 3046 1856 3122 benigne
1908 3045 2152 3122 praebet

101 3143 153 3187 ιε»
171 3137 325 3188 octo.
384 3139 618 3209 praeter
640 3131 749 3212 ¹has
777 3135 931 3193 circa
968 3132 1227 3192 Rhodum
1261 3129 1556 3209 Cyclopis,
1592 3129 1891 3206 Teganon,
1929 3127 2148 3202 Cordy-

169 3211 347 3289 lussa,
380 3212 661 3275 Diabatae
688 3215 827 3293 IIII,
861 3215 1106 3292 Hymos,
1140 3215 1357 3276 Chalce
1393 3232 1518 3274 cum
1549 3215 1796 3291 oppido,
1828 3213 2146 3287 Seutlussa,

168 3293 591 3374 Narthecnssa,
622 3300 929 3376 Dimastos,
962 3293 1210 3376 Progne,
1244 3307 1301 3358 et
1330 3316 1362 3358 a
1391 3295 1572 3358 Cnido
1606 3296 1962 3370 Cisserussa,
2000 3295 2147 3355 The·

136 3379 470 3459 -rionarcia,
509 3379 767 3458 Calydne
799 3402 925 3444 oum
955 3384 1135 3445 tribus
1168 3382 1395 3463 oppidis
1427 3381 1622 3461 Notio,
1651 3380 1883 3459 Nisyro,
1916 3379 2146 3440 Mende-

1713 3466 1843 3526 14*

2103 3535 2320 3601 Α
