2320 3650
423 133 581 180 ΝΑΤ.
618 132 800 181 ms'r.
835 135 925 180 xl.
952 131 1249 185 53.—-xr1.
1272 136 1320 185 1.
1357 112 1912 208 (xnus—mna)
2058 129 2178 188 207

165 296 289 347 tum
329 295 420 347 est
452 288 633 362 mori,
667 288 959 355 esuriendi
983 298 1223 369 semper
1254 289 1594 368 inexplebili
1620 290 1898 352 aviditate
1934 295 2027 351 uni
2062 296 2177 353 ani-

166 371 399 430 malium
427 370 662 431 homini.
981 438 984 441 ,

165 529 188 541 Ι
286 455 505 533 (119.)
539 453 852 527 ¹Quaedam
895 474 1095 517 rursus
1142 459 1359 534 exiguo
1399 465 1572 534 gustu
1620 457 1829 519 famem
1877 477 1946 519 ac
1987 463 2137 521 sitim
2158 471 2264 526 284

160 539 369 600 sedant
387 544 881 630 conservantque
898 542 1057 615 viris,
1085 552 1144 602 ut
1176 542 1462 616 butyrum,
1483 541 1754 619 hippace,
1786 543 2172 619 glycyrrhiza.

108 639 136 678 5
165 623 721 702 perniciosissimum
774 632 962 686 autem
1003 626 1062 683 in
1096 628 1247 687 omni
1284 626 1523 703 quidem
1566 627 1680 686 vita
1726 626 1883 704 quod
1926 630 2172 706 nimium,

158 709 480 786 praecipue
532 715 722 766 tamen
761 710 1041 786 corpori,
1091 712 1382 788 minuique
1435 711 1597 788 quod
1640 706 1852 787 gravet
1912 711 2177 790 quolibet

155 791 334 851 modo
366 790 581 853 utilius,
651 788 865 850 Verum
895 792 966 851 ad
991 794 1222 872 >reliqua
1254 804 1493 855 naturae
1530 803 1917 854 transeamus„

613 1076 1631 1230 crirm'sroowui

361 1262 1131 1373 NATURALIS
1190 1282 1975 1376 lllS'llllllAE

82 1454 137 1495 ιο
799 1425 1194 1492 LIBER
1262 1428 1481 1506 ΧΠ,

286 1648 477 1726 (Sect.
519 1650 608 1728 1.)
654 1648 996 1708 Animalium
1029 1650 1274 1708 omnium
1310 1668 1462 1728 quae
1493 1650 1660 1709 nosci
1702 1657 1951 1729 potuere
1998 1658 2154 1710 natu·
2184 1651 2246 1708 -1

152 1749 255 1792 rae
297 1733 629 1809 'generatim
668 1734 1144 1813 membratimque
1189 1736 1375 1793 itase
1412 1734 1654 1794 habent.
1717 1742 1937 1794 restant
1978 1751 2166 1812 neque

152 1818 284 1895 ipsa
315 1818 499 1877 anima
546 1818 831 1896 carentia,
867 1817 1329 1898 qnandoquidem
1360 1817 1501 1879 nihil
1539 1820 1664 1879 sine
1700 1838 1769 1880 ea
1794 1820 1970 1895 vivit,
2012 1828 2168 1878 terra

157 1899 310 1961 edita
327 1947 343 1978 ‚
376 1911 436 1961 ut
462 1903 596 1963 inde
613 1912 793 1963 -eruta
825 1904 1087 1963 dicantur
1110 1921 1187 1963 ac·
1202 1903 1417 1963 nullum
1442 1904 1686 1964 silentur
1702 1919 1901 1964 rerum
1929 1912 2165 1963 naturae

78 2002 136 2041 15
154 2003 325 2064 opus.
388 1985 499 2045 Diu
531 1988 699 2047 fuere
748 1989 977 2047 occulta
1021 1989 1148 2047 eius
1185 1985 1506 2062 beneficia5
1542 2003 1935 2067 summumque
1964 2003 2166 2048 munus

147 2070 367 2130 bomini
385 2069 583 2130 datum
613 2071 859 2131 arbores
883 2071 1719 2149 silvaeque«intellegebantur.
1772 2068 1905 2132 hinc
1928 2074 2166 2151 primum

149 2154 454 2232 alimenta,
486 2156 683 2215 hortun
716 2154 923 2215 fronde
958 2156 1201 2215 mollior
1223 2173 1470 2233 specus,
1509 2156 1662 2215 libro
1695 2158 1896 2215 vestis.
1967 2158 2162 2215 etiam·

150 2256 303 2298 nunc
332 2248 543 2315 gentes
576 2241 661 2299 sic
702 2239 936 2316 degunt.
1016 2257 1130 2318 quo
1167 2241 1355 2316 magis
1382 2256 1451 2298 ac
1482 2242 1668 2316 magis
1709 2240 1975 2300 admirari
2006 2237 2157 2298 subit
2186 2248 2221 2300 2

153 2324 242 2382 his
277 2342 309 2382 a
333 2324 634 2401 principiis
667 2324 1064 2383 caedimontis
1093 2325 1150 2382 in
1173 2339 1477 2393 marmora,
1504 2325 1693 2382 vestis
1717 2323 1998 2404 ad‘Seras
2017 2324 2160 2400 peti,

73 2416 132 2456 ²⁰
147 2408 421 2466 amionem
457 2409 514 2466 in
544 2406 722 2466 Rubri
751 2409 923 2467 maris
954 2407 1272 2486 profunda,
1311 2405 1675 2484 zmaragdum
1718 2408 1776 2466 in
1806 2408 1915 2465 ima
1950 2406 2161 2466 tellure

154 2492 372 2568 quaeri.
434 2492 505 2551 ad
530 2491 645 2551 hoc
676 2492 1008 2567 excogitata
1040 2502 1168 2551 sunt
1199 2492 1415 2551 aurium
1439 2491 1704 2566 volnera,
1734 2492 1994 2550 nimirum
2019 2506 2158 2568 quo·

148 2577 299 2633 niam
336 2592 535 2653 parum
560 2585 685 2635 erat
710 2574 992 2650 manibus,
1031 2576 1208 2649 collo,
1243 2574 1494 2635 crinibus
1522 2576 1764 2651 gestari,
1798 2576 1907 2634 nisi
1937 2575 2158 2634 infode-

149 2665 349 2718 rentur
401 2660 570 2720 etiam
620 2661 873 2737 corpori.
943 2659 1328 2738 *quamobrem
1395 2662 1561 2738 sequi
1598 2675 1719 2737 ‘par
1762 2668 1852 2719 est
1903 2659 2161 2717 ordinem

150 2746 304 2802 vitae
351 2753 410 2802 ct
459 2743 705 2803 arbores
724 2753 855 2803 ante
901 2742 1011 2803 alia
1062 2746 1262 2804 dicere
1311 2760 1381 2802 ac
1420 2743 1678 2803 moribus
1717 2742 2030 2821 primordia
2077 2742 2158 2799 in-

72 2839 130 2878 25
153 2833 384 2903 gerere.
985 2843 986 2852 ¹
1460 2875 1463 2886 .
1618 2865 1621 2868 η

274 2908 416 2989 Ca'p.
453 2912 506 2969 1.
543 2911 669 2991 (2.)
710 2910 871 2970 Haec
901 2912 1067 2970 fuere
1102 2912 1388 2970 numinum
1418 2912 1666 2989 templa,
1699 2912 2013 2988 priscoque
2049 2909 2158 2965 ritu
2189 2918 2224 2971 5

154 2995 438 3072 simplicia
471 3014 603 3055 rura
633 2997 976 3055 etiamnunc
1010 2996 1123 3054 deo
1156 2994 1611 3073 praecellentem
1646 2994 1916 3054 arborem
1949 2992 2158 3053 dicant.

152 3096 263 3137 nec
295 3081 479 3155 magis
511 3097 652 3139 auro
684 3065 964 3156 fulgentia
995 3089 1170 3157 atque
1204 3079 1385 3137 ebore
1428 3080 1733 3139 simulacra
1779 3093 1943 3157 quam
1993 3075 2158 3134 lucos

155 3173 214 3221 et
244 3164 301 3221 in
332 3165 401 3222 iis
437 3163 665 3223 silentia
709 3165 835 3242 ipsa
884 3165 1206 3223 adoramus.
1268 3162 1555 3223 Arborum
1586 3180 1804 3240 genera
1841 3158 2158 3220 numinibus

75 3255 133 3298 3⁰
155 3249 275 3307 suis
307 3247 492 3306 dicata
517 3258 804 3326 perpetuo
833 3257 1156 3320 servantur,
1182 3256 1243 3305 ut
1272 3247 1396 3306 Iovi
1429 3248 1719 3323 aesculnS‚
1752 3245 2017 3325 Apollini
2038 3244 2156 3303 lau·

59 3369 70 3378 x
155 3349 286 3404 rus„
319 3330 611 3390 Minervae
656 3333 825 3404 olea,
866 3331 1083 3391 Veneri
1125 3340 1377 3405 myrtu8‚
1425 3330 1660 3390 Herculi
1691 3331 1962 3409 populus.
2023 3329 2160 3407 quin

157 3424 218 3473 et
253 3414 508 3474 silvanos
542 3416 861 3493 faunosque
900 3425 957 3474 et
994 3417 1226 3474 dearum
1257 3432 1477 3493 genera
1505 3415 1668 3474 silvis
1700 3432 1769 3475 ac
1802 3432 1904 3473 sna
1934 3414 2156 3472 numina
