2320 3650
555 107 720 191 ΝΑΤ.
753 104 935 155 ms‘r.
966 106 1097 154 1111.
1145 101 1383 158 12—13.
1418 91 1718 178 (26—27.)
2029 89 2147 157 175

140 261 347 342 maspi.
414 259 557 322 Mox
596 260 809 341 Ripaei
849 270 1082 322 montes
1119 270 1179 322 et
1211 261 1452 323 adsiduo
1485 263 1633 323 nivis
1676 280 1815 324 casu
1852 263 2150 342 pinnarum

143 346 516 408 similitudine
540 345 939 425 Pterophoros
962 346 1256 425 appellata
1286 347 1478 424 regin,
1509 365 1646 426 pars
1676 348 1865 408 mundi
1890 347 2150 408 damnata

145 450 177 493 a
202 448 401 491 rernm
433 439 634 490 natura
668 438 727 490 et
763 429 944 490 densa
967 447 1165 490 »mersa
1198 430 1478 508 caligine,
1524 449 1714 509 neque
1748 433 1804 491 in
1833 431 1947 493 alio
1979 450 2147 512 quam

146 517 359 593 rigoris
391 531 581 594 opere
612 514 943 592 gelidisque
976 513 1284 593 Aquilonis
1339 515 1792 594 conceptaculis.
1853 514 2013 575 Pone
2047 525 2236 580 e0s89

100 601 353 663 smontis
396 600 668 678 ultraque
715 597 1063 677 Aquilonem
1107 616 1254 676 gens
1294 598 1440 659 felix
1480 599 1561 677 (si
1606 599 1958 679 credimus),
2001 617 2148 678 quos

144 682 573 763 Hyperboreos
603 683 1007 762 appellavere,
1040 700 1260 743 annoso
1286 671 1454 760 degit
1483 700 1654 760 aevo,
1688 683 1968 744 fabulosis
1994 685 2151 743 cele-

145 769 307 829 brata
336 766 656 828 miraculis.
717 766 805 827 Ibi
847 767 1155 828 creduntur
1197 785 1332 827 esse
1366 768 1631 829 cardines
1662 768 1853 828 mundi
1864 768 2151 840 extremi-

143 870 264 931 que·
303 852 567 913 siderum
600 849 844 930 ambitus
887 852 1156 911 semestri
1203 852 1337 912 luce
1381 861 1439 911 et
1478 870 1590 912 una
1632 853 1724 912 die
1760 851 1904 913 solis
1935 852 2150 927 aversi,

145 954 289 1012 non,
331 945 396 996 ut
431 936 665 1015 inperiti
709 935 945 1011 dixere,
989 934 1062 995 ab
1104 936 1472 1035 aequinoctio
1494 949 1689 997 verno
1720 938 1777 996 in
1808 945 2149 997 autumnum.

83 1042 132 1084 ιο
150 1020 337 1082 semel
382 1021 443 1079 in
485 1036 636 1079 anno
676 1019 925 1104 solstitio
969 1019 1228 1080 oriuntur
1268 1021 1338 1079 iis
1383 1020 1576 1096 soles,
1618 1020 1934 1099 brumaque
1969 1019 2153 1080 semel

147 1105 442 1166 occidunt.
507 1104 693 1204 regio·
701 1104 937 1203 aprica,
985 1103 1148 1165 felici
1177 1105 1495 1183 temperie,
1544 1105 1696 1165 omui
1739 1105 1949 1166 adflatu
1978 1105 2153 1165 noxio

145 1207 378 1250 carens.
441 1188 693 1249 domus
675 1188 748 1248 lis
789 1205 1024 1248 nemora
1055 1187 1317 1268 lucique,
1367 1197 1426 1248 et
1456 1188 1697 1249 deorum
1729 1189 1915 1249 cultus
1944 1190 2154 1250 viritim

145 1274 590 1374 gregatimque,
622 1272 913 1334 discordia
947 1273 1148 1350 ignota
1177 1281 1235 1332 et
1265 1272 1567 1350 aegritudo
1604 1274 1805 1333 omnis.
1854 1291 2012 1334 mors
2040 1290 2160 1333 non

146 1359 256 1418 nisi
302 1358 579 1418 satietate
628 1358 783 1417 vitae
836 1355 1083 1435 epulatis
1131 1355 1537 1435 delibutoque
1558 1359 1722 1417 senio
1767 1358 1904 1418 luxu
1936 1376 1970 1417 e
2016 1375 2155 1436 qua·

83 1462 130 1503 ιε»
149 1441 277 1502 dam
325 1459 476 1520 rupe
518 1442 577 1500 in
614 1457 773 1501 mare
808 1441 1173 1501 salientium·
1214 1440 1330 1501 hoc
1360 1459 1544 1520 genus
1576 1441 1911 1519 sepulturae
1941 1439 2153 1501 beatis·

150 1527 375 1586 simum.
446 1524 688 1598 Quidam
735 1541 841 1585 eos
874 1526 934 1584 in
976 1525 1159 1603 prima
1211 1534 1377 1603 parte
1408 1525 1587 1586 Asiae
1620 1526 1849 1586 litorum
1878 1534 2243 1605 posuere,90

148 1627 270 1669 non
300 1612 361 1670 in
393 1608 659 1688 Europa,
712 1610 845 1688 quia
873 1618 1006 1670 sunt
1047 1610 1127 1670 ibi
1158 1609 1525 1670 similitudine
1561 1619 1618 1669 et
1648 1610 1790 1669 situs
1821 1609 2157 1669 Attacorum

149 1696 404 1755 nomine.
465 1694 562 1754 alii
596 1693 1061 1754 medios'fecere
1108 1711 1216 1754 eos
1264 1694 1414 1753 inter
1456 1702 1758 1772 utrumque
1799 1694 2017 1770 solem,
2062 1711 2158 1753 an-

151 1779 415 1859 tipodum
464 1795 713 1840 occasus
764 1779 1244 1858 exorientemque
1287 1787 1574 1854 nostrum,
1631 1778 1786 1858 quod
1825 1778 1951 1840 lieri
1999 1777 2159 1839 nullo

83 1865 332 1930 nmodo
377 1871 578 1943 potest
625 1872 739 1923 tam
781 1873 949 1924 vasto
991 1865 1133 1923 mari
1178 1865 1639 1924 interveniente.
1673 1864 1770 1942 qui
1811 1864 1949 1924 alibi
1992 1881 2161 1944 quam

149 1951 210 2010 in
239 1949 517 2025 semestri
560 1947 695 2008 luce
734 1942 1087 2009 constituere
1130 1965 1267 2024 eos,
1311 1956 1514 2008 serere
1553 1948 1874 2024 matutinis,
1920 1947 2161 2007 meridie

152 2018 416 2109 metere,
479 2020 785 2094 occidente
843 2032 999 2093 fetus
1040 2032 1311 2093 arborum
1369 2033 1728 2111 decerpere,
1790 2030 2056 2093 noctibus
2102 2032 2158 2091 iu

154 2132 375 2196 specus
421 2116 593 2199 condi
634 2116 1011 2177 tradiderunt.
1073 2115 1203 2176 Nec
1244 2115 1386 2177 licet
1432 2116 1694 2180 dubitare
1735 2116 1809 2177 de
1847 2124 2023 2193 gente
2068 2132 2161 2191 ea,
2178 2123 2246 2179 91

155 2219 286 2262 cum
339 2209 428 2261 tot
476 2208 749 2261 auctores
801 2200 1048 2281 prodant
1101 2200 1329 2278 frugum
1378 2200 1660 2279 primitias
1711 2199 1919 2260 solitos
1970 2199 2165 2259 Delon

88 2287 387 2350 amittere
434 2283 696 2364 Apollini
745 2302 915 2364 quem
964 2286 1281 2363 praecipue
1330 2285 1544 2351 colunt.
1601 2286 1859 2362 virgines
1899 2281 2166 2344 ferebant

156 2388 261 2431 eas
307 2369 576 2448 hospitiis
618 2371 871 2446 gentium
917 2387 1024 2449 per
1056 2385 1239 2429 annos
1270 2368 1492 2448 aliquot
1521 2367 1928 2446 venerabiles,
1974 2368 2165 2429 donec

93 2502 114 2519 .
153 2453 376 2514 violata
423 2452 537 2512 fide
585 2454 642 2511 in
687 2454 984 2531 proxumis
1035 2453 1369 2514 adcolarum
1420 2453 1626 2514 finibus
1668 2455 1967 2533 deponere
1999 2469 2164 2512 sacra

158 2555 229 2598 ea
262 2538 600 2612 instituere,
637 2536 812 2615 hique
843 2538 918 2598 ad
948 2539 1341 2598 conterminos
1372 2537 1630 2614 deferre,
1661 2547 1834 2616 atque
1865 2539 1941 2598 ita
1972 2536 2167 2597 Delon

156 2638 367 2701 usque.
428 2636 565 2680 mox
620 2628 678 2680 et
721 2620 837 2680 hoc
883 2622 1071 2699 ipsum
1115 2621 1394 2681 exolevit.
1471 2622 1822 2699 Sarmatiae,
1866 2621 2162 2697 Scythiae,

92 2704 483 2780 so'I'auricae,
542 2703 841 2785 omnisque
892 2723 925 2765 a
969 2704 1333 2781 Borysthene
1385 2723 1547 2766 amne
1598 2715 1816 2766 tractus
1865 2703 2165 2782 longitudo

159 2786 771 2865 nccchxxxm,
822 2789 1061 2850 latitudo
1104 2787 1427 2850 DCCXVII
1466 2788 1525 2849 M
1566 2807 1599 2850 a
1649 2788 1725 2848 M.
1758 2789 2023 2868 Agrippa
2051 2797 2164 2848 tra-

161 2874 279 2935 dita
331 2882 441 2932 est.
516 2888 632 2950 ego
688 2874 967 2934 incertam
1013 2875 1072 2934 in
1123 2874 1238 2935 hac
1292 2883 1575 2935 terrarum
1623 2881 1791 2954 parte
1842 2889 2165 2932 mensuram

137 2957 435 3019 ‘arbitron

286 3040 459 3121 (27.)
490 3041 705 3102 Verum
749 3043 1024 3103 instituto
1052 3042 1255 3102 ordine
1299 3043 1525 3121 reliqua
1564 3042 1730 3103 huius
1774 3042 1932 3101 sinus
1972 3041 2163 3104 dican-

92 3136 289 3207 astur,
323 3133 386 3185 et
414 3128 592 3185 maria
628 3125 856 3205 quidem
892 3128 1017 3187 eius
1047 3129 1519 3206 nuncupavimus.

289 3208 390 3270 13.
423 3208 862 3290 Hellespontus
900 3211 1116 3272 insulas
1164 3227 1280 3271 non
1309 3210 1533 3271 habet
1514 3229 1572 3271 ιιι
1602 3209 1836 3289 Europa
1864 3204 2163 3273 dicendas.
2182 3217 2254 3273 92

162 3295 228 3356 iu
264 3294 453 3357 Ponto
497 3294 678 3369 duae,
730 3293 789 3355 M
829 3290 881 3355 Ι)
924 3312 1080 3375 pass.
1129 3295 1204 3355 ab
1249 3293 1539 3374 Europa,
1568 3293 1732 3355 XIIII
1773 3293 1833 3354 Μ
1874 3295 1947 3355 ab
1993 3293 2165 3368 ostio,

165 3376 478 3456 cyaneae,
509 3378 581 3439 ab
612 3377 740 3442 aliis
769 3379 1198 3460 Symplegades
1230 3378 1584 3459 appellatae,
1610 3380 1974 3458 traditaeque
2005 3377 2164 3438 fabu-

2198 3546 2250 3576 A
