2320 3650
584 83 755 128 ..NAT
795 61 1403 134 HIST.X1.14——16·
1454 39 1759 149 (14-I6.)
2010 70 2123 130 165

63 231 322 311 εἰμὴ
346 236 402 297 id
427 254 687 298 maxume
717 240 929 298 arcturi
960 247 1198 298 exortus
1222 255 1297 297 ex
1321 255 1373 296 a.
1407 237 1462 298 d.
1486 237 1673 316 pridie
1705 236 1831 297 idus
1863 237 2127 315 Septem·

63 319 276 379 bris
315 321 537 397 quidam
568 323 845 381 aestivam
876 321 1265 381 mellationem
1268 322 1369 386 ad
1401 322 1610 381 arcturi
1643 329 1904 381 exortum
1932 321 2125 398 profe-

127 412 296 478 runt
332 406 589 481 quoniam
616 404 689 465 ad
720 406 1145 483 aequinoctium
1178 406 1427 466 autumni
1470 404 1541 464 ab
1576 422 1648 464 eo
1684 406 1976 484 supersint
2005 405 2128 464 dies

128 489 614 565 (piattuordecim‚
662 496 721 547 et
776 488 849 548 ab
905 491 1274 567 aequinoctio
1323 489 1393 549 ad
1442 488 1812 565 vergiliarum
1857 506 2126 548 occasum

84 570 335 632 ⁵diebus
360 586 577 634 XLVIII
609 572 870 650 pluruma
894 576 968 633 sit
999 576 1178 633 erice.
1238 572 1628 633 Athenienses
1654 590 1779 638 eam
1807 572 2129 632 tetradicen
2145 580 2213 633 42

67 719 70 722 ,
126 655 728 734 appellant‚-Euboea
765 657 1042 731 sisyrnm,
1087 666 1405 736 putantque
1449 656 1650 735 apibus
1688 674 1825 716 esse
1869 658 2128 733 gratissi·

63 791 70 810 ,
124 756 308 814 mam,
337 741 599 801 fortassis
632 741 763 817 quia
792 750 927 800 tunc
958 741 1113 800 nulla
1139 741 1252 801 alia
1283 743 1357 800 sit
1388 742 1578 819 copia.
1638 741 1787 799 haec
1815 757 1958 816 ergo
1989 740 2125 799 mel-

63 823 66 826 ’
127 822 263 884 latio
288 822 397 884 fine
419 823 742 886 vindemiae
768 833 827 883 et
843 825 1216 901 vergiliarum
1242 842 1457 885 occasu
1488 824 1676 884 idibus
1702 822 2126 884 Novembribus

127 906 254 967 fere
279 907 612 969 includitur.
672 907 922 986 relinqui
965 927 1040 968 ex
1082 927 1152 968 ea
1188 908 1328 968 duas
1363 909 1544 986 partis
1579 907 1781 985 apibus
1814 910 1959 967 ratio
1994 926 2125 985 per·

69 1001 111 1044 1⁰
126 991 376 1066 suadet,
403 1000 462 1052 et
500 1009 734 1069 semper
779 1010 881 1051 eas
926 994 1105 1070 partis
1141 993 1402 1051 favorum
1433 1008 1582 1070 qnae
1624 990 1876 1051 habeant
1919 990 2125 1050 eritha-

127 1093 282 1152 σου..
323 1074 374 1133 A
405 1075 605 1135 bruma
647 1075 720 1134 ad
751 1077 964 1135 arcturi
997 1085 1262 1146 exortum
1305 1076 1509 1136 diebus
1540 1089 1636 1134 Lx
1665 1093 1866 1136 somno
1901 1075 2124 1134 aluntur
2142 1083 2212 1135 43

124 1159 244 1220 sine
289 1158 406 1218 ullo
452 1159 605 1219 cibo.
694 1159 766 1218 ab
809 1162 1023 1228 arcturi
1058 1169 1264 1219 exortu
1307 1159 1380 1219 ad
1425 1161 1851 1237 aequinoctium
1889 1176 2128 1218 vernum

63 1311 64 1314 Ἴ
123 1244 409 1321 tepidiore
442 1252 626 1303 tractu
667 1244 775 1304 iam
799 1243 1070 1320 vigilant,
1111 1243 1217 1302 sed
1250 1244 1555 1302 etiamnum
1582 1244 1716 1302 alvo
1742 1261 1808 1302 se
1836 1244 2128 1302 continent

126 1336 504 1404 servatosque
547 1327 605 1385 in
632 1327 688 1386 id
727 1336 953 1405 tempus
995 1325 1158 1387 cibos
1192 1334 1481 1404 repetunt.
1549 1327 1609 1384 in
1640 1325 1805 1385 Italia
1833 1344 1978 1386 vero
2012 1327 2126 1386 hoc

70 1417 110 1457 15
126 1410 271 1474 idem
308 1428 342 1470 a
371 1410 742 1486 vergiliarum
788 1420 993 1470 exortu
1026 1410 1258 1470 faciunt.
1312 1411 1369 1468 in
1399 1427 1530 1469 eum
1559 1409 1895 1468 dormiunt.·
1929 1409 2114 1468 Alvos
2137 1417 2209 1473 44

126 1493 349 1572 quidam
388 1496 443 1557 in
489 1494 805 1554 eximendo·
839 1494 1014 1553 melle
1062 1494 1428 1571 expendunt,
1475 1495 1552 1553 ita
1583 1492 1900 1560 diribentes
1950 1511 2126 1570 quan-

123 1586 231 1638 tum
277 1578 622 1655 relinquant.
694 1580 955 1655 aequitas
1011 1578 1241 1656 quidem
1289 1579 1459 1637 etiam
1500 1577 1557 1635 in
1610 1577 1679 1634 iis
1729 1576 2124 1653 obstringitur,

124 1661 425 1739 feruntque
456 1663 742 1722 societate
766 1662 1027 1722 fraudata
1051 1661 1217 1721 alvos
1245 1662 1411 1720 mori.
1468 1661 1526 1719 in
1554 1660 1752 1738 primis
1786 1678 1930 1736 ergo
1954 1678 2122 1738 prae—

128 1746 327 1823 cipitur
372 1754 434 1803 ut
478 1745 617 1805 lauti
659 1747 906 1824 purique
952 1747 1199 1805 eximant
1233 1745 1427 1821 mella.
1496 1754 1554 1805 et
1583 1745 1769 1804 furem
1800 1745 2124 1804 mulierum-

68 1847 230 1908 mque
264 1847 499 1891 menses
545 1829 746 1890 odere.
835 1828 977 1891 Cum
1006 1831 1326 1891 eximantur
1364 1829 1575 1905 mella,
1625 1831 1750 1906 apis
1775 1828 1929 1907 abigi
1962 1829 2117 1888 fumo
2141 1835 2210 1891 45

124 1915 492 1987 utilissimum,
528 1932 599 1973 ne
626 1916 944 1975 irascantur
975 1924 1071 1973 aut
1117 1917 1282 1993 ipsae
1311 1914 1492 1981 avide*
1513 1923 1740 1979 vorent.
1805 1913 1961 1973 fumo
1999 1932 2127 1973 cren

121 1997 309 2058 briore
354 2006 412 2056 et
450 1999 679 2074 ignavia
727 2015 922 2058 earum
953 2000 1238 2058 excitatur
1280 1997 1351 2058 ad
1391 2015 1606 2075 opera,
1658 2014 1788 2056 nam
1816 1999 1926 2056 nisi
1965 1999 2123 2056 ineu-

122 2082 364 2156 havere,
398 2081 570 2145 favos
610 2082 821 2142 lividos
853 2082 1085 2146 faciunt.
1162 2099 1360 2141 rursus
1383 2082 1540 2140 fumo
1571 2082 1742 2140 nimio
1776 2081 2120 2156 inficiuntur,

122 2166 341 2245 quando
369 2166 646 2225 iniuriam
699 2166 1007 2225 celerrime
1035 2167 1292 2225 sentiunt
1334 2164 1508 2224 mella
1552 2166 1647 2224 vel
1691 2165 1937 2223 minumo
1983 2181 2119 2222 con-

69 2259 263 2311 macta
295 2250 449 2311 roris
493 2251 846 2310 acescentia.
923 2259 981 2308 et
1029 2249 1103 2308 ob
1152 2249 1211 2308 id
1241 2252 1400 2307 inter
1418 2265 1640 2323 genera
1671 2256 1935 2306 servatur
1967 2247 2122 2325 quod

122 2351 393 2413 acapnum
429 2343 661 2393 vocant.

233 2418 403 2497 (16.)
470 2417 649 2476 Fetus
697 2435 943 2496 quonam
996 2417 1167 2477 modo
1215 2424 1680 2494 progenerarent
1724 2433 1931 2492 magna
1973 2418 2210 2478 inter46

123 2503 370 2562 eruditos
425 2510 485 2560 et
523 2501 749 2561 subtilis
792 2500 896 2561 fuit
940 2503 1223 2579 quaestio.
1297 2502 1491 2578 apium·
1532 2500 1681 2558 enim
1735 2500 1923 2559 coitus
1963 2501 2124 2558 visus

120 2595 199 2645 est
223 2602 551 2662 numquam.
623 2585 824 2664 plures
856 2586 1265 2645 existimavere
1297 2602 1400 2644 ore
1436 2583 1687 2660 confingi
1712 2583 1954 2643 floribus
1985 2600 2121 2643 con-

68 2682 109 2725 3ο
126 2671 321 2748 positis
343 2679 480 2747 apte
504 2678 686 2748 atque.
701 2670 934 2729 utiliter.
1003 2670 1180 2748 aliqui
1213 2670 1364 2728 coitu
1395 2669 1581 2742 unius,
1615 2669 1711 2746 qui
1748 2685 1861 2726 rex
1889 2669 1946 2725 in
1979 2683 2120 2744 quo-

122 2752 585 2832 qneappellatur
615 2754 911 2819 examine„
960 2753 1112 2813 hunc
1142 2764 1276 2812 esse
1312 2753 1500 2813 solum
1522 2769 1733 2811 marem
1752 2795 1770 2826 ,
1803 2752 2123 2828 praecipua

121 2836 531 2916 magnitudine,
559 2845 653 2896 'ne
696 2837 948 2898 fatiscat.
1011 2838 1142 2898 ideo
1177 2838 1356 2896 fetum
1384 2838 1507 2895 sine
1538 2853 1612 2895 eo
1644 2854 1760 2895 non
1795 2835 1923 2909 edi,
1967 2834 2119 2911 apis-

122 2941 216 3001 que
245 2920 516 2998 reliquas
547 2931 829 2999 tamquam
853 2940 1068 2981 marem
1100 2922 1340 2981 feminas
1376 2920 1656 2995 comitari,
1690 2937 1806 2991 non
1834 2927 2123 2995 tamquam

122 3005 347 3080 ducem,
401 3004 979 3083 quam·probabilem
1022 3006 1166 3065 alias
1199 3006 1537 3065 sententiam
1572 3004 1836 3063 fucorum
1869 3017 2118 3080 proven-

66 3106 106 3146 35
121 3099 197 3151 tus
231 3090 519 3165 coarguit.
585 3108 732 3168 quae
767 3091 917 3149 enim
947 3091 1095 3149 ratio
1126 3099 1187 3148 ut
1217 3090 1367 3150 idem
1399 3090 1588 3148 coitus
1619 3085 1981 3166 inperfectos
2011 3103 2117 3162 ge-

119 3183 271 3236 neret
303 3170 497 3232 alios?
564 3173 809 3253 Propior
844 3190 986 3232 vero
1023 3174 1187 3251 prior
1217 3174 1564 3232 existimatio
1599 3172 1796 3245 fieret,
1828 3171 1883 3228 ni
1918 3187 2117 3229 rursus
2135 3176 2203 3231 47

120 3259 217 3319 alia
243 3255 559 3317 difficultas
591 3266 916 3317 ocurreret.
983 3258 1201 3335 quippe
1238 3266 1551 3315 nascuntur
1594 3254 1985 3334 aliquandoin
2018 3273 2117 3313 ex·

119 3343 305 3403 tremis
349 3339 500 3399 favis
546 3359 689 3420 apes
732 3341 1078 3418 grandiores
1122 3359 1272 3420 quae
1318 3349 1548 3400 ceteras
1592 3340 1811 3417 fugant.
1888 3347 2117 3398 oestrus

2156 3458 2256 3580 A
