<?xml version="1.0" encoding="UTF-8"?>
<!DOCTYPE html PUBLIC "-//W3C//DTD XHTML 1.0 Transitional//EN"
    "http://www.w3.org/TR/xhtml1/DTD/xhtml1-transitional.dtd">
<html xmlns="http://www.w3.org/1999/xhtml" xml:lang="en" lang="en">
 <head>
  <title>
</title>
<meta http-equiv="Content-Type" content="text/html;charset=utf-8" />
  <meta name='ocr-system' content='tesseract 3.04.00' />
  <meta name='ocr-capabilities' content='ocr_page ocr_carea ocr_par ocr_line ocrx_word'/>
</head>
<body>
  <div class='ocr_page' id='page_1' title='image "./cplinisecundina00eldegoog_0495.png"; bbox 0 0 2320 3650; ppageno 0'>
   <div class='ocr_carea' id='block_1_1' title="bbox 98 82 2251 3449">
    <p class='ocr_par' dir='ltr' id='par_1_1' title="bbox 98 82 2251 3449">
     <span class='ocr_line' id='line_1_1' title="bbox 185 82 1901 182; baseline -0.006 -39"><span class='ocrx_word' id='word_1_1' title='bbox 185 82 304 147; x_wconf 82' lang='lat'><strong>152</strong></span> <span class='ocrx_word' id='word_1_2' title='bbox 880 89 942 139; x_wconf 87' lang='lat' dir='ltr'><strong>c.</strong></span> <span class='ocrx_word' id='word_1_3' title='bbox 976 89 1173 152; x_wconf 69' lang='lat' dir='ltr'><strong>Pmm</strong></span> <span class='ocrx_word' id='word_1_4' title='bbox 1205 87 1509 136; x_wconf 66' lang='lat' dir='ltr'><strong>suenum</strong></span> <span class='ocrx_word' id='word_1_5' title='bbox 1886 153 1901 182; x_wconf 49' lang='grc' dir='ltr'><em>Ι</em></span> 
     </span>
     <span class='ocr_line' id='line_1_2' title="bbox 180 241 2251 330; baseline -0.005 -18"><span class='ocrx_word' id='word_1_6' title='bbox 180 252 406 330; x_wconf 86' lang='lat' dir='ltr'><strong>pariunt</strong></span> <span class='ocrx_word' id='word_1_7' title='bbox 450 247 717 325; x_wconf 82' lang='lat' dir='ltr'><strong>singulos</strong></span> <span class='ocrx_word' id='word_1_8' title='bbox 766 243 1157 321; x_wconf 75' lang='lat' dir='ltr'><strong>magnitudine</strong></span> <span class='ocrx_word' id='word_1_9' title='bbox 1203 242 1741 303; x_wconf 29' lang='lat' dir='ltr'><strong>vitulisstrimestni‘s.</strong></span> <span class='ocrx_word' id='word_1_10' title='bbox 1820 242 2033 304; x_wconf 78' lang='lat' dir='ltr'><strong>cameli</strong></span> <span class='ocrx_word' id='word_1_11' title='bbox 2062 241 2177 302; x_wconf 85' lang='lat' dir='ltr'><strong>duo·</strong></span> <span class='ocrx_word' id='word_1_12' title='bbox 2250 283 2251 302; x_wconf 41' lang='lat'>1</span> 
     </span>
     <span class='ocr_line' id='line_1_3' title="bbox 181 328 2251 410; baseline -0.004 -14"><span class='ocrx_word' id='word_1_13' title='bbox 181 336 370 396; x_wconf 81' lang='lat' dir='ltr'><strong>decim</strong></span> <span class='ocrx_word' id='word_1_14' title='bbox 398 332 693 394; x_wconf 75' lang='lat' dir='ltr'><strong>mensibus</strong></span> <span class='ocrx_word' id='word_1_15' title='bbox 717 331 930 402; x_wconf 80' lang='lat' dir='ltr'><strong>ferunt,</strong></span> <span class='ocrx_word' id='word_1_16' title='bbox 963 347 997 388; x_wconf 83' lang='lat' dir='ltr'><strong>e</strong></span> <span class='ocrx_word' id='word_1_17' title='bbox 1028 330 1257 410; x_wconf 81' lang='lat' dir='ltr'><strong>trimatu</strong></span> <span class='ocrx_word' id='word_1_18' title='bbox 1285 328 1512 405; x_wconf 85' lang='lat' dir='ltr'><strong>pariunt</strong></span> <span class='ocrx_word' id='word_1_19' title='bbox 1541 346 1687 387; x_wconf 77' lang='lat' dir='ltr'><strong>vere</strong></span> <span class='ocrx_word' id='word_1_20' title='bbox 1717 329 2042 407; x_wconf 75' lang='lat' dir='ltr'><strong>iterumque</strong></span> <span class='ocrx_word' id='word_1_21' title='bbox 2071 337 2178 405; x_wconf 76' lang='lat' dir='ltr'><strong>post</strong></span> <span class='ocrx_word' id='word_1_22' title='bbox 2250 379 2251 392; x_wconf 68' lang='grc'>,</span> 
     </span>
     <span class='ocr_line' id='line_1_4' title="bbox 98 403 2251 496; baseline -0.006 -14"><span class='ocrx_word' id='word_1_23' title='bbox 98 430 199 483; x_wconf 89' lang='grc'><strong>180</strong></span> <span class='ocrx_word' id='word_1_24' title='bbox 214 438 419 480; x_wconf 83' lang='lat' dir='ltr'><strong>annum</strong></span> <span class='ocrx_word' id='word_1_25' title='bbox 453 403 814 496; x_wconf 72' lang='lat' dir='ltr'><strong>inplentum‘r</strong></span> <span class='ocrx_word' id='word_1_26' title='bbox 837 413 1023 492; x_wconf 81' lang='lat' dir='ltr'><strong>partu.</strong></span> <span class='ocrx_word' id='word_1_27' title='bbox 1090 430 1274 490; x_wconf 80' lang='lat' dir='ltr'><strong>equas</strong></span> <span class='ocrx_word' id='word_1_28' title='bbox 1310 421 1505 472; x_wconf 76' lang='lat' dir='ltr'><strong>autem</strong></span> <span class='ocrx_word' id='word_1_29' title='bbox 1547 413 1685 490; x_wconf 72' lang='lat' dir='ltr'><strong>pos&#39;t</strong></span> <span class='ocrx_word' id='word_1_30' title='bbox 1716 414 1955 472; x_wconf 74' lang='lat' dir='ltr'><strong>tertium</strong></span> <span class='ocrx_word' id='word_1_31' title='bbox 1985 413 2179 472; x_wconf 69' lang='lat' dir='ltr'><strong>demun</strong></span> <span class='ocrx_word' id='word_1_32' title='bbox 2250 469 2251 490; x_wconf 15' lang='grc' dir='ltr'>χ</span> 
     </span>
     <span class='ocr_line' id='line_1_5' title="bbox 181 496 2251 582; baseline -0.005 -19"><span class='ocrx_word' id='word_1_33' title='bbox 181 513 277 564; x_wconf 88' lang='lat' dir='ltr'><strong>aut</strong></span> <span class='ocrx_word' id='word_1_34' title='bbox 313 513 460 582; x_wconf 68' lang='lat' dir='ltr'><strong>post</strong></span> <span class='ocrx_word' id='word_1_35' title='bbox 487 520 655 562; x_wconf 84' lang='lat' dir='ltr'><strong>unum</strong></span> <span class='ocrx_word' id='word_1_36' title='bbox 685 498 757 558; x_wconf 88' lang='lat' dir='ltr'><strong>ab</strong></span> <span class='ocrx_word' id='word_1_37' title='bbox 790 500 962 557; x_wconf 82' lang='lat' dir='ltr'><strong>enixu</strong></span> <span class='ocrx_word' id='word_1_38' title='bbox 994 498 1213 557; x_wconf 79' lang='lat' dir='ltr'><strong>utiliter</strong></span> <span class='ocrx_word' id='word_1_39' title='bbox 1245 496 1463 557; x_wconf 79' lang='lat' dir='ltr'><strong>admitti</strong></span> <span class='ocrx_word' id='word_1_40' title='bbox 1492 505 1714 576; x_wconf 80' lang='lat' dir='ltr'><strong>putant,</strong></span> <span class='ocrx_word' id='word_1_41' title='bbox 1758 506 2090 576; x_wconf 75' lang='lat' dir='ltr'><strong>coguntque</strong></span> <span class='ocrx_word' id='word_1_42' title='bbox 2114 498 2178 554; x_wconf 79' lang='lat' dir='ltr'><strong>in·</strong></span> <span class='ocrx_word' id='word_1_43' title='bbox 2250 501 2251 524; x_wconf 77' lang='lat'><em>³</em></span> 
     </span>
     <span class='ocr_line' id='line_1_6' title="bbox 180 573 2209 660; baseline -0.005 -13"><span class='ocrx_word' id='word_1_44' title='bbox 180 590 348 648; x_wconf 87' lang='lat' dir='ltr'><strong>vitas.</strong></span> <span class='ocrx_word' id='word_1_45' title='bbox 412 588 520 648; x_wconf 79' lang='lat' dir='ltr'><strong>sed</strong></span> <span class='ocrx_word' id='word_1_46' title='bbox 550 585 686 645; x_wconf 77' lang='lat' dir='ltr'><strong>muli</strong></span> <span class='ocrx_word' id='word_1_47' title='bbox 717 593 902 643; x_wconf 82' lang='lat' dir='ltr'><strong>mater</strong></span> <span class='ocrx_word' id='word_1_48' title='bbox 939 592 1211 660; x_wconf 76' lang='lat' dir='ltr'><strong>septumo</strong></span> <span class='ocrx_word' id='word_1_49' title='bbox 1261 582 1365 642; x_wconf 72' lang='lat' dir='ltr'><strong>die</strong></span> <span class='ocrx_word' id='word_1_50' title='bbox 1401 573 2049 660; x_wconf 55' lang='lat' dir='ltr'><strong>conciperesfaoillime</strong></span> <span class='ocrx_word' id='word_1_51' title='bbox 2078 597 2209 639; x_wconf 69' lang='lat' dir='ltr'><strong>ere-5</strong></span> 
     </span>
     <span class='ocr_line' id='line_1_7' title="bbox 184 661 2251 750; baseline -0.005 -17"><span class='ocrx_word' id='word_1_52' title='bbox 184 673 353 733; x_wconf 84' lang='lat' dir='ltr'><strong>ditur.</strong></span> <span class='ocrx_word' id='word_1_53' title='bbox 421 674 700 750; x_wconf 80' lang='lat' dir='ltr'><strong>equarum</strong></span> <span class='ocrx_word' id='word_1_54' title='bbox 730 668 896 727; x_wconf 69' lang='lat' dir='ltr'><strong>iubas</strong></span> <span class='ocrx_word' id='word_1_55' title='bbox 926 666 1174 726; x_wconf 81' lang='lat' dir='ltr'><strong>tondere</strong></span> <span class='ocrx_word' id='word_1_56' title='bbox 1208 666 1608 744; x_wconf 85' lang='lat' dir='ltr'><strong>praecipiunt,</strong></span> <span class='ocrx_word' id='word_1_57' title='bbox 1643 676 1707 725; x_wconf 90' lang='lat' dir='ltr'><strong>ut</strong></span> <span class='ocrx_word' id='word_1_58' title='bbox 1749 669 2048 726; x_wconf 79' lang='lat' dir='ltr'><strong>asinorum</strong></span> <span class='ocrx_word' id='word_1_59' title='bbox 2086 666 2179 724; x_wconf 88' lang='lat' dir='ltr'><strong>coi-</strong></span> <span class='ocrx_word' id='word_1_60' title='bbox 2250 661 2251 676; x_wconf 59' lang='lat'>¹</span> 
     </span>
     <span class='ocr_line' id='line_1_8' title="bbox 184 750 2179 836; baseline -0.006 -19"><span class='ocrx_word' id='word_1_61' title='bbox 184 767 300 817; x_wconf 92' lang='lat' dir='ltr'><strong>tum</strong></span> <span class='ocrx_word' id='word_1_62' title='bbox 349 758 636 836; x_wconf 84' lang='lat' dir='ltr'><strong>patiantur</strong></span> <span class='ocrx_word' id='word_1_63' title='bbox 676 751 1013 825; x_wconf 81' lang='lat' dir='ltr'><strong>humilitate.</strong></span> <span class='ocrx_word' id='word_1_64' title='bbox 1109 753 1397 819; x_wconf 79' lang='lat' dir='ltr'><strong>comantis</strong></span> <span class='ocrx_word' id='word_1_65' title='bbox 1438 753 1590 810; x_wconf 86' lang='lat' dir='ltr'><strong>enim</strong></span> <span class='ocrx_word' id='word_1_66' title='bbox 1633 752 1827 828; x_wconf 87' lang='lat' dir='ltr'><strong>gloria</strong></span> <span class='ocrx_word' id='word_1_67' title='bbox 1882 750 2179 830; x_wconf 77' lang='lat' dir='ltr'><strong>superbire.</strong></span> 
     </span>
     <span class='ocr_line' id='line_1_9' title="bbox 185 835 2251 918; baseline -0.005 -16"><span class='ocrx_word' id='word_1_68' title='bbox 185 861 218 902; x_wconf 86' lang='lat' dir='ltr'><strong>a</strong></span> <span class='ocrx_word' id='word_1_69' title='bbox 251 844 407 901; x_wconf 88' lang='lat' dir='ltr'><strong>coitu</strong></span> <span class='ocrx_word' id='word_1_70' title='bbox 438 841 606 900; x_wconf 87' lang='lat' dir='ltr'><strong>solae</strong></span> <span class='ocrx_word' id='word_1_71' title='bbox 654 836 976 897; x_wconf 74' lang='lat' dir='ltr'><strong>animaiium</strong></span> <span class='ocrx_word' id='word_1_72' title='bbox 1019 841 1261 895; x_wconf 78' lang='lat' dir='ltr'><strong>currunt</strong></span> <span class='ocrx_word' id='word_1_73' title='bbox 1301 835 1689 895; x_wconf 79' lang='lat' dir='ltr'><strong>exadversum</strong></span> <span class='ocrx_word' id='word_1_74' title='bbox 1728 837 2067 913; x_wconf 73' lang='lat' dir='ltr'><strong>aquilonem</strong></span> <span class='ocrx_word' id='word_1_75' title='bbox 2105 852 2181 893; x_wconf 77' lang='lat' dir='ltr'><strong>au·</strong></span> <span class='ocrx_word' id='word_1_76' title='bbox 2250 863 2251 918; x_wconf 62' lang='lat'><em>}</em></span> 
     </span>
     <span class='ocr_line' id='line_1_10' title="bbox 183 917 2251 1003; baseline -0.006 -17"><span class='ocrx_word' id='word_1_77' title='bbox 183 937 461 1000; x_wconf 88' lang='lat' dir='ltr'><strong>strumve,</strong></span> <span class='ocrx_word' id='word_1_78' title='bbox 495 932 667 1003; x_wconf 89' lang='lat' dir='ltr'><strong>prout</strong></span> <span class='ocrx_word' id='word_1_79' title='bbox 698 930 1059 980; x_wconf 35' lang='lat' dir='ltr'><strong>maremraut</strong></span> <span class='ocrx_word' id='word_1_80' title='bbox 1091 920 1361 984; x_wconf 78' lang='lat' dir='ltr'><strong>feminam</strong></span> <span class='ocrx_word' id='word_1_81' title='bbox 1405 937 1764 998; x_wconf 76' lang='lat' dir='ltr'><strong>concepere.</strong></span> <span class='ocrx_word' id='word_1_82' title='bbox 1834 922 2098 980; x_wconf 85' lang='lat' dir='ltr'><strong>colorem</strong></span> <span class='ocrx_word' id='word_1_83' title='bbox 2128 917 2181 975; x_wconf 85' lang='lat' dir='ltr'><strong>ii·</strong></span> <span class='ocrx_word' id='word_1_84' title='bbox 2250 949 2251 988; x_wconf 67' lang='lat'><em>3</em></span> 
     </span>
     <span class='ocr_line' id='line_1_11' title="bbox 183 1005 2251 1083; baseline -0.003 -13"><span class='ocrx_word' id='word_1_85' title='bbox 183 1012 301 1070; x_wconf 87' lang='lat' dir='ltr'><strong>lico</strong></span> <span class='ocrx_word' id='word_1_86' title='bbox 327 1018 546 1068; x_wconf 85' lang='lat' dir='ltr'><strong>mutant</strong></span> <span class='ocrx_word' id='word_1_87' title='bbox 568 1007 837 1067; x_wconf 79' lang='lat' dir='ltr'><strong>rubriore</strong></span> <span class='ocrx_word' id='word_1_88' title='bbox 866 1005 986 1083; x_wconf 89' lang='lat' dir='ltr'><strong>pilo</strong></span> <span class='ocrx_word' id='word_1_89' title='bbox 1013 1005 1112 1064; x_wconf 88' lang='lat' dir='ltr'><strong>vel</strong></span> <span class='ocrx_word' id='word_1_90' title='bbox 1145 1007 1494 1083; x_wconf 70' lang='lat' dir='ltr'><strong>quicumque</strong></span> <span class='ocrx_word' id='word_1_91' title='bbox 1526 1007 1601 1064; x_wconf 83' lang='lat' dir='ltr'><strong>sit</strong></span> <span class='ocrx_word' id='word_1_92' title='bbox 1635 1005 1935 1083; x_wconf 74' lang='lat' dir='ltr'><strong>pleniore,</strong></span> <span class='ocrx_word' id='word_1_93' title='bbox 1990 1006 2096 1064; x_wconf 84' lang='lat' dir='ltr'><strong>hoc</strong></span> <span class='ocrx_word' id='word_1_94' title='bbox 2114 1019 2183 1061; x_wconf 83' lang='lat' dir='ltr'><strong>ar·</strong></span> <span class='ocrx_word' id='word_1_95' title='bbox 2196 1013 2251 1063; x_wconf 78' lang='lat' dir='ltr'><strong>w}</strong></span> 
     </span>
     <span class='ocr_line' id='line_1_12' title="bbox 184 1091 2251 1171; baseline -0.004 -18"><span class='ocrx_word' id='word_1_96' title='bbox 184 1103 458 1171; x_wconf 86' lang='lat' dir='ltr'><strong>gumento</strong></span> <span class='ocrx_word' id='word_1_97' title='bbox 490 1093 758 1152; x_wconf 85' lang='lat' dir='ltr'><strong>desinunt</strong></span> <span class='ocrx_word' id='word_1_98' title='bbox 790 1091 1117 1165; x_wconf 83' lang='lat' dir='ltr'><strong>admittere,</strong></span> <span class='ocrx_word' id='word_1_99' title='bbox 1153 1091 1325 1148; x_wconf 84' lang='lat' dir='ltr'><strong>etiam</strong></span> <span class='ocrx_word' id='word_1_100' title='bbox 1356 1091 1628 1149; x_wconf 83' lang='lat' dir='ltr'><strong>nolentis.</strong></span> <span class='ocrx_word' id='word_1_101' title='bbox 1687 1107 1808 1149; x_wconf 80' lang='lat' dir='ltr'><strong>nec</strong></span> <span class='ocrx_word' id='word_1_102' title='bbox 1836 1091 2061 1169; x_wconf 77' lang='lat' dir='ltr'><strong>inpedit</strong></span> <span class='ocrx_word' id='word_1_103' title='bbox 2079 1105 2180 1165; x_wconf 78' lang='lat' dir='ltr'><strong>pur·</strong></span> <span class='ocrx_word' id='word_1_104' title='bbox 2250 1095 2251 1154; x_wconf 52' lang='lat' dir='ltr'><strong>i</strong></span> 
     </span>
     <span class='ocr_line' id='line_1_13' title="bbox 184 1171 2251 1257; baseline -0.005 -20"><span class='ocrx_word' id='word_1_105' title='bbox 184 1189 276 1237; x_wconf 89' lang='lat' dir='ltr'><strong>tus</strong></span> <span class='ocrx_word' id='word_1_106' title='bbox 306 1178 583 1257; x_wconf 83' lang='lat' dir='ltr'><strong>quasdam</strong></span> <span class='ocrx_word' id='word_1_107' title='bbox 615 1175 688 1236; x_wconf 87' lang='lat' dir='ltr'><strong>ab</strong></span> <span class='ocrx_word' id='word_1_108' title='bbox 721 1192 910 1252; x_wconf 88' lang='lat' dir='ltr'><strong>opere</strong></span> <span class='ocrx_word' id='word_1_109' title='bbox 943 1174 1266 1251; x_wconf 75' lang='lat' dir='ltr'><strong>falluntque</strong></span> <span class='ocrx_word' id='word_1_110' title='bbox 1303 1175 1609 1251; x_wconf 76' lang='lat' dir='ltr'><strong>gravidae.</strong></span> <span class='ocrx_word' id='word_1_111' title='bbox 1673 1176 1909 1234; x_wconf 84' lang='lat' dir='ltr'><strong>vicisse</strong></span> <span class='ocrx_word' id='word_1_112' title='bbox 1953 1172 2181 1250; x_wconf 70' lang='lat' dir='ltr'><strong>Olympia</strong></span> <span class='ocrx_word' id='word_1_113' title='bbox 2250 1171 2251 1214; x_wconf 49' lang='grc' dir='ltr'>ἐ</span> 
     </span>
     <span class='ocr_line' id='line_1_14' title="bbox 109 1257 2182 1340; baseline -0.007 -15"><span class='ocrx_word' id='word_1_114' title='bbox 109 1273 201 1326; x_wconf 76' lang='grc'><strong>181</strong></span> <span class='ocrx_word' id='word_1_115' title='bbox 221 1272 639 1340; x_wconf 81' lang='lat' dir='ltr'><strong>praegnantem</strong></span> <span class='ocrx_word' id='word_1_116' title='bbox 698 1258 1106 1319; x_wconf 78' lang='lat' dir='ltr'><strong>Echecratidis</strong></span> <span class='ocrx_word' id='word_1_117' title='bbox 1158 1257 1428 1318; x_wconf 78' lang='lat' dir='ltr'><strong>Thessali</strong></span> <span class='ocrx_word' id='word_1_118' title='bbox 1479 1260 1826 1318; x_wconf 79' lang='lat' dir='ltr'><strong>invenimuS.</strong></span> <span class='ocrx_word' id='word_1_119' title='bbox 1902 1260 2099 1337; x_wconf 83' lang='lat' dir='ltr'><strong>Equos</strong></span> <span class='ocrx_word' id='word_1_120' title='bbox 2137 1263 2182 1313; x_wconf 85' lang='lat' dir='ltr'><strong>et</strong></span> 
     </span>
     <span class='ocr_line' id='line_1_15' title="bbox 186 1341 2183 1422; baseline -0.006 -15"><span class='ocrx_word' id='word_1_121' title='bbox 186 1366 361 1408; x_wconf 86' lang='lat' dir='ltr'><strong>canes</strong></span> <span class='ocrx_word' id='word_1_122' title='bbox 392 1357 453 1407; x_wconf 87' lang='lat' dir='ltr'><strong>et</strong></span> <span class='ocrx_word' id='word_1_123' title='bbox 483 1364 619 1406; x_wconf 81' lang='lat' dir='ltr'><strong>sues</strong></span> <span class='ocrx_word' id='word_1_124' title='bbox 646 1345 842 1404; x_wconf 81' lang='lat' dir='ltr'><strong>initum</strong></span> <span class='ocrx_word' id='word_1_125' title='bbox 886 1341 1218 1403; x_wconf 80' lang='lat' dir='ltr'><strong>inatutinum</strong></span> <span class='ocrx_word' id='word_1_126' title='bbox 1251 1343 1556 1422; x_wconf 82' lang='lat' dir='ltr'><strong>adpetere,</strong></span> <span class='ocrx_word' id='word_1_127' title='bbox 1579 1344 1833 1403; x_wconf 82' lang='lat' dir='ltr'><strong>feminas</strong></span> <span class='ocrx_word' id='word_1_128' title='bbox 1867 1354 2056 1404; x_wconf 80' lang='lat' dir='ltr'><strong>autem</strong></span> <span class='ocrx_word' id='word_1_129' title='bbox 2078 1348 2183 1419; x_wconf 78' lang='lat' dir='ltr'><strong>post</strong></span> 
     </span>
     <span class='ocr_line' id='line_1_16' title="bbox 184 1429 2251 1509; baseline -0.003 -18"><span class='ocrx_word' id='word_1_130' title='bbox 184 1433 484 1493; x_wconf 81' lang='lat' dir='ltr'><strong>meridiem</strong></span> <span class='ocrx_word' id='word_1_131' title='bbox 529 1431 776 1491; x_wconf 84' lang='lat' dir='ltr'><strong>blandiri</strong></span> <span class='ocrx_word' id='word_1_132' title='bbox 836 1429 1240 1505; x_wconf 83' lang='lat' dir='ltr'><strong>diligentiores</strong></span> <span class='ocrx_word' id='word_1_133' title='bbox 1287 1429 1535 1509; x_wconf 74' lang='lat' dir='ltr'><strong>tradunt.</strong></span> <span class='ocrx_word' id='word_1_134' title='bbox 1601 1445 1785 1507; x_wconf 82' lang='lat' dir='ltr'><strong>equas</strong></span> <span class='ocrx_word' id='word_1_135' title='bbox 1834 1430 2079 1488; x_wconf 86' lang='lat' dir='ltr'><strong>domitas</strong></span> <span class='ocrx_word' id='word_1_136' title='bbox 2108 1433 2251 1484; x_wconf 57' lang='grc' dir='ltr'><strong>ιη’</strong></span> 
     </span>
     <span class='ocr_line' id='line_1_17' title="bbox 187 1513 2182 1595; baseline -0.006 -19"><span class='ocrx_word' id='word_1_137' title='bbox 187 1517 392 1576; x_wconf 89' lang='lat' dir='ltr'><strong>diebus</strong></span> <span class='ocrx_word' id='word_1_138' title='bbox 440 1517 644 1595; x_wconf 86' lang='lat' dir='ltr'><strong>equire</strong></span> <span class='ocrx_word' id='word_1_139' title='bbox 691 1523 824 1575; x_wconf 86' lang='lat' dir='ltr'><strong>ante</strong></span> <span class='ocrx_word' id='word_1_140' title='bbox 872 1531 1041 1591; x_wconf 84' lang='lat' dir='ltr'><strong>quam</strong></span> <span class='ocrx_word' id='word_1_141' title='bbox 1091 1513 1402 1589; x_wconf 83' lang='lat' dir='ltr'><strong>gregales,</strong></span> <span class='ocrx_word' id='word_1_142' title='bbox 1449 1531 1587 1573; x_wconf 85' lang='lat' dir='ltr'><strong>sues</strong></span> <span class='ocrx_word' id='word_1_143' title='bbox 1618 1523 1840 1572; x_wconf 84' lang='lat' dir='ltr'><strong>tantum</strong></span> <span class='ocrx_word' id='word_1_144' title='bbox 1879 1517 2033 1573; x_wconf 89' lang='lat' dir='ltr'><strong>coitu</strong></span> <span class='ocrx_word' id='word_1_145' title='bbox 2080 1527 2182 1587; x_wconf 79' lang='lat' dir='ltr'><strong>spu·</strong></span> 
     </span>
     <span class='ocr_line' id='line_1_18' title="bbox 186 1594 2251 1679; baseline -0.005 -17"><span class='ocrx_word' id='word_1_146' title='bbox 186 1620 333 1661; x_wconf 86' lang='lat' dir='ltr'><strong>mam</strong></span> <span class='ocrx_word' id='word_1_147' title='bbox 366 1619 470 1661; x_wconf 86' lang='lat' dir='ltr'><strong>ore</strong></span> <span class='ocrx_word' id='word_1_148' title='bbox 500 1600 767 1675; x_wconf 82' lang='lat' dir='ltr'><strong>fundere,</strong></span> <span class='ocrx_word' id='word_1_149' title='bbox 797 1615 1029 1657; x_wconf 81' lang='lat' dir='ltr'><strong>verrem</strong></span> <span class='ocrx_word' id='word_1_150' title='bbox 1061 1596 1319 1657; x_wconf 75' lang='lat' dir='ltr'><strong>subantis</strong></span> <span class='ocrx_word' id='word_1_151' title='bbox 1350 1598 1539 1658; x_wconf 84' lang='lat' dir='ltr'><strong>audita</strong></span> <span class='ocrx_word' id='word_1_152' title='bbox 1573 1611 1749 1679; x_wconf 77' lang='lat' dir='ltr'><strong>voce,</strong></span> <span class='ocrx_word' id='word_1_153' title='bbox 1774 1600 1837 1657; x_wconf 87' lang='lat' dir='ltr'><strong>ni</strong></span> <span class='ocrx_word' id='word_1_154' title='bbox 1871 1594 2181 1664; x_wconf 79' lang='lat' dir='ltr'><strong>admittatur,</strong></span> <span class='ocrx_word' id='word_1_155' title='bbox 2250 1633 2251 1640; x_wconf 21' lang='grc' dir='ltr'><strong>κ</strong></span> 
     </span>
     <span class='ocr_line' id='line_1_19' title="bbox 189 1683 2251 1762; baseline -0.005 -17"><span class='ocrx_word' id='word_1_156' title='bbox 189 1686 380 1746; x_wconf 90' lang='lat' dir='ltr'><strong>cibum</strong></span> <span class='ocrx_word' id='word_1_157' title='bbox 411 1703 526 1745; x_wconf 89' lang='lat' dir='ltr'><strong>non</strong></span> <span class='ocrx_word' id='word_1_158' title='bbox 559 1702 777 1762; x_wconf 82' lang='lat' dir='ltr'><strong>capere</strong></span> <span class='ocrx_word' id='word_1_159' title='bbox 807 1699 995 1761; x_wconf 89' lang='lat' dir='ltr'><strong>usque</strong></span> <span class='ocrx_word' id='word_1_160' title='bbox 1027 1684 1083 1740; x_wconf 89' lang='lat' dir='ltr'><strong>in</strong></span> <span class='ocrx_word' id='word_1_161' title='bbox 1115 1683 1382 1756; x_wconf 86' lang='lat' dir='ltr'><strong>maciem,</strong></span> <span class='ocrx_word' id='word_1_162' title='bbox 1419 1684 1664 1742; x_wconf 81' lang='lat' dir='ltr'><strong>feminas</strong></span> <span class='ocrx_word' id='word_1_163' title='bbox 1693 1692 1899 1742; x_wconf 81' lang='lat' dir='ltr'><strong>autem</strong></span> <span class='ocrx_word' id='word_1_164' title='bbox 1923 1687 1979 1743; x_wconf 91' lang='lat' dir='ltr'><strong>in</strong></span> <span class='ocrx_word' id='word_1_165' title='bbox 2010 1689 2181 1740; x_wconf 78' lang='lat' dir='ltr'><strong>tantum</strong></span> <span class='ocrx_word' id='word_1_166' title='bbox 2250 1737 2251 1752; x_wconf 13' lang='grc' dir='ltr'>χ</span> 
     </span>
     <span class='ocr_line' id='line_1_20' title="bbox 189 1763 2251 1842; baseline -0.006 -11"><span class='ocrx_word' id='word_1_167' title='bbox 189 1771 421 1831; x_wconf 81' lang='lat' dir='ltr'><strong>efferari</strong></span> <span class='ocrx_word' id='word_1_168' title='bbox 451 1779 514 1830; x_wconf 93' lang='lat' dir='ltr'><strong>ut</strong></span> <span class='ocrx_word' id='word_1_169' title='bbox 543 1770 832 1829; x_wconf 84' lang='lat' dir='ltr'><strong>hominem</strong></span> <span class='ocrx_word' id='word_1_170' title='bbox 862 1768 1189 1842; x_wconf 84' lang='lat' dir='ltr'><strong>lancinent,</strong></span> <span class='ocrx_word' id='word_1_171' title='bbox 1236 1767 1480 1828; x_wconf 85' lang='lat' dir='ltr'><strong>candida</strong></span> <span class='ocrx_word' id='word_1_172' title='bbox 1522 1785 1789 1829; x_wconf 82' lang='lat' dir='ltr'><strong>maxume</strong></span> <span class='ocrx_word' id='word_1_173' title='bbox 1832 1777 2012 1828; x_wconf 80' lang='lat' dir='ltr'><strong>veste</strong></span> <span class='ocrx_word' id='word_1_174' title='bbox 2059 1763 2182 1822; x_wconf 83' lang='lat' dir='ltr'><strong>indu·</strong></span> <span class='ocrx_word' id='word_1_175' title='bbox 2250 1813 2251 1829; x_wconf 65' lang='grc'>,</span> 
     </span>
     <span class='ocr_line' id='line_1_21' title="bbox 104 1844 2251 1931; baseline -0.007 -14"><span class='ocrx_word' id='word_1_176' title='bbox 104 1863 349 1917; x_wconf 81' lang='lat' dir='ltr'><strong>182tum.</strong></span> <span class='ocrx_word' id='word_1_177' title='bbox 410 1854 607 1914; x_wconf 86' lang='lat' dir='ltr'><strong>rabies</strong></span> <span class='ocrx_word' id='word_1_178' title='bbox 652 1870 721 1912; x_wconf 88' lang='lat' dir='ltr'><strong>ea</strong></span> <span class='ocrx_word' id='word_1_179' title='bbox 770 1861 942 1912; x_wconf 89' lang='lat' dir='ltr'><strong>aceto</strong></span> <span class='ocrx_word' id='word_1_180' title='bbox 978 1853 1270 1929; x_wconf 83' lang='lat' dir='ltr'><strong>mitigatur</strong></span> <span class='ocrx_word' id='word_1_181' title='bbox 1297 1862 1536 1912; x_wconf 87' lang='lat' dir='ltr'><strong>naturae</strong></span> <span class='ocrx_word' id='word_1_182' title='bbox 1585 1853 1901 1931; x_wconf 87' lang='lat' dir='ltr'><strong>adsperso.</strong></span> <span class='ocrx_word' id='word_1_183' title='bbox 1962 1844 2251 1912; x_wconf 61' lang='lat' dir='ltr'><strong>Avidium*</strong></span> 
     </span>
     <span class='ocr_line' id='line_1_22' title="bbox 187 1936 2179 2017; baseline -0.005 -19"><span class='ocrx_word' id='word_1_184' title='bbox 187 1940 371 1998; x_wconf 88' lang='lat' dir='ltr'><strong>coitus</strong></span> <span class='ocrx_word' id='word_1_185' title='bbox 415 1947 647 2017; x_wconf 88' lang='lat' dir='ltr'><strong>putatur</strong></span> <span class='ocrx_word' id='word_1_186' title='bbox 689 1946 752 1996; x_wconf 88' lang='lat' dir='ltr'><strong>et</strong></span> <span class='ocrx_word' id='word_1_187' title='bbox 785 1936 930 1995; x_wconf 89' lang='lat' dir='ltr'><strong>cibis</strong></span> <span class='ocrx_word' id='word_1_188' title='bbox 977 1938 1139 2012; x_wconf 80' lang='lat' dir='ltr'><strong>fieri,</strong></span> <span class='ocrx_word' id='word_1_189' title='bbox 1178 1937 1329 1995; x_wconf 83' lang='lat' dir='ltr'><strong>sicut</strong></span> <span class='ocrx_word' id='word_1_190' title='bbox 1356 1939 1484 1995; x_wconf 85' lang='lat' dir='ltr'><strong>viro</strong></span> <span class='ocrx_word' id='word_1_191' title='bbox 1518 1955 1717 2014; x_wconf 86' lang='lat' dir='ltr'><strong>eruca,</strong></span> <span class='ocrx_word' id='word_1_192' title='bbox 1764 1939 1984 2015; x_wconf 89' lang='lat' dir='ltr'><strong>pecori</strong></span> <span class='ocrx_word' id='word_1_193' title='bbox 2016 1948 2179 2010; x_wconf 80' lang='lat' dir='ltr'><strong>caepa.</strong></span> 
     </span>
     <span class='ocr_line' id='line_1_23' title="bbox 186 2022 2179 2102; baseline -0.004 -19"><span class='ocrx_word' id='word_1_194' title='bbox 186 2042 335 2102; x_wconf 90' lang='lat' dir='ltr'><strong>quae</strong></span> <span class='ocrx_word' id='word_1_195' title='bbox 382 2042 457 2082; x_wconf 85' lang='lat' dir='ltr'><strong>ex</strong></span> <span class='ocrx_word' id='word_1_196' title='bbox 499 2023 641 2082; x_wconf 78' lang='lat' dir='ltr'><strong>feris</strong></span> <span class='ocrx_word' id='word_1_197' title='bbox 686 2023 1020 2098; x_wconf 88' lang='lat' dir='ltr'><strong>mitigentur</strong></span> <span class='ocrx_word' id='word_1_198' title='bbox 1060 2038 1177 2080; x_wconf 87' lang='lat' dir='ltr'><strong>non</strong></span> <span class='ocrx_word' id='word_1_199' title='bbox 1220 2022 1569 2098; x_wconf 83' lang='lat' dir='ltr'><strong>concipere,</strong></span> <span class='ocrx_word' id='word_1_200' title='bbox 1614 2032 1675 2081; x_wconf 87' lang='lat' dir='ltr'><strong>ut</strong></span> <span class='ocrx_word' id='word_1_201' title='bbox 1706 2040 1995 2097; x_wconf 80' lang='lat' dir='ltr'><strong>ansereS,</strong></span> <span class='ocrx_word' id='word_1_202' title='bbox 2041 2033 2179 2097; x_wconf 81' lang='lat' dir='ltr'><strong>apros</strong></span> 
     </span>
     <span class='ocr_line' id='line_1_24' title="bbox 184 2105 2179 2168; baseline -0.005 -1"><span class='ocrx_word' id='word_1_203' title='bbox 184 2125 328 2168; x_wconf 88' lang='lat' dir='ltr'><strong>vero</strong></span> <span class='ocrx_word' id='word_1_204' title='bbox 357 2109 524 2168; x_wconf 86' lang='lat' dir='ltr'><strong>tarde</strong></span> <span class='ocrx_word' id='word_1_205' title='bbox 555 2116 613 2166; x_wconf 90' lang='lat' dir='ltr'><strong>et</strong></span> <span class='ocrx_word' id='word_1_206' title='bbox 650 2123 863 2166; x_wconf 87' lang='lat' dir='ltr'><strong>cervos</strong></span> <span class='ocrx_word' id='word_1_207' title='bbox 895 2124 1008 2167; x_wconf 88' lang='lat' dir='ltr'><strong>nec</strong></span> <span class='ocrx_word' id='word_1_208' title='bbox 1037 2107 1146 2165; x_wconf 84' lang='lat' dir='ltr'><strong>nisi</strong></span> <span class='ocrx_word' id='word_1_209' title='bbox 1178 2105 1250 2165; x_wconf 88' lang='lat' dir='ltr'><strong>ab</strong></span> <span class='ocrx_word' id='word_1_210' title='bbox 1282 2106 1518 2165; x_wconf 82' lang='lat' dir='ltr'><strong>infantia</strong></span> <span class='ocrx_word' id='word_1_211' title='bbox 1553 2107 1843 2166; x_wconf 85' lang='lat' dir='ltr'><strong>educatos</strong></span> <span class='ocrx_word' id='word_1_212' title='bbox 1871 2109 2072 2166; x_wconf 87' lang='lat' dir='ltr'><strong>mirum</strong></span> <span class='ocrx_word' id='word_1_213' title='bbox 2099 2108 2179 2160; x_wconf 82' lang='lat' dir='ltr'><strong>est.</strong></span> 
     </span>
     <span class='ocr_line' id='line_1_25' title="bbox 184 2191 2181 2271; baseline -0.006 -18"><span class='ocrx_word' id='word_1_214' title='bbox 184 2193 617 2271; x_wconf 81' lang='lat' dir='ltr'><strong>Quadripedum</strong></span> <span class='ocrx_word' id='word_1_215' title='bbox 651 2200 1043 2271; x_wconf 86' lang='lat' dir='ltr'><strong>praegnantes</strong></span> <span class='ocrx_word' id='word_1_216' title='bbox 1080 2208 1359 2250; x_wconf 85' lang='lat' dir='ltr'><strong>venerem</strong></span> <span class='ocrx_word' id='word_1_217' title='bbox 1399 2201 1602 2250; x_wconf 86' lang='lat' dir='ltr'><strong>arcent</strong></span> <span class='ocrx_word' id='word_1_218' title='bbox 1636 2200 1889 2268; x_wconf 86' lang='lat' dir='ltr'><strong>praeter</strong></span> <span class='ocrx_word' id='word_1_219' title='bbox 1923 2207 2114 2270; x_wconf 85' lang='lat' dir='ltr'><strong>equam</strong></span> <span class='ocrx_word' id='word_1_220' title='bbox 2139 2191 2181 2242; x_wconf 84' lang='lat' dir='ltr'><strong>et</strong></span> 
     </span>
     <span class='ocr_line' id='line_1_26' title="bbox 184 2275 2222 2356; baseline -0.004 -20"><span class='ocrx_word' id='word_1_221' title='bbox 184 2297 365 2337; x_wconf 90' lang='lat' dir='ltr'><strong>suem.</strong></span> <span class='ocrx_word' id='word_1_222' title='bbox 433 2278 539 2337; x_wconf 90' lang='lat' dir='ltr'><strong>sed</strong></span> <span class='ocrx_word' id='word_1_223' title='bbox 574 2276 942 2356; x_wconf 84' lang='lat' dir='ltr'><strong>superfetant</strong></span> <span class='ocrx_word' id='word_1_224' title='bbox 974 2276 1230 2353; x_wconf 81' lang='lat' dir='ltr'><strong>dasypus</strong></span> <span class='ocrx_word' id='word_1_225' title='bbox 1265 2283 1324 2333; x_wconf 89' lang='lat' dir='ltr'><strong>et</strong></span> <span class='ocrx_word' id='word_1_226' title='bbox 1352 2275 1524 2353; x_wconf 90' lang='lat' dir='ltr'><strong>lepus</strong></span> <span class='ocrx_word' id='word_1_227' title='bbox 1557 2285 1792 2335; x_wconf 89' lang='lat' dir='ltr'><strong>tantum.</strong></span> <span class='ocrx_word' id='word_1_228' title='bbox 2022 2347 2028 2354; x_wconf 29' lang='grc' dir='ltr'>ι</span> <span class='ocrx_word' id='word_1_229' title='bbox 2191 2290 2222 2329; x_wconf 80' lang='lat'><strong>25</strong></span> 
     </span>
     <span class='ocr_line' id='line_1_27' title="bbox 103 2360 2181 2440; baseline -0.005 -16"><span class='ocrx_word' id='word_1_230' title='bbox 103 2372 203 2425; x_wconf 86' lang='grc'><strong>183</strong></span> <span class='ocrx_word' id='word_1_231' title='bbox 346 2363 445 2423; x_wconf 88' lang='grc'><strong>64.</strong></span> <span class='ocrx_word' id='word_1_232' title='bbox 484 2360 653 2440; x_wconf 85' lang='grc'>(84.)</span> <span class='ocrx_word' id='word_1_233' title='bbox 698 2360 1116 2439; x_wconf 85' lang='lat' dir='ltr'><strong>Quaecumque</strong></span> <span class='ocrx_word' id='word_1_234' title='bbox 1163 2361 1368 2419; x_wconf 87' lang='lat' dir='ltr'><strong>animal</strong></span> <span class='ocrx_word' id='word_1_235' title='bbox 1407 2362 1635 2439; x_wconf 89' lang='lat' dir='ltr'><strong>pariunt</strong></span> <span class='ocrx_word' id='word_1_236' title='bbox 1670 2362 1725 2418; x_wconf 90' lang='lat' dir='ltr'><strong>in</strong></span> <span class='ocrx_word' id='word_1_237' title='bbox 1752 2363 1954 2438; x_wconf 88' lang='lat' dir='ltr'><strong>capita</strong></span> <span class='ocrx_word' id='word_1_238' title='bbox 1985 2361 2181 2436; x_wconf 78' lang='lat' dir='ltr'><strong>gignunt</strong></span> 
     </span>
     <span class='ocr_line' id='line_1_28' title="bbox 186 2443 2179 2523; baseline -0.002 -18"><span class='ocrx_word' id='word_1_239' title='bbox 186 2447 538 2506; x_wconf 86' lang='lat' dir='ltr'><strong>circumacto</strong></span> <span class='ocrx_word' id='word_1_240' title='bbox 564 2446 670 2505; x_wconf 91' lang='lat' dir='ltr'><strong>sub</strong></span> <span class='ocrx_word' id='word_1_241' title='bbox 699 2447 927 2504; x_wconf 86' lang='lat' dir='ltr'><strong>enixum</strong></span> <span class='ocrx_word' id='word_1_242' title='bbox 952 2444 1073 2504; x_wconf 82' lang='lat' dir='ltr'><strong>fetu</strong></span> <span class='ocrx_word' id='word_1_243' title='bbox 1096 2445 1239 2504; x_wconf 84' lang='lat' dir='ltr'><strong>alias</strong></span> <span class='ocrx_word' id='word_1_244' title='bbox 1266 2447 1323 2504; x_wconf 88' lang='lat' dir='ltr'><strong>in</strong></span> <span class='ocrx_word' id='word_1_245' title='bbox 1350 2455 1520 2504; x_wconf 85' lang='lat' dir='ltr'><strong>utero</strong></span> <span class='ocrx_word' id='word_1_246' title='bbox 1555 2455 1858 2522; x_wconf 89' lang='lat' dir='ltr'><strong>porrecto.</strong></span> <span class='ocrx_word' id='word_1_247' title='bbox 1914 2443 2179 2523; x_wconf 82' lang='lat' dir='ltr'><strong>quadripe-</strong></span> 
     </span>
     <span class='ocr_line' id='line_1_29' title="bbox 187 2529 2180 2627; baseline -0.004 -38"><span class='ocrx_word' id='word_1_248' title='bbox 187 2531 292 2590; x_wconf 89' lang='lat' dir='ltr'><strong>des</strong></span> <span class='ocrx_word' id='word_1_249' title='bbox 316 2540 618 2627; x_wconf 56' lang='lat' dir='ltr'><strong>gestzmtur</strong></span> <span class='ocrx_word' id='word_1_250' title='bbox 638 2531 898 2593; x_wconf 86' lang='lat' dir='ltr'><strong>extensis</strong></span> <span class='ocrx_word' id='word_1_251' title='bbox 926 2530 995 2588; x_wconf 91' lang='lat' dir='ltr'><strong>ad</strong></span> <span class='ocrx_word' id='word_1_252' title='bbox 1022 2529 1438 2606; x_wconf 87' lang='lat' dir='ltr'><strong>longitudinem</strong></span> <span class='ocrx_word' id='word_1_253' title='bbox 1465 2529 1730 2589; x_wconf 89' lang='lat' dir='ltr'><strong>cruribus</strong></span> <span class='ocrx_word' id='word_1_254' title='bbox 1750 2539 1811 2588; x_wconf 89' lang='lat' dir='ltr'><strong>et</strong></span> <span class='ocrx_word' id='word_1_255' title='bbox 1836 2530 2035 2589; x_wconf 82' lang='lat' dir='ltr'><strong>alvom</strong></span> <span class='ocrx_word' id='word_1_256' title='bbox 2056 2538 2180 2585; x_wconf 80' lang='lat' dir='ltr'><strong>suam</strong></span> 
     </span>
     <span class='ocr_line' id='line_1_30' title="bbox 185 2608 2178 2696; baseline -0.005 -20"><span class='ocrx_word' id='word_1_257' title='bbox 185 2616 515 2694; x_wconf 75' lang='lat' dir='ltr'><strong>adplicatiS,</strong></span> <span class='ocrx_word' id='word_1_258' title='bbox 547 2615 721 2675; x_wconf 90' lang='lat' dir='ltr'><strong>homo</strong></span> <span class='ocrx_word' id='word_1_259' title='bbox 756 2616 814 2672; x_wconf 90' lang='lat' dir='ltr'><strong>in</strong></span> <span class='ocrx_word' id='word_1_260' title='bbox 835 2623 1023 2674; x_wconf 88' lang='lat' dir='ltr'><strong>semet</strong></span> <span class='ocrx_word' id='word_1_261' title='bbox 1063 2614 1451 2696; x_wconf 77' lang='lat' dir='ltr'><strong>conglobatus</strong></span> <span class='ocrx_word' id='word_1_262' title='bbox 1478 2616 1630 2674; x_wconf 84' lang='lat' dir='ltr'><strong>inter</strong></span> <span class='ocrx_word' id='word_1_263' title='bbox 1672 2615 1787 2674; x_wconf 89' lang='lat' dir='ltr'><strong>duo</strong></span> <span class='ocrx_word' id='word_1_264' title='bbox 1833 2620 2028 2691; x_wconf 83' lang='lat' dir='ltr'><strong>genua</strong></span> <span class='ocrx_word' id='word_1_265' title='bbox 2064 2608 2178 2669; x_wconf 81' lang='lat' dir='ltr'><strong>nari·</strong></span> 
     </span>
     <span class='ocr_line' id='line_1_31' title="bbox 103 2680 2251 2781; baseline -0.005 -18"><span class='ocrx_word' id='word_1_266' title='bbox 103 2700 324 2765; x_wconf 76' lang='lat' dir='ltr'><strong>184bus</strong></span> <span class='ocrx_word' id='word_1_267' title='bbox 356 2701 499 2759; x_wconf 76' lang='lat' dir='ltr'><strong>sitis.</strong></span> <span class='ocrx_word' id='word_1_268' title='bbox 561 2698 786 2774; x_wconf 82' lang='lat' dir='ltr'><strong>MolaS,</strong></span> <span class='ocrx_word' id='word_1_269' title='bbox 833 2700 905 2758; x_wconf 90' lang='lat' dir='ltr'><strong>de</strong></span> <span class='ocrx_word' id='word_1_270' title='bbox 942 2699 1149 2776; x_wconf 80' lang='lat' dir='ltr'><strong>quibus</strong></span> <span class='ocrx_word' id='word_1_271' title='bbox 1198 2709 1330 2758; x_wconf 88' lang='lat' dir='ltr'><strong>ante</strong></span> <span class='ocrx_word' id='word_1_272' title='bbox 1363 2699 1642 2775; x_wconf 75' lang='lat' dir='ltr'><strong>diximuS,</strong></span> <span class='ocrx_word' id='word_1_273' title='bbox 1690 2700 1854 2776; x_wconf 86' lang='lat' dir='ltr'><strong>gigni</strong></span> <span class='ocrx_word' id='word_1_274' title='bbox 1894 2705 2086 2781; x_wconf 82' lang='lat' dir='ltr'><strong>putant</strong></span> <span class='ocrx_word' id='word_1_275' title='bbox 2108 2680 2251 2753; x_wconf 59' lang='lat' dir='ltr'><strong>ubis*</strong></span> 
     </span>
     <span class='ocr_line' id='line_1_32' title="bbox 102 2778 2177 2863; baseline -0.005 -18"><span class='ocrx_word' id='word_1_276' title='bbox 102 2787 138 2824; x_wconf 87' lang='lat'><strong>⁷·</strong></span> <span class='ocrx_word' id='word_1_277' title='bbox 152 2785 197 2817; x_wconf 79' lang='lat'><strong>⁶³</strong></span> <span class='ocrx_word' id='word_1_278' title='bbox 210 2785 419 2845; x_wconf 89' lang='lat' dir='ltr'><strong>mulier</strong></span> <span class='ocrx_word' id='word_1_279' title='bbox 449 2802 565 2843; x_wconf 89' lang='lat' dir='ltr'><strong>non</strong></span> <span class='ocrx_word' id='word_1_280' title='bbox 598 2803 675 2843; x_wconf 86' lang='lat' dir='ltr'><strong>ex</strong></span> <span class='ocrx_word' id='word_1_281' title='bbox 703 2802 863 2843; x_wconf 88' lang='lat' dir='ltr'><strong>mare</strong></span> <span class='ocrx_word' id='word_1_282' title='bbox 893 2802 1095 2842; x_wconf 88' lang='lat' dir='ltr'><strong>verum</strong></span> <span class='ocrx_word' id='word_1_283' title='bbox 1127 2802 1205 2842; x_wconf 86' lang='lat' dir='ltr'><strong>ex</strong></span> <span class='ocrx_word' id='word_1_284' title='bbox 1236 2786 1553 2863; x_wconf 88' lang='lat' dir='ltr'><strong>semetipsa</strong></span> <span class='ocrx_word' id='word_1_285' title='bbox 1592 2792 1807 2844; x_wconf 86' lang='lat' dir='ltr'><strong>tantum</strong></span> <span class='ocrx_word' id='word_1_286' title='bbox 1853 2778 2177 2860; x_wconf 79' lang='lat' dir='ltr'><strong>conceperit.</strong></span> 
     </span>
     <span class='ocr_line' id='line_1_33' title="bbox 186 2864 2180 2948; baseline -0.005 -19"><span class='ocrx_word' id='word_1_287' title='bbox 186 2871 321 2930; x_wconf 88' lang='lat' dir='ltr'><strong>ideo</strong></span> <span class='ocrx_word' id='word_1_288' title='bbox 345 2888 457 2930; x_wconf 87' lang='lat' dir='ltr'><strong>nec</strong></span> <span class='ocrx_word' id='word_1_289' title='bbox 481 2870 739 2944; x_wconf 87' lang='lat' dir='ltr'><strong>animari,</strong></span> <span class='ocrx_word' id='word_1_290' title='bbox 779 2869 909 2947; x_wconf 87' lang='lat' dir='ltr'><strong>quia</strong></span> <span class='ocrx_word' id='word_1_291' title='bbox 930 2871 1134 2928; x_wconf 85' lang='lat' dir='ltr'><strong>nonsit</strong></span> <span class='ocrx_word' id='word_1_292' title='bbox 1174 2887 1250 2928; x_wconf 86' lang='lat' dir='ltr'><strong>ex</strong></span> <span class='ocrx_word' id='word_1_293' title='bbox 1287 2869 1547 2945; x_wconf 88' lang='lat' dir='ltr'><strong>duobus,</strong></span> <span class='ocrx_word' id='word_1_294' title='bbox 1576 2867 1966 2948; x_wconf 82' lang='lat' dir='ltr'><strong>altricemque</strong></span> <span class='ocrx_word' id='word_1_295' title='bbox 2001 2864 2180 2926; x_wconf 83' lang='lat' dir='ltr'><strong>habere</strong></span> 
     </span>
     <span class='ocr_line' id='line_1_34' title="bbox 186 2943 2181 3032; baseline -0.004 -19"><span class='ocrx_word' id='word_1_296' title='bbox 186 2973 296 3032; x_wconf 89' lang='lat' dir='ltr'><strong>per</strong></span> <span class='ocrx_word' id='word_1_297' title='bbox 325 2974 391 3014; x_wconf 90' lang='lat' dir='ltr'><strong>se</strong></span> <span class='ocrx_word' id='word_1_298' title='bbox 414 2955 589 3014; x_wconf 88' lang='lat' dir='ltr'><strong>vitam</strong></span> <span class='ocrx_word' id='word_1_299' title='bbox 620 2953 777 3013; x_wconf 89' lang='lat' dir='ltr'><strong>illam</strong></span> <span class='ocrx_word' id='word_1_300' title='bbox 802 2971 954 3032; x_wconf 88' lang='lat' dir='ltr'><strong>quae</strong></span> <span class='ocrx_word' id='word_1_301' title='bbox 975 2954 1115 3014; x_wconf 89' lang='lat' dir='ltr'><strong>satis</strong></span> <span class='ocrx_word' id='word_1_302' title='bbox 1152 2953 1580 3032; x_wconf 84' lang='lat' dir='ltr'><strong>arboribusque</strong></span> <span class='ocrx_word' id='word_1_303' title='bbox 1616 2955 1935 3030; x_wconf 84' lang='lat' dir='ltr'><strong>contingat.</strong></span> <span class='ocrx_word' id='word_1_304' title='bbox 1994 2943 2181 3012; x_wconf 49' lang='lat'><strong>6581</strong></span> 
     </span>
     <span class='ocr_line' id='line_1_35' title="bbox 189 3033 2178 3116; baseline -0.002 -20"><span class='ocrx_word' id='word_1_305' title='bbox 189 3039 453 3103; x_wconf 87' lang='lat' dir='ltr'><strong>omnihus</strong></span> <span class='ocrx_word' id='word_1_306' title='bbox 471 3057 621 3116; x_wconf 90' lang='lat' dir='ltr'><strong>quae</strong></span> <span class='ocrx_word' id='word_1_307' title='bbox 649 3038 954 3116; x_wconf 84' lang='lat' dir='ltr'><strong>perfectos</strong></span> <span class='ocrx_word' id='word_1_308' title='bbox 981 3039 1135 3097; x_wconf 82' lang='lat' dir='ltr'><strong>fetus</strong></span> <span class='ocrx_word' id='word_1_309' title='bbox 1169 3056 1306 3098; x_wconf 88' lang='lat' dir='ltr'><strong>sues</strong></span> <span class='ocrx_word' id='word_1_310' title='bbox 1336 3048 1549 3098; x_wconf 87' lang='lat' dir='ltr'><strong>tantum</strong></span> <span class='ocrx_word' id='word_1_311' title='bbox 1579 3047 1637 3098; x_wconf 89' lang='lat' dir='ltr'><strong>et</strong></span> <span class='ocrx_word' id='word_1_312' title='bbox 1663 3040 2015 3098; x_wconf 82' lang='lat' dir='ltr'><strong>numerosos</strong></span> <span class='ocrx_word' id='word_1_313' title='bbox 2039 3033 2178 3094; x_wconf 75' lang='lat' dir='ltr'><strong>edunt</strong></span> 
     </span>
     <span class='ocr_line' id='line_1_36' title="bbox 193 3120 2216 3205; baseline 0.005 -30"><span class='ocrx_word' id='word_1_314' title='bbox 193 3120 353 3195; x_wconf 89' lang='lat' dir='ltr'><strong>[item</strong></span> <span class='ocrx_word' id='word_1_315' title='bbox 377 3121 587 3200; x_wconf 86' lang='lat' dir='ltr'><strong>pluris]</strong></span> <span class='ocrx_word' id='word_1_316' title='bbox 625 3130 824 3182; x_wconf 86' lang='lat' dir='ltr'><strong>contra</strong></span> <span class='ocrx_word' id='word_1_317' title='bbox 849 3132 1106 3182; x_wconf 87' lang='lat' dir='ltr'><strong>naturam</strong></span> <span class='ocrx_word' id='word_1_318' title='bbox 1133 3123 1522 3201; x_wconf 83' lang='lat' dir='ltr'><strong>solidipedum</strong></span> <span class='ocrx_word' id='word_1_319' title='bbox 1553 3132 1648 3182; x_wconf 89' lang='lat' dir='ltr'><strong>aut</strong></span> <span class='ocrx_word' id='word_1_320' title='bbox 1676 3123 2053 3185; x_wconf 72' lang='lat' dir='ltr'><strong>histricorum·</strong></span> <span class='ocrx_word' id='word_1_321' title='bbox 2142 3194 2147 3205; x_wconf 48' lang='grc'><strong>,</strong></span> <span class='ocrx_word' id='word_1_322' title='bbox 2184 3124 2216 3165; x_wconf 79' lang='lat'><strong>³⁵</strong></span> 
     </span>
     <span class='ocr_line' id='line_1_37' title="bbox 108 3202 2173 3283; baseline -0.001 -20"><span class='ocrx_word' id='word_1_323' title='bbox 108 3210 208 3263; x_wconf 83' lang='lat'><strong>185</strong></span> <span class='ocrx_word' id='word_1_324' title='bbox 351 3202 518 3278; x_wconf 65' lang='lat'>(852)</span> <span class='ocrx_word' id='word_1_325' title='bbox 568 3207 760 3283; x_wconf 89' lang='lat' dir='ltr'><strong>Super</strong></span> <span class='ocrx_word' id='word_1_326' title='bbox 792 3214 996 3266; x_wconf 90' lang='lat' dir='ltr'><strong>cuncta</strong></span> <span class='ocrx_word' id='word_1_327' title='bbox 1032 3216 1121 3266; x_wconf 89' lang='lat' dir='ltr'><strong>est</strong></span> <span class='ocrx_word' id='word_1_328' title='bbox 1150 3210 1394 3268; x_wconf 84' lang='lat' dir='ltr'><strong>murium</strong></span> <span class='ocrx_word' id='word_1_329' title='bbox 1426 3209 1601 3281; x_wconf 78' lang='lat' dir='ltr'><strong>fetuS,</strong></span> <span class='ocrx_word' id='word_1_330' title='bbox 1644 3206 1950 3268; x_wconf 55' lang='lat' dir='ltr'><strong>hauteine</strong></span> <span class='ocrx_word' id='word_1_331' title='bbox 1985 3204 2173 3265; x_wconf 69' lang='lat' dir='ltr'><strong>cuncta-</strong></span> 
     </span>
     <span class='ocr_line' id='line_1_38' title="bbox 194 3281 2173 3376; baseline 0.002 -38"><span class='ocrx_word' id='word_1_332' title='bbox 194 3281 349 3376; x_wconf 72' lang='lat' dir='ltr'><strong>tione</strong></span> <span class='ocrx_word' id='word_1_333' title='bbox 378 3283 676 3359; x_wconf 73' lang='lat' dir='ltr'><strong>dicendus,</strong></span> <span class='ocrx_word' id='word_1_334' title='bbox 716 3307 1058 3367; x_wconf 87' lang='lat' dir='ltr'><strong>quamquam</strong></span> <span class='ocrx_word' id='word_1_335' title='bbox 1092 3291 1198 3350; x_wconf 86' lang='lat' dir='ltr'><strong>suh</strong></span> <span class='ocrx_word' id='word_1_336' title='bbox 1227 3294 1469 3352; x_wconf 86' lang='lat' dir='ltr'><strong>a&#39;uctore</strong></span> <span class='ocrx_word' id='word_1_337' title='bbox 1500 3292 1826 3353; x_wconf 83' lang='lat' dir='ltr'><strong>Aristotele</strong></span> <span class='ocrx_word' id='word_1_338' title='bbox 1870 3301 1931 3352; x_wconf 89' lang='lat' dir='ltr'><strong>et</strong></span> <span class='ocrx_word' id='word_1_339' title='bbox 1950 3290 2173 3350; x_wconf 69' lang='lat' dir='ltr'><strong>&#39;Alexar-</strong></span> 
     </span>
     <span class='ocr_line' id='line_1_39' title="bbox 194 3361 2172 3449; baseline 0.006 -28"><span class='ocrx_word' id='word_1_340' title='bbox 194 3361 278 3418; x_wconf 87' lang='lat' dir='ltr'><strong>dr1</strong></span> <span class='ocrx_word' id='word_1_341' title='bbox 310 3361 500 3437; x_wconf 81' lang='lat' dir='ltr'><strong>Magni</strong></span> <span class='ocrx_word' id='word_1_342' title='bbox 533 3368 821 3429; x_wconf 80' lang='lat' dir='ltr'><strong>militibus.</strong></span> <span class='ocrx_word' id='word_1_343' title='bbox 867 3372 1181 3434; x_wconf 85' lang='lat' dir='ltr'><strong>Generatio</strong></span> <span class='ocrx_word' id='word_1_344' title='bbox 1206 3390 1407 3436; x_wconf 80' lang='lat' dir='ltr'><strong>eorum</strong></span> <span class='ocrx_word' id='word_1_345' title='bbox 1434 3377 1744 3437; x_wconf 88' lang='lat' dir='ltr'><strong>lambendo</strong></span> <span class='ocrx_word' id='word_1_346' title='bbox 1783 3387 2072 3449; x_wconf 83' lang='lat' dir='ltr'><strong>constare,</strong></span> <span class='ocrx_word' id='word_1_347' title='bbox 2088 3376 2172 3427; x_wconf 69' lang='lat'><strong>1¹⁰³</strong></span> 
     </span>
    </p>
   </div>
  </div>
 </body>
</html>
