2320 3650
106 110 185 168 14
796 119 855 167 c.
900 119 1094 166 Pmm
1141 119 1443 167 summm

108 273 314 353 quibus
369 271 657 332 deficiunt.
747 293 856 334 nec
904 273 1033 332 cibo
1081 281 1292 332 mltum
1339 281 1398 330 et
1449 272 1732 331 alimentis
1779 274 2147 353 necessarii,

107 358 328 436 quippe
357 357 521 416 vocis
548 360 949 437 sermonisque
973 358 1232 432 regimen
1257 358 1540 434 primores
1563 365 1761 415 tenent
1778 403 1794 433 ‚
1830 368 2142 418 concentu

108 441 353 518 quodam
386 441 752 518 excipientes
796 445 968 502 ictum
1005 441 1236 516 linguae
1274 441 1545 518 serieque
1591 449 1913 500 structurae
1946 450 2142 519 atque

106 525 491 600 magnitudine
527 526 852 585 mutilantes
884 523 1293 584 mollientesve
1325 532 1420 583 aut
1450 523 1793 583 hebetantes
1821 524 2009 584 verba
2049 534 2139 601 et,

23 618 79 671 71
111 627 237 667 cum
295 610 575 682 defuere,
636 610 1101 687 explanationem
1156 626 1378 666 omnem
1427 609 1767 668 adimentes.
1860 607 2010 681 Quin
2073 618 2187 669 et⁵

107 695 424 770 augurium
450 695 505 763 in
534 693 642 753 hac
688 712 821 752 esse
855 692 1106 752 creditur
1139 700 1322 770 parte.
1382 692 1586 751 triceni
1628 691 1744 750 bini
1789 693 1928 750 viris
1966 695 2137 751 attri-

105 777 349 836 buuntur
385 786 633 854 excepta
661 775 1043 837 Turdulorum
1078 785 1274 853 gente.
1337 776 1541 853 quibus
1576 776 1774 855 plures
1798 776 1966 834 fuere
2000 777 2136 836 lon-

104 862 270 936 giora
316 863 568 940 promitti
614 863 767 920 vitae
814 869 1013 938 putant
1054 862 1260 937 spatia.
1329 860 1556 918 feminis
1604 860 1788 919 minor
1830 877 2134 937 numerus,

103 945 312 1021 quibus
345 947 401 1002 in
434 944 638 1004 dextra
672 953 836 1022 parte
865 945 1076 1020 gemini
1107 963 1360 1023 superne
1397 962 1429 1003 a
1462 943 1697 1011 canibus
1731 946 2133 1020 cognominati

102 1028 368 1087 fortunae
411 1027 796 1086 blandimenta
830 1028 1210 1106 pollicentur,
1260 1030 1407 1086 sicut
1444 1029 1498 1085 in
1536 1027 1857 1106 Agrippina
1905 1026 2131 1087 Domiti
2155 1039 2204 1079 ιο

26 1120 85 1173 72
101 1110 349 1169 Neronis
380 1120 582 1170 matre.
633 1121 832 1170 contra
865 1115 921 1171 in
954 1114 1141 1178 laeva.
1198 1111 1494 1171 Hominem
1528 1113 1688 1189 prius
1722 1130 1890 1189 quam
1920 1113 2131 1187 genito

25 1195 148 1280 '3421‘30
163 1194 335 1253 dente
368 1197 612 1255 cremari
635 1194 760 1255 mos
789 1199 1041 1273 gentium
1064 1214 1180 1255 non
1212 1204 1318 1254 est.
1377 1197 1494 1254 Sed
1526 1212 1660 1254 mox
1685 1195 1852 1272 plura
1878 1196 1949 1255 de
1984 1195 2127 1271 hoc,

107 1296 233 1338 cum
263 1279 619 1340 membratim
645 1280 884 1340 historia
916 1281 1207 1341 decurret.
1260 1279 1487 1339 Risisse
1522 1280 1730 1338 eodem
1755 1280 1849 1338 die
1878 1297 1993 1356 quo
2016 1299 2126 1356 ge-

104 1364 252 1422 nitus
287 1373 447 1422 esset
480 1383 647 1425 unum
678 1365 964 1424 hominem
997 1366 1329 1443 accepimus
1362 1362 1736 1422 Zoroastren.
1800 1364 1991 1422 eidem
2022 1382 2125 1423 ce·

102 1447 332 1507 rebrum
365 1450 440 1507 ita
474 1449 792 1526 palpitasse
824 1459 883 1508 ut
906 1451 1212 1527 inpositam
1246 1445 1569 1526 repelleret
1600 1464 1859 1522 manum,
1892 1447 2126 1508 futurae
2151 1461 2197 1500 ¹⁵

102 1533 413 1608 praesagio
448 1534 571 1591 scie
614 1536 749 1592 tiae.
776 1583 817 1627 ᾗ

20 1621 87 1676 73
233 1616 402 1693 (16.)
471 1615 534 1674 In
562 1551 958 1684 &main-‘gub
1011 1617 1220 1692 cuique
1269 1615 1551 1676 dimidiam
1608 1633 1743 1673 esse
1791 1633 2125 1675 mensuram

103 1698 324 1758 futurae
370 1708 589 1758 certum
627 1708 733 1758 est.
802 1702 857 1758 in
901 1700 1131 1777 plenum
1177 1709 1362 1758 autem
1409 1708 1615 1758 cuncto
1660 1699 1984 1759 mortalium
2013 1718 2122 1777 ge·

102 1783 225 1841 neri
256 1785 534 1843 minorem
565 1784 620 1841 in
652 1784 777 1843 dies
809 1783 935 1843 lieri
968 1782 1384 1862 propemodum
1410 1784 1788 1859 observatur,
1833 1800 2121 1861 rarosque

101 1866 357 1942 patribus
414 1870 823 1943 proceriores,
886 1875 1260 1926 consumente
1321 1868 1640 1928 ubertatem
1688 1870 1963 1927 seminum
2012 1886 2115 1927 ex·
2139 1881 2190 1924 κ

102 1951 327 2008 ustione
372 1951 427 2008 in
476 1952 634 2009 cuius
673 1953 817 2011 vicis
857 1969 1006 2011 nunc
1046 1961 1252 2028 vergat
1298 1970 1523 2011 aevom.
1589 1951 1650 2011 In
1699 1950 1872 2011 Creta
1921 1962 2117 2011 terrae

100 2041 253 2092 motu
288 2041 460 2111 rupto
483 2028 677 2094 monte
711 2038 1000 2095 inventum
1027 2045 1116 2094 est
1143 2032 1354 2113 corpus
1389 2045 1545 2095 stans
1569 2048 1737 2094 XLVI
1769 2035 2114 2112 cubitorung

17 2127 84 2180 74
102 2117 254 2194 quod
298 2117 392 2177 alii
430 2116 659 2177 Orionis
704 2119 800 2180 alii
834 2118 926 2178 Oti
960 2120 1141 2178 fuisse
1189 2119 1551 2178 arbitrantur.
1629 2117 1852 2179 Orestis
1898 2136 2113 2198 corpus

101 2201 319 2261 oraculi
351 2204 505 2260 iussu
547 2203 834 2262 refossum
867 2217 967 2263 vu
1004 2203 1327 2263 cubitorum
1363 2203 1542 2262 fuisse
1584 2204 1946 2262 monimentis
1985 2221 2110 2262 cre·-

101 2285 266 2344 ditur.
330 2286 439 2344 iam
482 2304 626 2347 vero
670 2297 806 2347 ante
842 2304 1022 2346 annos
1068 2304 1254 2365 prope
1296 2286 1452 2346 mille
1484 2295 1649 2346 vates
1693 2287 1794 2346 ille
1824 2286 2179 2346 Homerusaes

100 2385 213 2426 non
240 2371 490 2428 cessavit
514 2372 731 2433 minora
766 2388 1015 2450 corpora
1045 2371 1366 2430 mortalium
1399 2389 1565 2448 quam
1590 2372 1781 2449 prisca
1809 2373 2104 2450 conqueri.

100 2450 283 2510 Naevi
326 2451 604 2513 Pollionis
637 2455 1068 2533 amplitudinem
1100 2454 1338 2514 annales
1375 2471 1488 2513 non
1530 2454 1789 2528 tradunt,
1837 2454 1940 2514 sed
1980 2456 2106 2532 quia

100 2535 303 2612 populi
339 2553 623 2597 concursu
654 2557 843 2617 paene
874 2540 1250 2617 interemptus
1288 2548 1476 2614 esset,
1522 2539 1751 2618 prodigi
1784 2539 1915 2598 vice
1949 2537 2104 2598 habi-

99 2628 232 2678 tum.
283 2622 751 2698 procerissimum
784 2623 1069 2682 hominum
1097 2632 1258 2682 aetas
1289 2633 1485 2682 nostra
1518 2622 1650 2682 divo
1679 2620 1919 2681 Claudio
1956 2624 2103 2700 pri‘n·

101 2706 231 2781 cipe
268 2703 588 2765 Gabbaram
630 2708 858 2777 nomine
903 2724 977 2765 ex
1008 2706 1224 2766 Arabia
1268 2707 1570 2781 advectum
1604 2719 1759 2765 vnn
1806 2706 2018 2786 pedum
2048 2715 2171 2765 etao

14 2794 79 2848 75
101 2787 335 2847 totidem
383 2791 675 2849 unciarum
719 2790 877 2848 vidit.
945 2790 1111 2849 fuere
1154 2791 1260 2850 sub
1307 2792 1439 2850 divo
1491 2790 1756 2868 Augusto
1807 2790 2105 2870 semipede

99 2871 329 2946 addito,
364 2890 629 2951 quorum
678 2890 927 2951 corpora
972 2876 1096 2932 eius
1145 2875 1403 2935 miraculi
1449 2876 1632 2951 gratia
1677 2876 1732 2933 in
1778 2874 2160 2937 conditorium

98 2955 574 3016 Sallustianorum
607 2956 1058 3018 adservabantur
1087 2957 1404 3017 hortorum.
1451 2956 1682 3017 Posioni
1715 2966 1775 3016 et
1803 2958 2100 3018 Secundil-

99 3037 190 3096 lae
224 3048 387 3097 erant
417 3042 662 3100 nomina.
712 3041 919 3100 eodem
943 3040 1216 3118 praeside
1245 3043 1519 3100 minumus
1545 3041 1716 3101 homo
1748 3041 1891 3101 duos
1919 3042 2099 3120 pedes

100 3130 157 3179 et
189 3122 437 3199 palmum
469 3122 741 3202 Conopas
773 3126 999 3184 nomine
1031 3126 1085 3183 in
1118 3125 1344 3185 deliciis
1385 3124 1563 3184 Iuliae
1593 3128 1784 3204 neptis
1818 3128 1940 3185 eius
1975 3128 2166 3202 fuit‚³s

99 3212 157 3261 et
182 3204 384 3264 mulier
414 3206 785 3268 Andromeda
816 3208 1021 3268 liberta
1052 3208 1232 3267 Iuliae
1256 3209 1573 3285 Augustae.
1631 3208 1874 3291 Manium
1904 3209 2099 3271 Maxu-

99 3304 244 3344 mum
277 3296 335 3345 et
370 3287 443 3347 M.
481 3288 726 3349 Tullium
764 3294 990 3369 equites
1024 3289 1317 3349 Romanos
1347 3291 1536 3365 binum
1569 3292 1887 3353 cubitorum
1918 3294 2099 3376 fuisse
2285 3254 2292 3373 1

98 3378 300 3427 auctor
339 3379 428 3429 est
469 3369 545 3428 M.
583 3372 808 3447 Varr0‚
857 3382 915 3431 et
962 3375 1072 3451 ipsi
1116 3373 1359 3441 §dimus
1409 3376 1463 3433 in
1500 3376 1705 3434 loculis
1739 3378 2093 3437 adservatur.
2281 3378 2295 3574 Ι

11 3524 127 3562 Q
