2320 3650
544 122 705 174 mr.
742 103 922 174 msr.
967 126 1045 175 11.
1084 110 1663 202 41-46.(41—45.)
1784 205 1791 214 „
1896 105 1899 106 *
2059 116 2142 182 89

143 298 282 343 aera
315 279 753 361 exspirantibus
797 281 894 360 qui
923 299 1114 361 neque
1154 281 1212 341 in
1240 281 1510 343 nebulam
1542 285 1814 346 densetur
1840 305 1953 347 nec
1985 304 2141 348 cras·

143 376 343 426 sescat
377 368 439 425 in
471 365 659 426 nubis.
724 382 903 443 posse
939 375 997 425 et
1028 366 1172 425 solis
1203 366 1431 445 inpulsu
1468 370 1595 445 agi,
1643 372 1906 449 quoniam
1935 382 2143 432 ventus

144 449 275 510 baut
310 450 471 511 aliud
501 449 875 526 intellegatur
908 468 1076 529 quam
1112 450 1318 509 fluctus
1350 453 1525 527 aeris,
1559 454 1935 533 pluribusque
1971 457 2140 517 etiam

143 534 346 594 modis.
411 552 659 613 namque
691 542 753 592 et
782 552 814 592 e
849 532 1172 593 fluminibus
1207 551 1275 594 ac
1298 535 1522 594 nivibus
1558 547 1615 596 et
1638 556 1670 597 e
1693 539 1834 597 mari
1855 527 2139 616 videmus,

99 628 200 681 set
229 618 470 697 quidem
501 616 847 715 tranquillo,
881 626 941 677 et
969 618 1117 677 alios
1149 635 1297 695 quos
1331 629 1542 679 vocant
1575 620 1799 681 altanos
1835 630 1892 680 et
1923 641 1955 681 e
1987 632 2141 683 terra

140 719 530 779 consurgere.
577 702 706 781 qui,
755 719 883 761 cum
913 720 945 761 e
976 702 1117 762 mari
1145 702 1422 780 redeunt,
1464 706 1693 784 tropaei
1732 714 2046 783 vocantur,
2078 708 2143 767 ⁷·si

137 795 418 865 pergunt,
449 786 685 863 apogei.

260 871 369 930 44.
405 868 681 929 Montium
711 885 853 929 vero
887 868 1075 929 flexus
1111 870 1421 951 crebrique
1457 872 1714 933 vertices
1749 880 1807 932 et
1839 872 2100 934 conflexa
2126 884 2227 939 115

139 953 342 1015 cubito
379 962 475 1013 aut
506 953 737 1014 fracta‘
720 972 776 1012 ιιι
807 971 1037 1014 umeros
1067 957 1232 1032 iuga,
1268 957 1510 1016 concavi
1538 949 1772 1016 vallium
1804 959 1961 1017 sinus
1992 960 2141 1018 scin·

72 1054 123 1098 ιο
142 1038 356 1099 dentes
385 1036 796 1116 inaequalitate
828 1038 962 1098 ideo
998 1040 1375 1100 resultantem
1405 1058 1543 1101 aera
1569 1041 1750 1120 (quae
1760 1058 1948 1101 causa
1973 1044 2185 1103 etiam

134 1140 327 1183 voces
355 1121 599 1181 multis
580 1140 637 1180 ιιι
667 1120 815 1181 locis
847 1123 1189 1201 reciprocas
1218 1124 1387 1201 facit)
1420 1126 1542 1183 sine
1576 1125 1687 1184 fine
1722 1135 1928 1185 ventos
1963 1145 2141 1203 gene-

136 1215 286 1268 rant.
327 1205 434 1265 45.
469 1206 580 1265 iam
609 1205 836 1284 quidam
868 1214 925 1266 et
956 1224 1191 1286 specus,
1226 1208 1412 1286 qualis
1441 1209 1498 1268 in
1526 1208 1810 1269 Delmatia
1843 1226 1945 1269 ore
1975 1220 2144 1271 vasto

137 1308 442 1371 praeceps
471 1288 660 1364 hiatu,
708 1290 761 1347 in
796 1307 967 1369 quem
998 1290 1229 1350 deiecto
1263 1291 1378 1352 levi
1410 1292 1671 1369 pondere
1703 1291 1963 1372 quamvis
1992 1302 2144 1354 tran·

140 1373 326 1455 quillo
375 1373 470 1433 die
521 1373 729 1433 turbini
774 1374 972 1433 similis
1017 1376 1226 1435 emicat
1259 1376 1551 1473 procella.
1610 1392 1820 1435 nomen
1869 1377 2003 1437 loco
2055 1387 2147 1438 est

75 1481 123 1523 15
140 1461 342 1520 Senta.
393 1457 544 1531 Quin
575 1466 634 1517 et
663 1457 720 1516 in
752 1454 1073 1533 Cyrenaica
1104 1460 1404 1537 provincia
1434 1477 1612 1539 rupes
1644 1460 1924 1538 quaedam
1950 1471 2144 1526 austro

137 1543 387 1603 traditur
432 1560 638 1617 sacra,
692 1559 860 1621 quam
904 1543 1206 1619 profanum
1251 1544 1323 1603 sit
1369 1545 1663 1604 attrectari
1696 1539 1940 1604 hominis
1976 1564 2145 1613 manu

140 1626 456 1688 confestim
489 1634 684 1686 austro
716 1626 991 1686 volvente
1029 1626 1294 1687 harenas.
1356 1627 1420 1687 In
1451 1627 1712 1687 domibus
1757 1629 1926 1688 etiam
1970 1630 2143 1690 multa
2236 1659 2243 1662 -

137 1730 309 1772 manu
331 1710 493 1772 facta
523 1710 743 1769 inclusa
777 1711 1065 1789 opacitate
1099 1712 1518 1791 conceptacula
1549 1729 1716 1771 auras
1745 1730 1878 1773 suas
1907 1712 2169 1818 babent.

136 1796 292 1859 adeo
326 1812 507 1855 causa
536 1810 650 1855 non
680 1794 868 1855 deest.
951 1803 988 1817 ’·
1099 1810 1107 1820 ·

75 1898 124 1939 20
271 1880 411 1959 (45.
416 1880 447 1959 )
484 1878 602 1939 Sed
633 1879 951 1957 plurumum
980 1881 1242 1957 interest,
1276 1880 1444 1941 flatus
1476 1883 1548 1942 sit
1578 1900 1649 1943 an
1677 1891 1902 1942 ventus.
1962 1882 2103 1943 Illos
2128 1893 2229 1947 116

142 1972 326 2026 statos
362 1972 541 2042 atque
568 1964 976 2043 perspirantis,
1010 1981 1156 2043 quos
1190 1983 1305 2025 non
1338 1974 1554 2026 tractus
1577 1967 1783 2046 aliquis
1805 1986 2006 2027 verum
2027 1976 2142 2027 ter-

139 2068 243 2110 rae
274 2049 552 2124 sentiunt,
584 2048 682 2147 qui
712 2065 826 2107 non
854 2066 1011 2124 aura,
1044 2066 1158 2108 non
1194 2050 1489 2128 procella,
1527 2050 1633 2110 sed
1663 2069 1854 2110 mares
1883 2045 2143 2150 appella·

140 2137 303 2194 tione
339 2150 579 2212 quoque
626 2135 754 2211 ipsa
782 2133 939 2192 venti
979 2142 1138 2208 sunt,
1188 2134 1312 2192 sive
1363 2133 1604 2194 adsiduo
1642 2135 1834 2194 mundi
1879 2135 2059 2195 incitu
2087 2143 2146 2195 et

142 2218 441 2279 contrario
476 2216 728 2276 siderum
760 2233 1005 2276 occursu
1039 2226 1378 2293 nascuntur,
1428 2219 1552 2278 sive
1586 2218 1701 2278 hic
1714 2226 1803 2278 est
1832 2218 1932 2278 ille
1963 2237 2143 2296 gene·

78 2301 348 2363 arabilis
393 2318 588 2360 rerum
631 2309 868 2360 naturae
915 2302 1147 2380 spiritus
1201 2301 1312 2362 huc
1364 2301 1502 2362 illuc
1548 2311 1834 2381 tamquam
1881 2303 1937 2362 in
1976 2311 2144 2362 utero

140 2386 341 2465 aliquo
385 2402 603 2461 vagus,
665 2386 789 2444 sive
840 2385 1097 2463 disparili
1148 2386 1456 2445 errantium
1501 2386 1750 2445 siderum
1795 2388 1912 2446 ictu
1954 2387 2143 2446 radio·

140 2486 388 2548 rumque
418 2467 748 2528 multiformi
780 2470 928 2528 iactu
960 2468 1287 2545 flagellatus
1319 2487 1452 2544 aer,
1486 2470 1610 2528 sive
1643 2489 1675 2530 a
1707 2471 1825 2529 suis
1857 2469 2145 2531 sideribus

144 2561 363 2614 exeunt
385 2552 478 2612 his
502 2552 873 2630 propioribus
898 2553 1020 2611 sive
1045 2552 1117 2613 ab
1143 2552 1258 2612 illis
1284 2553 1452 2613 caelo
1476 2552 1680 2612 adfixis
1705 2554 1930 2614 cadunt.
1957 2554 2147 2633 palam

145 2645 237 2697 est
264 2636 408 2697 illos
452 2653 687 2715 quoque
731 2635 924 2713 legem
957 2645 1194 2696 naturae
1225 2636 1446 2696 habere
1491 2653 1606 2695 non
1636 2639 1888 2714 ignotam
1921 2637 2144 2697 etiamsi

82 2720 397 2781 ”nondum
433 2720 850 2799 percognitam.
910 2721 1011 2782 46.
1043 2719 1258 2798 Viginti
1304 2720 1547 2799 amplius
1591 2730 1861 2780 auctores
1897 2720 2230 2786 Graeoi117

144 2813 387 2864 veteres
430 2804 749 2883 prodidere
798 2805 870 2864 de
912 2803 1002 2864 his
1047 2805 1510 2864 observationes.
1572 2821 1687 2883 quo
1738 2806 1921 2881 magis
1971 2805 2148 2864 miror

146 2887 294 2948 orbe
325 2888 585 2949 discordi
617 2896 676 2947 et
705 2889 766 2946 in'
789 2906 993 2964 regna,
1024 2887 1138 2949 hoc
1172 2897 1263 2948 est
1294 2889 1351 2946 in
1381 2888 1659 2964 membra,
1692 2888 1877 2948 diviso
1903 2896 1988 2948 tot
2006 2889 2145 2948 viris

148 2989 329 3032 curae
361 2970 545 3031 fuisse
579 2979 693 3031 tam
727 2972 903 3032 ardua
937 2964 1191 3048 inventu,
1223 2973 1372 3031 inter
1404 2971 1563 3032 bella
1596 2972 1940 3050 praesertim
1975 2981 2032 3032 et
2062 2974 2144 3032 in·

149 3055 265 3127 lida
296 3054 574 3133 hospitia,
610 3057 811 3133 piratis
847 3056 1024 3129 etiam·
1048 3057 1294 3115 omnium
1314 3055 1634 3116 mortalium
1658 3055 1920 3116 hostibus
1940 3057 2144 3117 transi·

83 3149 240 3199 astus
269 3138 459 3199 ferme
487 3137 838 3215 tenentibus,
871 3148 930 3198 ut
958 3138 1133 3199 hodie
1171 3139 1453 3219 quaedam
1474 3141 1532 3198 in
1559 3156 1663 3200 suo
1689 3140 2147 3219 quisquestractu

151 3241 232 3283 ex
281 3239 483 3283 eorum
532 3224 955 3283 commentariis
996 3223 1092 3303 qui
1135 3241 1434 3302 numquam
1475 3241 1551 3284 eo
1595 3242 1910 3284 accessere
1949 3226 2146 3284 verius

150 3315 360 3367 noscat
388 3324 555 3386 quam
587 3307 981 3384 indigenarum
1010 3308 1272 3366 scientia.
1304 3324 1454 3365 nunc
1481 3325 1626 3367 vero
1658 3326 1808 3386 pace
1837 3317 1949 3367 tam
1972 3308 2143 3379 festa,

152 3399 269 3452 tam
306 3391 599 3468 gaudente
643 3399 930 3471 proventu
969 3408 1164 3452 rerum
1202 3391 1519 3470 artiumque
1565 3392 1864 3470 principe,
1917 3390 2144 3448 omnino

2224 3526 2300 3566 ,-
