2320 3650
118 61 234 140 '26
792 88 898 134 -c.
944 88 1137 134 Pmm
1182 83 1480 134 secun-131

152 246 355 320 dixere
388 241 657 319 imperia!
704 257 871 320 quam
906 241 1115 300 multos
1147 240 1297 298 bona
1332 239 1639 318 perdidere
1675 249 1735 298 et
1764 239 1979 297 ultimis
2011 256 2165 298 mer-

153 344 286 386 sere
320 325 646 404 suppliciis!
693 327 799 384 ista
832 325 1093 383 nimirum
1127 323 1276 382 bona
1296 369 1311 398 ‚
1359 337 1486 382 cum
1530 325 1752 382 interim
1791 323 1890 381 illa
1923 322 2076 382 hora
2110 325 2166 382 in

153 410 365 488 gaudio
407 409 541 468 fuit!
597 411 675 468 ita
714 417 809 467 est
856 408 1157 486 pmi'ectQ
1205 408 1352 466 alius
1393 407 1467 466 de
1513 407 1626 465 alio
1671 406 1882 466 iudicat
1925 405 2061 465 dies
2110 415 2169 465 et

155 505 344 553 tamen
389 509 690 570 supremus
727 493 798 551 de
843 490 1133 566 omnibus,
1174 490 1424 568 ideoque
1455 491 1631 550 nullis
1655 489 2017 549 »credendum
2049 499 2164 549 est.

155 577 289 656 quid
342 578 495 653 quod
548 576 699 636 bona
750 575 914 634 malis
964 576 1121 652 paria
1171 592 1285 633 non
1336 584 1466 632 sunt
1513 577 1682 633 etiam
1721 575 1853 652 pari
1893 589 2204 649 numero,5

154 679 263 720 nec
309 662 526 720 laetitia
554 660 675 720 ulla
708 660 951 718 minumo
983 675 1250 718 maerore
1285 655 1620 736 pensanda?
1681 668 1827 716 vana
1873 666 1933 717 et
1967 659 2164 735 inpru-

152 746 297 805 dens
347 744 676 820 diligentia!
729 743 997 802 numerus
1045 744 1665 820 dierum*conparatur
1695 740 1811 800 ·u'bi
1857 742 2167 817 quaeritur

197 828 404 887 ondus!
1160 839 1166 848 ¹

72 847 189 977 133p
275 911 377 970 41.
426 909 594 988 (42.)
660 908 783 969 Una
829 910 1163 969 feminarum
1206 911 1263 967 in
1298 909 1447 968 omni
1491 924 1637 967 aevo
1672 907 1946 986 Lampido
1982 906 2165 967 Lace·

156 994 458 1055 daemonia
502 993 758 1051 refertur
794 1011 944 1071 quae
977 994 1135 1069 regis
1170 992 1316 1067 fllia,
1357 993 1519 1068 regis
1563 1009 1743 1067 uxor,
1787 994 1948 1068 regis
1980 1000 2224 1050 materno

157 1079 365 1151 fuerit,
404 1093 513 1135 una
546 1076 829 1135 Berenice
874 1094 1021 1156 quae
1071 1076 1222 1152 lilia,
1269 1089 1467 1151 soror,
1510 1085 1692 1135 mater
1734 1074 2166 1153 Olympionica·

154 1178 311 1233 rum,
346 1176 454 1218 una
487 1159 702 1224 familia
738 1158 1045 1220 Curionum
1074 1161 1130 1218 in
1166 1176 1276 1238 qua
1317 1168 1438 1219 tres
1477 1161 1742 1218 continua
1779 1161 1932 1235 serie
1972 1167 2167 1218 orato·

159 1261 257 1302 res
288 1244 646 1318 exstiterint,
676 1259 787 1304 una
820 1244 1126 1304 Fabiorum
1174 1245 1227 1302 in
1270 1261 1380 1320 qua
1414 1254 1536 1302 tres
1575 1244 1823 1301 continui
1870 1244 2169 1320 principes

161 1336 425 1399 senatuS.
473 1326 547 1386 Μ.
602 1327 812 1387 Fabius
860 1328 1206 1403 AmbustuS‚
1251 1326 1463 1386 Fabius
1506 1326 1804 1387 Rullianus
1849 1326 2032 1402 filius,
2089 1325 2164 1398 Q.

156 1410 368 1470 Fabius
397 1411 620 1487 Gurges
650 1430 853 1491 nepos.
2186 1428 2228 1468 15

80 1505 180 1560 134
280 1496 381 1555 42.
429 1496 595 1573 (43.)
671 1495 880 1555 Cetera
933 1495 1202 1573 exempla
1243 1495 1508 1553 fortunae
1555 1494 1828 1553 variantis
1871 1494 2168 1553 inumera

164 1589 310 1638 sunt.
379 1581 589 1638 etenim
642 1597 786 1657 quae
836 1581 975 1639 facit
1023 1596 1227 1655 magna
1273 1579 1480 1655 gaudia
1530 1579 1639 1636 nisi
1685 1591 1763 1636 ex
1811 1577 2016 1652 malis,
2071 1586 2169 1637 aut

165 1680 311 1739 quae
344 1664 492 1723 mala
526 1665 779 1721 inmensa
812 1665 920 1722 nisi
953 1682 1028 1722 ex
1061 1662 1388 1738 ingentibus
1422 1659 1689 1737 gaudiis?
1749 1660 1851 1720 43.
1911 1662 2171 1721 servavit

163 1749 620 1824 proscriptum·a
677 1747 839 1805 Sulla
887 1746 961 1805 M.
995 1745 1308 1805 Fidustium
1355 1754 1683 1804 senatorem
1715 1746 1879 1803 annis
1919 1755 2168 1818 xxxvl,

164 1831 269 1888 sed
328 1832 530 1888 iterum
587 1833 1003 1908 proscriptura.
1080 1841 1382 1909 superstes
1441 1830 1855 1903 Sullaefvixit,
1910 1829 2016 1889 sed
2072 1846 2229 1889 us·2o
2307 1832 2308 1837 ’

164 1931 277 1990 que
312 1914 381 1972 ad
417 1914 757 1988 Antonium,
797 1923 1135 1992 constatque
1171 1915 1325 1974 nulla
1361 1915 1472 1973 alia
1501 1914 1574 1972 de
1611 1930 1784 1972 causa
1819 1912 1892 1971 ab
1922 1930 1999 1972 eo
2031 1930 2168 1991 pro-

165 1997 440 2074 scriptum
495 2012 659 2074 quam
717 1999 847 2075 quia
897 1999 1259 2076 proscriptus
1297 1999 1525 2056 fuisset.
1590 1996 1757 2076 (44.)
1816 1997 2170 2075 triumphare

84 2089 182 2142 135
200 2079 263 2139 P.
296 2080 621 2139 Ventidium
664 2081 741 2140 de
770 2082 994 2142 Parthis
1023 2082 1205 2140 voiuit
1245 2081 1477 2159 quidem
1515 2080 1731 2154 solum,
1770 2080 1874 2140 sed
1919 2081 2171 2140 eundem

163 2164 219 2221 in
273 2164 562 2242 triumpho
625 2165 920 2224 Asculano
972 2164 1081 2224 Cn.
1137 2166 1375 2243 Pompei
1430 2165 1589 2224 duxit
1644 2181 1913 2242 puerum,
1970 2181 2169 2242 quam·

164 2264 331 2324 quam
366 2248 651 2308 Masurius
694 2258 895 2308 auctor
943 2259 1034 2308 est
1076 2248 1164 2308 bis
1204 2250 1262 2306 in
1299 2248 1587 2326 triumpho
1630 2248 1890 2322 ductum,
1948 2246 2233 2312 Cicero25
2307 2246 2308 2265 ¹

162 2332 470 2390 mulionem
505 2335 818 2392 castrensis
860 2335 1149 2393 furnariae
1189 2333 1403 2405 fuisse,
1434 2332 1680 2409 plurumi
1714 2333 2003 2390 iuventam
2047 2332 2170 2390 ino-

83 2423 183 2476 136
200 2433 332 2492 pem
370 2417 429 2474 in
476 2416 664 2493 caiiga
706 2416 933 2497 militari
966 2417 1275 2476 tolerasse.
1338 2414 1468 2474 Fuit
1502 2424 1561 2474 et
1600 2414 1812 2474 Balbus
1859 2412 2171 2475 Cornelius

163 2499 348 2557 maior
388 2501 619 2575 consul,
665 2500 769 2559 sed
810 2509 1113 2560 accusatus
1153 2509 1327 2578 atque
1372 2500 1444 2558 de
1475 2500 1600 2558 iure
1627 2500 1917 2575 virgarum
1947 2499 2003 2557 in
2038 2515 2171 2557 eam

164 2583 413 2642 iudicum
445 2584 500 2642 in
533 2585 833 2643 consilium
860 2587 1102 2659 missus,
1136 2585 1350 2660 primus
1384 2592 1752 2642 externorum
1784 2590 1957 2660 atque
1997 2583 2171 2641 etiam

165 2667 221 2723 in
265 2681 489 2726 oceano
534 2670 858 2744 genitorum
906 2684 1057 2727 usus*
1083 2668 1186 2727 illo
1231 2668 1456 2727 honore
1496 2682 1665 2743 quem
1706 2668 1962 2724 maiores
2005 2664 2233 2725 Latioso
2307 2726 2308 2733 χ

167 2766 398 2828 quoque
430 2753 788 2827 negaverint.
854 2761 943 2810 est
978 2761 1035 2810 et
1063 2751 1124 2810 L.
1163 2750 1399 2809 Fulvius
1422 2752 1576 2809 inter
1599 2750 1841 2825 insignia
1873 2748 2170 2827 exempla,
2306 2738 2308 2893 ⁴

166 2832 616 2894 Tusculanorum
647 2834 1045 2895 rebellantium
1086 2835 1323 2910 consul,
1371 2833 1694 2910 eodemque
1737 2832 1995 2907 honore,
2044 2840 2172 2891 curn
2265 2868 2308 2917 -¹

166 2920 503 2993 transisset,
539 2926 850 2977 exornatus
884 2919 1189 2978 confestim
1230 2936 1261 2977 a
1293 2917 1517 2996 populo
1548 2916 1842 2991 Romano,
1876 2917 1976 2994 qui
2008 2915 2172 2976 solus
2306 2920 2308 2971 4

172 3001 377 3059 eodem
396 3018 543 3061 anno
567 3014 682 3079 qno
702 3002 889 3061 fuerat
906 3002 1091 3062 hostis
1104 3001 1325 3061 Romae
1350 2999 1715 3079 triumphavit
1738 3016 1813 3059 ex
1834 3001 1906 3058 iis
1925 3012 2174 3077 quorum

87 3087 188 3143 137
207 3085 408 3144 consul
452 3086 658 3157 fuerat.
722 3085 889 3159 Unus¹
913 3086 1198 3145 hominum
1242 3086 1320 3145 ad·
1353 3087 1466 3145 hoc
1508 3084 1637 3144 aevi
1671 3080 1885 3143 Felicis
1921 3082 2034 3142 sibi
2072 3098 2234 3143 eo-ss

146 3182 419 3241 ¹gnomen
461 3160 714 3229 adseruit
748 3168 808 3227 L.
847 3169 1041 3244 Sulla,
1087 3171 1240 3230 civili
1285 3184 1491 3247 nempe
1521 3168 1800 3244 ‘sanguine
1837 3184 1905 3226 ac
1947 3169 2172 3245 patriae

174 3253 604 3324 oppugnatione
645 3252 967 3329 adoptatus.
996 3272 1001 3277 ·
1027 3262 1083 3311 et
1127 3253 1330 3330 quibus
1364 3252 1655 3311 felicitatis
1698 3250 1958 3309 inductus
2004 3267 2170 3327 argu·

171 3329 420 3390 mentis?
464 3334 619 3411 quod
652 3336 1021 3411 proscribere
1066 3345 1152 3394 tot
1196 3334 1348 3393 milia
1395 3336 1599 3393 civium
1642 3351 1711 3394 ac
1744 3332 2036 3392 trucidare
2059 3349 2171 3413 po·

33 3534 129 3566 -s
