2320 3650
167 66 289 129 218
900 83 960 131 c.
984 83 1177 130 rum
1203 81 1501 131 suenum
1615 134 1620 139 ,

118 255 146 289 ⁸
170 237 325 296 dicti.
370 258 375 263 ·
415 235 468 295 A
489 234 900 297 Neocaesarea
934 255 1108 315 supra
1133 237 1286 298 dicta
1317 239 1596 298 minorem
1620 233 1948 296 Armeniam
1974 234 2169 311 Lycus

166 321 346 380 amnis
378 319 751 385 disterminat.
808 329 898 380 est
931 330 989 382 et
1015 319 1276 383 Ceranus
1299 323 1448 382 intus
1476 319 1687 389 claruet.
1741 320 1800 378 in
1834 335 1938 380 ora
1970 328 2171 380 autem

167 403 240 463 ab
282 403 482 464 Amiso
526 405 801 503 oppidum
853 412 913 464 et
954 403 1166 469 flumen
1211 404 1513 481 Chadisia,
1570 403 1909 480 Lycastum,
1968 421 2002 463 a
2047 420 2168 481 quo

167 485 620 562 Themiscyrena
653 490 842 565 regio.
1965 528 1972 539 ‹

83 581 150 634 10
196 618 201 621 v
342 571 466 650 (4.)
511 571 617 637 Iris
673 572 883 632 flumen
917 571 1190 632 deferens
1210 572 1460 648 Lycum.
1533 552 1735 632 civitas
1783 569 1947 630 Ziela
1981 571 2211 651 intus,5

164 653 374 715 nobilis
403 655 573 717 clade
595 655 778 722 Triari
799 664 860 715 et
882 655 1125 717 victoria
1152 655 1217 716 C.
1249 655 1538 718 Caesaris.
1580 656 1637 715 in
1657 671 1760 714 ora
1787 655 1967 714 amnis
1980 653 2167 715 Ther-

161 739 374 799 modon
412 730 573 800 ortus
608 740 706 800 ad
717 739 1016 799 castellum
1034 741 1197 819 quod
1218 748 1429 801 vocant
1449 739 1786 808 Phanoriam
1819 746 2172 816 praeterque

162 823 394 883 radices
418 823 1190 902 Amazoniimontsslapsus.
1253 826 1359 886 fuit
1393 824 1668 904 oppidum
1707 823 1917 882 eodem
1939 823 2173 881 nomine

165 914 225 965 et
269 906 380 968 alia
412 907 693 985 quinque,
737 907 1143 984 Amazonium,
1184 908 1589 985 Themiscyra,
1636 907 1862 981 Sotira,
1909 905 2170 981 Amasia,

82 998 148 1055 11
172 987 459 1065 Comana,
497 1009 646 1050 nunc
666 989 917 1051 Matium.
994 993 1055 1052 4.
1116 991 1333 1053 Gentes
1382 991 1761 1066 Genetarum,
1814 988 2161 1066 Chalybum,
2189 1006 2241 1048 ιο

165 1074 444 1152 oppidum
467 1071 811 1152 Cotyorum,
855 1084 1066 1153 gentes
1089 1075 1379 1153 Tibareni,
1409 1075 1665 1150 Massyni
1688 1075 1839 1137 notis
1867 1075 2167 1150 signantes

165 1172 416 1235 corpora
433 1202 451 1234 ,
490 1175 637 1234 gens
664 1157 1123 1239 Macrocephali,
1151 1161 1426 1239 oppidum
1449 1157 1724 1235 Cerasus,
1753 1167 1954 1236 portus
1981 1154 2169 1217 Chor-

162 1241 321 1317 dule,
346 1241 1113 1321 gentesBechiresAEuxeri,
1129 1244 1338 1305 flumen
1361 1243 1570 1318 MelaS,
1593 1261 1741 1320 gens
1755 1241 2186 1316 Machorone8,-

164 1325 364 1385 Sidoni
394 1325 718 1405 flumenque
747 1328 1020 1391 Sidenum
1043 1347 1157 1407 quo
1194 1329 1441 1389 adluitur
1474 1327 1749 1407 oppidum
1769 1324 2170 1386 Polemonium

161 1409 234 1468 ab
270 1409 468 1470 Amiso
510 1407 667 1469 CXX
701 1410 761 1471 M
792 1429 1078 1491 passuum.
1149 1413 1283 1473 inde
1316 1412 1543 1472 flumina
1577 1409 1899 1486 Iasonium,
1944 1407 2242 1468 Melan-1⁵

159 1493 367 1568 thium,
416 1503 476 1553 et
506 1493 578 1559 ab
613 1495 813 1559 Amiso
856 1495 1067 1556 LXXX
1096 1495 1182 1556 M
1182 1514 1465 1595 passuum
1495 1495 1827 1556 Pharnacea
1862 1492 2166 1593 oppidum,

105 1576 433 1655 Tripolis
458 1579 762 1638 castellum
797 1587 856 1639 et
893 1581 1132 1655 fluviae,
1178 1581 1322 1640 item
1335 1579 1686 1655 Philocalia,
1734 1587 1793 1639 et
1827 1579 1952 1638 sine
1986 1576 2165 1637 fluvio

161 1662 301 1722 item
347 1660 710 1740 Liviopolis,
768 1671 829 1722 et
885 1680 918 1722 a
964 1662 1300 1725 Pharnacea
1357 1661 1402 1723 C
1446 1661 1506 1722 M
1551 1680 1822 1741 passuum
1864 1661 2165 1739 Trapezus

79 1753 148 1806 12
168 1745 408 1805 liberum
430 1754 631 1806 monte
648 1754 815 1807 vasto.
848 1746 1122 1809 clausum.
1175 1747 1325 1807 ultra
1351 1746 1504 1824 quod
1538 1765 1685 1823 gens
1707 1744 2164 1819 Armenochaly-

159 1828 300 1904 bes,
350 1837 415 1905 et
452 1831 634 1889 maior
682 1829 963 1890 Armenia
992 1830 1159 1894 XXX
1201 1830 1261 1891 M
1295 1847 1583 1909 passuum
1624 1831 1864 1894 distans.
1945 1829 2014 1898 In
2057 1845 2165 1889 ora
2181 1840 2237 1881 ²0

161 1921 294 1972 ante
330 1912 692 1990 Trapezunta
727 1914 937 1975 flumen
974 1914 1248 1991 Pyxites,
1293 1916 1444 1980 ultra
1481 1932 1634 1975 vero
1658 1933 1807 1991 gens
1843 1914 2166 1975 Sannorum

159 1994 629 2062 Heniochorum.·
688 1998 900 2062 flumen
928 1997 1280 2064 ‘Absarrum'
1318 2011 1446 2064 c'um
1507 1997 2167 2074 castellosacognomine

160 2082 219 2139 in
249 2079 512 2142 faucibus
541 2098 575 2140 a
596 2080 959 2160 Trapezunte
987 2080 1133 2144 CXL
1159 2081 1219 2146 M
1255 2097 1543 2161 passuum.
1608 2081 1760 2146 Eius
1775 2080 1956 2142 loci-a
1987 2088 2166 2156 tergo

156 2166 431 2227 montium
484 2163 675 2228 Iberia
733 2174 856 2242 estz,
917 2167 975 2230 in
1038 2184 1141 2227 ora
1196 2184 1339 2227 vero
1399 2165 1716 2241 Heniochi,
1783 2164 2161 2244 Ampreutae,

158 2246 323 2323 Lazi,
381 2248 625 2309 flumina
651 2249 1056 2329 Acampseon,
1119 2250 1261 2326 Isis,
1318 2250 1593 2327 MogruS,
1643 2249 1890 2326 Bathys,
1947 2256 2160 2325 gentes
2181 2265 2236 2306 25

162 2328 545 2408 Colchorum,
589 2335 863 2412 oppidum
898 2333 1174 2411 Matium,
1204 2334 1415 2395 flumen
1435 2333 1784 2396 Heracleum
1806 2341 1880 2392 et
1887 2347 2159 2429 promon-

75 2422 144 2477 13
165 2416 393 2476 torium
413 2416 620 2480 eodem
657 2419 933 2493 nomine,
980 2418 1447 2496 clarissimusque
1476 2418 1642 2478 Ponti
1673 2410 1895 2479 Phasis.
1973 2414 2162 2478 oritur

105 2500 218 2558 in
258 2498 548 2576 Moschis,
584 2503 908 2578 navigatur
953 2501 1286 2581 quamlibet
1304 2503 1529 2579 magnis
1565 2501 1815 2599 navigiis
1857 2489 2164 2559 XXXVIII

158 2581 218 2641 M
243 2582 296 2642 D
332 2601 635 2661 passuum,
680 2586 817 2649 inde
852 2584 1166 2645 minoribus
1208 2586 1394 2662 longo
1432 2585 1654 2664 spati0,
1706 2582 1975 2662 pontibus
2000 2579 2163 2641 CXX

159 2668 414 2745 pervius.
458 2668 690 2746 oppida
729 2670 786 2728 in
824 2670 964 2747 ripis
1001 2668 1199 2729 habuit
1234 2669 1542 2747 conplura,
1596 2667 1976 2730 celeberrima
2006 2664 2160 2740 Tyn·
2180 2685 2233 2728 so

157 2750 388 2827 darida,
445 2749 783 2827 Circaeum,
826 2750 1084 2828 Cygnum
1114 2762 1181 2819 ‚et
1212 2754 1268 2812 in
1297 2752 1559 2816 faucibus
1581 2752 1828 2815 Phasim.
1892 2766 2159 2810 maxume

156 2844 347 2896 autem
379 2835 646 2898 inclaruit
666 2834 827 2911 Aea,
870 2835 980 2896 XV
1010 2834 1070 2900 M
1103 2854 1376 2913 passuum
1423 2854 1458 2896 a
1490 2837 1659 2911 mari,
1703 2835 1800 2902 ubi
1837 2833 2072 2911 Hippos·
2099 2840 2163 2891 et

159 2915 430 2992 Cyaneos
456 2920 604 2980 vasti
637 2937 831 2982 amnes
859 2938 893 2978 e
923 2919 1171 2984 diverso.
1190 2922 1249 2984 in
1279 2938 1407 2980 eum
1441 2919 1754 2986 confluunt.
1785 2935 1957 2984 ¹nunc
1983 2913 2162 2976 habet

159 3002 385 3062 Surium
409 3011 669 3079 tantum,
708 3012 768 3063 et
790 3004 986 3081 ipsum
1028 3002 1100 3064 ab
1146 3021 1310 3064 amne
1355 3004 1629 3068 influente
1664 3002 1751 3064 ibi·
1787 3000 2158 3079 cognomina·

157 3092 273 3143 tum
334 3104 518 3164 usque
567 3103 715 3166 quo
735 3105 1064 3163 magnarum
1109 3088 1336 3148 navium
1386 3105 1664 3165 capacem
1707 3104 1842 3147 esse
1890 3084 2154 3144 diximus.
2176 3101 2230 3144 οι»

156 3176 219 3226 et
261 3169 410 3228 alios
463 3172 689 3249 accipit
731 3171 938 3231 fluvios
995 3172 1384 3248 magnitudine
1437 3187 1795 3250 numeroque
1853 3166 2154 3242 mirabilis,

156 3251 306 3311 inter
327 3269 474 3331 quos
498 3252 790 3315 Glaucum.
860 3256 918 3314 in
953 3270 1058 3315 ore
1083 3256 1209 3330 eius
1251 3254 1477 3320 insulae
1507 3256 1635 3315 sine
1670 3254 1896 3314 nomine
1928 3249 2014 3316 ab
2036 3248 2155 3310 Ab·

75 3341 144 3397 14
166 3351 330 3395 sarro
352 3334 509 3400 Lxx
526 3335 602 3397 M.
657 3336 798 3401 Inde
820 3338 974 3401 aliud
991 3325 1202 3400 flumen
1227 3336 1502 3401 Charien
1492 3382 1510 3415 ,
1541 3356 1688 3416 gens
1709 3336 1887 3404 Saloe
1908 3334 2157 3414 antiquis
