<?xml version="1.0" encoding="UTF-8"?>
<!DOCTYPE html PUBLIC "-//W3C//DTD XHTML 1.0 Transitional//EN"
    "http://www.w3.org/TR/xhtml1/DTD/xhtml1-transitional.dtd">
<html xmlns="http://www.w3.org/1999/xhtml" xml:lang="en" lang="en">
 <head>
  <title>
</title>
<meta http-equiv="Content-Type" content="text/html;charset=utf-8" />
  <meta name='ocr-system' content='tesseract 3.04.00' />
  <meta name='ocr-capabilities' content='ocr_page ocr_carea ocr_par ocr_line ocrx_word'/>
</head>
<body>
  <div class='ocr_page' id='page_1' title='image "./cplinisecundina00eldegoog_0582.png"; bbox 0 0 2320 3650; ppageno 0'>
   <div class='ocr_carea' id='block_1_1' title="bbox 685 85 2280 171">
    <p class='ocr_par' dir='ltr' id='par_1_1' title="bbox 685 85 2280 171">
     <span class='ocr_line' id='line_1_1' title="bbox 685 85 2280 171; baseline 0.005 -26"><span class='ocrx_word' id='word_1_1' title='bbox 685 98 848 147; x_wconf 68' lang='grc' dir='ltr'>ΜΤ.</span> <span class='ocrx_word' id='word_1_2' title='bbox 893 98 1077 147; x_wconf 76' lang='lat' dir='ltr'>ms&#39;r.</span> <span class='ocrx_word' id='word_1_3' title='bbox 1120 101 1277 147; x_wconf 84' lang='lat' dir='ltr'>xm.</span> <span class='ocrx_word' id='word_1_4' title='bbox 1315 98 1375 150; x_wconf 83' lang='lat'>4.</span> <span class='ocrx_word' id='word_1_5' title='bbox 1413 85 1645 171; x_wconf 82' lang='lat'><strong>(7--9.)</strong></span> <span class='ocrx_word' id='word_1_6' title='bbox 2042 89 2169 153; x_wconf 81' lang='lat'>237</span> <span class='ocrx_word' id='word_1_7' title='bbox 2274 140 2280 145; x_wconf 90' lang='lat'>.</span> 
     </span>
    </p>
   </div>
   <div class='ocr_carea' id='block_1_2' title="bbox 34 251 2266 3436">
    <p class='ocr_par' dir='ltr' id='par_1_2' title="bbox 34 251 2266 3436">
     <span class='ocr_line' id='line_1_2' title="bbox 99 251 2168 334; baseline -0 -16"><span class='ocrx_word' id='word_1_8' title='bbox 99 257 448 318; x_wconf 76' lang='lat' dir='ltr'>succisae.</span> <span class='ocrx_word' id='word_1_9' title='bbox 514 251 701 313; x_wconf 85' lang='lat' dir='ltr'>dulcis</span> <span class='ocrx_word' id='word_1_10' title='bbox 729 252 982 313; x_wconf 77' lang='lat' dir='ltr'><strong>medulla</strong></span> <span class='ocrx_word' id='word_1_11' title='bbox 1002 272 1198 314; x_wconf 90' lang='lat' dir='ltr'>earum</span> <span class='ocrx_word' id='word_1_12' title='bbox 1224 256 1284 315; x_wconf 86' lang='lat' dir='ltr'>in</span> <span class='ocrx_word' id='word_1_13' title='bbox 1308 256 1640 331; x_wconf 75' lang='lat' dir='ltr'><strong>cacumine,</strong></span> <span class='ocrx_word' id='word_1_14' title='bbox 1672 258 1830 334; x_wconf 87' lang='lat' dir='ltr'>quod</span> <span class='ocrx_word' id='word_1_15' title='bbox 1860 256 2168 319; x_wconf 79' lang='lat' dir='ltr'>cerebrum</span> 
     </span>
     <span class='ocr_line' id='line_1_3' title="bbox 102 338 2166 419; baseline 0 -20"><span class='ocrx_word' id='word_1_16' title='bbox 102 338 492 419; x_wconf 78' lang='lat' dir='ltr'>appellant,</span> <span class='ocrx_word' id='word_1_17' title='bbox 527 346 915 415; x_wconf 83' lang='lat' dir='ltr'>exemptaque</span> <span class='ocrx_word' id='word_1_18' title='bbox 938 338 1169 413; x_wconf 85' lang='lat' dir='ltr'>vivont,</span> <span class='ocrx_word' id='word_1_19' title='bbox 1203 338 1358 415; x_wconf 89' lang='lat' dir='ltr'>qnod</span> <span class='ocrx_word' id='word_1_20' title='bbox 1385 356 1500 399; x_wconf 90' lang='lat' dir='ltr'>non</span> <span class='ocrx_word' id='word_1_21' title='bbox 1534 339 1704 399; x_wconf 88' lang='lat' dir='ltr'>aliae.</span> <span class='ocrx_word' id='word_1_22' title='bbox 1759 350 2039 400; x_wconf 86' lang='lat' dir='ltr'>vocantur</span> <span class='ocrx_word' id='word_1_23' title='bbox 2071 358 2166 401; x_wconf 90' lang='lat' dir='ltr'>au·</span> 
     </span>
     <span class='ocr_line' id='line_1_4' title="bbox 100 419 2165 500; baseline -0 -14"><span class='ocrx_word' id='word_1_24' title='bbox 100 435 252 486; x_wconf 79' lang='lat' dir='ltr'>tem</span> <span class='ocrx_word' id='word_1_25' title='bbox 293 423 766 497; x_wconf 83' lang='lat' dir='ltr'>chamaeropes,</span> <span class='ocrx_word' id='word_1_26' title='bbox 799 419 945 479; x_wconf 82' lang='lat' dir='ltr'>folio</span> <span class='ocrx_word' id='word_1_27' title='bbox 981 421 1191 481; x_wconf 86' lang='lat' dir='ltr'>latiore</span> <span class='ocrx_word' id='word_1_28' title='bbox 1222 439 1293 483; x_wconf 85' lang='lat' dir='ltr'>ac</span> <span class='ocrx_word' id='word_1_29' title='bbox 1322 422 1486 482; x_wconf 88' lang='lat' dir='ltr'>molli</span> <span class='ocrx_word' id='word_1_30' title='bbox 1522 422 1593 482; x_wconf 85' lang='lat' dir='ltr'>ad</span> <span class='ocrx_word' id='word_1_31' title='bbox 1622 423 1803 487; x_wconf 86' lang='lat' dir='ltr'>vitilia</span> <span class='ocrx_word' id='word_1_32' title='bbox 1837 424 2165 500; x_wconf 88' lang='lat' dir='ltr'>utilissimo,</span> 
     </span>
     <span class='ocr_line' id='line_1_5' title="bbox 106 501 2166 587; baseline -0.001 -17"><span class='ocrx_word' id='word_1_33' title='bbox 106 508 441 587; x_wconf 75' lang='lat' dir='ltr'><strong>copiosae</strong></span> <span class='ocrx_word' id='word_1_34' title='bbox 496 505 553 565; x_wconf 87' lang='lat' dir='ltr'>in</span> <span class='ocrx_word' id='word_1_35' title='bbox 582 501 757 563; x_wconf 83' lang='lat' dir='ltr'>Creta</span> <span class='ocrx_word' id='word_1_36' title='bbox 783 548 800 578; x_wconf 86' lang='lat'>,</span> <span class='ocrx_word' id='word_1_37' title='bbox 846 504 951 564; x_wconf 88' lang='lat' dir='ltr'>sed</span> <span class='ocrx_word' id='word_1_38' title='bbox 990 507 1176 581; x_wconf 80' lang='lat' dir='ltr'>magis</span> <span class='ocrx_word' id='word_1_39' title='bbox 1220 506 1276 564; x_wconf 89' lang='lat' dir='ltr'>in</span> <span class='ocrx_word' id='word_1_40' title='bbox 1308 506 1525 567; x_wconf 80' lang='lat' dir='ltr'>Sicilia.</span> <span class='ocrx_word' id='word_1_41' title='bbox 1600 505 1649 567; x_wconf 89' lang='lat' dir='ltr'><strong>E</strong></span> <span class='ocrx_word' id='word_1_42' title='bbox 1700 507 1916 585; x_wconf 84' lang='lat' dir='ltr'>palmis</span> <span class='ocrx_word' id='word_1_43' title='bbox 1947 526 2166 585; x_wconf 87' lang='lat' dir='ltr'>prunae</span> 
     </span>
     <span class='ocr_line' id='line_1_6' title="bbox 52 587 2253 668; baseline 0 -13"><span class='ocrx_word' id='word_1_44' title='bbox 52 595 394 656; x_wconf 70' lang='lat' dir='ltr'>svivaces</span> <span class='ocrx_word' id='word_1_45' title='bbox 428 590 696 666; x_wconf 80' lang='lat' dir='ltr'>ignisque</span> <span class='ocrx_word' id='word_1_46' title='bbox 736 587 946 649; x_wconf 78' lang='lat' dir='ltr'>lentus.</span> <span class='ocrx_word' id='word_1_47' title='bbox 1009 587 1461 651; x_wconf 82' lang='lat' dir='ltr'>Fructiferarum</span> <span class='ocrx_word' id='word_1_48' title='bbox 1510 590 1637 650; x_wconf 89' lang='lat' dir='ltr'>aliis</span> <span class='ocrx_word' id='word_1_49' title='bbox 1678 591 1914 651; x_wconf 85' lang='lat' dir='ltr'>brevius</span> <span class='ocrx_word' id='word_1_50' title='bbox 1947 591 2162 668; x_wconf 80' lang='lat' dir='ltr'>lignum</span> <span class='ocrx_word' id='word_1_51' title='bbox 2183 600 2253 656; x_wconf 77' lang='lat'>40</span> 
     </span>
     <span class='ocr_line' id='line_1_7' title="bbox 105 671 2168 754; baseline -0.001 -17"><span class='ocrx_word' id='word_1_52' title='bbox 105 679 177 737; x_wconf 79' lang='lat' dir='ltr'>in</span> <span class='ocrx_word' id='word_1_53' title='bbox 212 689 457 754; x_wconf 83' lang='lat' dir='ltr'>pomo,</span> <span class='ocrx_word' id='word_1_54' title='bbox 503 673 632 732; x_wconf 88' lang='lat' dir='ltr'>aliis</span> <span class='ocrx_word' id='word_1_55' title='bbox 662 671 932 748; x_wconf 80' lang='lat' dir='ltr'>longius,</span> <span class='ocrx_word' id='word_1_56' title='bbox 985 672 1075 733; x_wconf 89' lang='lat' dir='ltr'>his</span> <span class='ocrx_word' id='word_1_57' title='bbox 1098 673 1363 749; x_wconf 87' lang='lat' dir='ltr'>mollius,</span> <span class='ocrx_word' id='word_1_58' title='bbox 1406 674 1522 733; x_wconf 86' lang='lat' dir='ltr'>illis</span> <span class='ocrx_word' id='word_1_59' title='bbox 1556 673 1784 750; x_wconf 87' lang='lat' dir='ltr'>durius,</span> <span class='ocrx_word' id='word_1_60' title='bbox 1831 674 2168 753; x_wconf 84' lang='lat' dir='ltr'>quibusdam</span> 
     </span>
     <span class='ocr_line' id='line_1_8' title="bbox 108 755 2165 837; baseline -0 -19"><span class='ocrx_word' id='word_1_61' title='bbox 108 776 394 823; x_wconf 73' lang='lat' dir='ltr'>osseum</span> <span class='ocrx_word' id='word_1_62' title='bbox 424 756 827 833; x_wconf 87' lang='lat' dir='ltr'>lunatumque,</span> <span class='ocrx_word' id='word_1_63' title='bbox 870 755 1042 816; x_wconf 89' lang='lat' dir='ltr'>dente</span> <span class='ocrx_word' id='word_1_64' title='bbox 1087 767 1289 817; x_wconf 85' lang='lat' dir='ltr'>contra</span> <span class='ocrx_word' id='word_1_65' title='bbox 1326 757 1663 818; x_wconf 82' lang='lat' dir='ltr'>fascinantis</span> <span class='ocrx_word' id='word_1_66' title='bbox 1691 758 1979 835; x_wconf 81' lang='lat' dir='ltr'>religione</span> <span class='ocrx_word' id='word_1_67' title='bbox 2016 758 2165 837; x_wconf 90' lang='lat' dir='ltr'>poli-</span> 
     </span>
     <span class='ocr_line' id='line_1_9' title="bbox 106 839 2162 919; baseline -0.001 -14"><span class='ocrx_word' id='word_1_68' title='bbox 106 855 285 905; x_wconf 82' lang='lat' dir='ltr'>tum.</span> <span class='ocrx_word' id='word_1_69' title='bbox 341 840 499 900; x_wconf 89' lang='lat' dir='ltr'>aliud</span> <span class='ocrx_word' id='word_1_70' title='bbox 524 839 785 917; x_wconf 84' lang='lat' dir='ltr'>pluribus</span> <span class='ocrx_word' id='word_1_71' title='bbox 806 842 1074 899; x_wconf 86' lang='lat' dir='ltr'>vestitum</span> <span class='ocrx_word' id='word_1_72' title='bbox 1094 841 1543 919; x_wconf 79' lang='lat' dir='ltr'>paucioribusve</span> <span class='ocrx_word' id='word_1_73' title='bbox 1568 843 1797 915; x_wconf 87' lang='lat' dir='ltr'>tunicis,</span> <span class='ocrx_word' id='word_1_74' title='bbox 1830 840 1984 902; x_wconf 89' lang='lat' dir='ltr'>aliud</span> <span class='ocrx_word' id='word_1_75' title='bbox 2007 860 2162 902; x_wconf 82' lang='lat' dir='ltr'>cras-</span> 
     </span>
     <span class='ocr_line' id='line_1_10' title="bbox 110 923 2225 1004; baseline -0.002 -16"><span class='ocrx_word' id='word_1_76' title='bbox 110 926 413 988; x_wconf 85' lang='lat' dir='ltr'>sioribus</span> <span class='ocrx_word' id='word_1_77' title='bbox 443 923 899 983; x_wconf 81' lang='lat' dir='ltr'>tenuioribusve.</span> <span class='ocrx_word' id='word_1_78' title='bbox 951 925 1029 983; x_wconf 90' lang='lat' dir='ltr'>ita</span> <span class='ocrx_word' id='word_1_79' title='bbox 1062 924 1201 984; x_wconf 83' lang='lat' dir='ltr'>fiunt</span> <span class='ocrx_word' id='word_1_80' title='bbox 1229 926 1794 1004; x_wconf 78' lang='lat' dir='ltr'>undequinquaginta</span> <span class='ocrx_word' id='word_1_81' title='bbox 1825 944 2081 1002; x_wconf 82' lang='lat' dir='ltr'>genera,</span> <span class='ocrx_word' id='word_1_82' title='bbox 2118 927 2166 984; x_wconf 88' lang='lat' dir='ltr'>si</span> <span class='ocrx_word' id='word_1_83' title='bbox 2218 963 2225 968; x_wconf 94' lang='lat'><em>-</em></span> 
     </span>
     <span class='ocr_line' id='line_1_11' title="bbox 34 1008 2166 1091; baseline -0.001 -19"><span class='ocrx_word' id='word_1_84' title='bbox 34 1029 95 1072; x_wconf 75' lang='grc' dir='ltr'>ιο</span> <span class='ocrx_word' id='word_1_85' title='bbox 117 1013 282 1091; x_wconf 84' lang='lat' dir='ltr'>quis</span> <span class='ocrx_word' id='word_1_86' title='bbox 313 1010 567 1068; x_wconf 85' lang='lat' dir='ltr'>omnium</span> <span class='ocrx_word' id='word_1_87' title='bbox 600 1009 875 1086; x_wconf 83' lang='lat' dir='ltr'>persequi</span> <span class='ocrx_word' id='word_1_88' title='bbox 898 1008 1042 1068; x_wconf 89' lang='lat' dir='ltr'>velit</span> <span class='ocrx_word' id='word_1_89' title='bbox 1063 1010 1288 1069; x_wconf 86' lang='lat' dir='ltr'>nomina</span> <span class='ocrx_word' id='word_1_90' title='bbox 1316 1011 1487 1071; x_wconf 89' lang='lat' dir='ltr'>etiam</span> <span class='ocrx_word' id='word_1_91' title='bbox 1511 1009 1759 1069; x_wconf 86' lang='lat' dir='ltr'>barbara</span> <span class='ocrx_word' id='word_1_92' title='bbox 1789 1011 2166 1087; x_wconf 86' lang='lat' dir='ltr'>vinorumque</span> 
     </span>
     <span class='ocr_line' id='line_1_12' title="bbox 116 1089 2248 1172; baseline -0 -14"><span class='ocrx_word' id='word_1_93' title='bbox 116 1115 212 1157; x_wconf 85' lang='lat' dir='ltr'>ex</span> <span class='ocrx_word' id='word_1_94' title='bbox 260 1094 336 1152; x_wconf 87' lang='lat' dir='ltr'>iis</span> <span class='ocrx_word' id='word_1_95' title='bbox 374 1091 750 1151; x_wconf 78' lang='lat' dir='ltr'>differentias.</span> <span class='ocrx_word' id='word_1_96' title='bbox 815 1089 1189 1151; x_wconf 76' lang='lat' dir='ltr'>clarissimae</span> <span class='ocrx_word' id='word_1_97' title='bbox 1215 1095 1498 1168; x_wconf 89' lang='lat' dir='ltr'>omnium,</span> <span class='ocrx_word' id='word_1_98' title='bbox 1544 1111 1688 1172; x_wconf 87' lang='lat' dir='ltr'>quas</span> <span class='ocrx_word' id='word_1_99' title='bbox 1720 1094 1916 1171; x_wconf 86' lang='lat' dir='ltr'>regias</span> <span class='ocrx_word' id='word_1_100' title='bbox 1953 1093 2156 1171; x_wconf 89' lang='lat' dir='ltr'>appel·</span> <span class='ocrx_word' id='word_1_101' title='bbox 2182 1102 2248 1157; x_wconf 86' lang='lat'>41</span> 
     </span>
     <span class='ocr_line' id='line_1_13' title="bbox 116 1175 2161 1253; baseline -0.002 -12"><span class='ocrx_word' id='word_1_102' title='bbox 116 1181 360 1241; x_wconf 73' lang='lat' dir='ltr'>lavere</span> <span class='ocrx_word' id='word_1_103' title='bbox 400 1175 473 1234; x_wconf 88' lang='lat' dir='ltr'>ab</span> <span class='ocrx_word' id='word_1_104' title='bbox 513 1175 771 1249; x_wconf 92' lang='lat' dir='ltr'>honore,</span> <span class='ocrx_word' id='word_1_105' title='bbox 820 1176 1090 1253; x_wconf 86' lang='lat' dir='ltr'>quoniam</span> <span class='ocrx_word' id='word_1_106' title='bbox 1136 1176 1375 1252; x_wconf 79' lang='lat' dir='ltr'>reg-ibus</span> <span class='ocrx_word' id='word_1_107' title='bbox 1418 1186 1634 1236; x_wconf 87' lang='lat' dir='ltr'>tantum</span> <span class='ocrx_word' id='word_1_108' title='bbox 1666 1177 1919 1237; x_wconf 85' lang='lat' dir='ltr'>Persidis</span> <span class='ocrx_word' id='word_1_109' title='bbox 1965 1195 2161 1237; x_wconf 88' lang='lat' dir='ltr'>serva·</span> 
     </span>
     <span class='ocr_line' id='line_1_14' title="bbox 115 1259 2210 1339; baseline -0.001 -15"><span class='ocrx_word' id='word_1_110' title='bbox 115 1264 389 1335; x_wconf 79' lang='lat' dir='ltr'>bantur,</span> <span class='ocrx_word' id='word_1_111' title='bbox 427 1259 728 1333; x_wconf 82' lang='lat' dir='ltr'>Babylone</span> <span class='ocrx_word' id='word_1_112' title='bbox 760 1268 933 1319; x_wconf 78' lang='lat' dir='ltr'>natae</span> <span class='ocrx_word' id='word_1_113' title='bbox 961 1276 1074 1318; x_wconf 90' lang='lat' dir='ltr'>uno</span> <span class='ocrx_word' id='word_1_114' title='bbox 1110 1261 1168 1317; x_wconf 86' lang='lat' dir='ltr'>in</span> <span class='ocrx_word' id='word_1_115' title='bbox 1197 1261 1368 1321; x_wconf 89' lang='lat' dir='ltr'>horto</span> <span class='ocrx_word' id='word_1_116' title='bbox 1400 1259 1621 1337; x_wconf 81' lang='lat' dir='ltr'>Bagou.</span> <span class='ocrx_word' id='word_1_117' title='bbox 1684 1262 1761 1320; x_wconf 88' lang='lat' dir='ltr'>ita</span> <span class='ocrx_word' id='word_1_118' title='bbox 1792 1271 2001 1320; x_wconf 88' lang='lat' dir='ltr'>vocant</span> <span class='ocrx_word' id='word_1_119' title='bbox 2030 1280 2164 1339; x_wconf 88' lang='lat' dir='ltr'>spa·</span> <span class='ocrx_word' id='word_1_120' title='bbox 2199 1298 2210 1309; x_wconf 33' lang='lat' dir='ltr'>x</span> 
     </span>
     <span class='ocr_line' id='line_1_15' title="bbox 120 1343 2165 1423; baseline -0.002 -16"><span class='ocrx_word' id='word_1_121' title='bbox 120 1348 379 1418; x_wconf 82' lang='lat' dir='ltr'>dones,</span> <span class='ocrx_word' id='word_1_122' title='bbox 425 1345 521 1422; x_wconf 89' lang='lat' dir='ltr'>qui</span> <span class='ocrx_word' id='word_1_123' title='bbox 552 1343 707 1420; x_wconf 90' lang='lat' dir='ltr'>apud</span> <span class='ocrx_word' id='word_1_124' title='bbox 737 1361 844 1403; x_wconf 89' lang='lat' dir='ltr'>eos</span> <span class='ocrx_word' id='word_1_125' title='bbox 880 1345 1051 1404; x_wconf 87' lang='lat' dir='ltr'>etiam</span> <span class='ocrx_word' id='word_1_126' title='bbox 1086 1361 1433 1420; x_wconf 79' lang='lat' dir='ltr'>regnavere.</span> <span class='ocrx_word' id='word_1_127' title='bbox 1489 1343 1691 1403; x_wconf 87' lang='lat' dir='ltr'>hortus</span> <span class='ocrx_word' id='word_1_128' title='bbox 1732 1344 1834 1404; x_wconf 91' lang='lat' dir='ltr'>ille</span> <span class='ocrx_word' id='word_1_129' title='bbox 1864 1362 2165 1423; x_wconf 78' lang='lat' dir='ltr'>numquam</span> 
     </span>
     <span class='ocr_line' id='line_1_16' title="bbox 44 1426 2250 1506; baseline 0.001 -20"><span class='ocrx_word' id='word_1_130' title='bbox 44 1445 103 1486; x_wconf 66' lang='grc' dir='ltr'>ιε</span> <span class='ocrx_word' id='word_1_131' title='bbox 124 1431 264 1492; x_wconf 82' lang='lat' dir='ltr'>nisi</span> <span class='ocrx_word' id='word_1_132' title='bbox 294 1428 640 1489; x_wconf 87' lang='lat' dir='ltr'>dominantis</span> <span class='ocrx_word' id='word_1_133' title='bbox 684 1427 741 1484; x_wconf 92' lang='lat' dir='ltr'>in</span> <span class='ocrx_word' id='word_1_134' title='bbox 783 1426 914 1487; x_wconf 90' lang='lat' dir='ltr'>aula</span> <span class='ocrx_word' id='word_1_135' title='bbox 958 1427 1081 1486; x_wconf 82' lang='lat' dir='ltr'>fuit.</span> <span class='ocrx_word' id='word_1_136' title='bbox 1162 1428 1239 1486; x_wconf 88' lang='lat' dir='ltr'>At</span> <span class='ocrx_word' id='word_1_137' title='bbox 1279 1429 1337 1487; x_wconf 91' lang='lat' dir='ltr'>in</span> <span class='ocrx_word' id='word_1_138' title='bbox 1375 1427 1694 1487; x_wconf 87' lang='lat' dir='ltr'>meridiano</span> <span class='ocrx_word' id='word_1_139' title='bbox 1744 1428 1889 1489; x_wconf 88' lang='lat' dir='ltr'>orbe</span> <span class='ocrx_word' id='word_1_140' title='bbox 1932 1429 2159 1506; x_wconf 87' lang='lat' dir='ltr'>praeci·</span> <span class='ocrx_word' id='word_1_141' title='bbox 2182 1436 2250 1489; x_wconf 76' lang='lat'>42</span> 
     </span>
     <span class='ocr_line' id='line_1_17' title="bbox 122 1510 2163 1594; baseline -0.002 -20"><span class='ocrx_word' id='word_1_142' title='bbox 122 1531 326 1594; x_wconf 76' lang='lat' dir='ltr'>paam</span> <span class='ocrx_word' id='word_1_143' title='bbox 364 1513 624 1588; x_wconf 86' lang='lat' dir='ltr'>optinent</span> <span class='ocrx_word' id='word_1_144' title='bbox 663 1510 1020 1570; x_wconf 84' lang='lat' dir='ltr'>nobilitatem</span> <span class='ocrx_word' id='word_1_145' title='bbox 1063 1512 1261 1588; x_wconf 74' lang='lat' dir='ltr'>syagri</span> <span class='ocrx_word' id='word_1_146' title='bbox 1300 1513 1737 1590; x_wconf 80' lang='lat' dir='ltr'>proximamque</span> <span class='ocrx_word' id='word_1_147' title='bbox 1785 1511 2163 1588; x_wconf 82' lang='lat' dir='ltr'>margarides.</span> 
     </span>
     <span class='ocr_line' id='line_1_18' title="bbox 122 1593 2163 1674; baseline -0.003 -14"><span class='ocrx_word' id='word_1_148' title='bbox 122 1600 261 1660; x_wconf 86' lang='lat' dir='ltr'>hae</span> <span class='ocrx_word' id='word_1_149' title='bbox 296 1596 549 1670; x_wconf 85' lang='lat' dir='ltr'>breves,</span> <span class='ocrx_word' id='word_1_150' title='bbox 599 1593 909 1670; x_wconf 88' lang='lat' dir='ltr'>candidae,</span> <span class='ocrx_word' id='word_1_151' title='bbox 957 1595 1274 1670; x_wconf 86' lang='lat' dir='ltr'>rotundae,</span> <span class='ocrx_word' id='word_1_152' title='bbox 1329 1597 1509 1655; x_wconf 87' lang='lat' dir='ltr'>acinis</span> <span class='ocrx_word' id='word_1_153' title='bbox 1556 1613 1723 1674; x_wconf 88' lang='lat' dir='ltr'>quam</span> <span class='ocrx_word' id='word_1_154' title='bbox 1754 1595 1978 1657; x_wconf 85' lang='lat' dir='ltr'>balanis</span> <span class='ocrx_word' id='word_1_155' title='bbox 2011 1596 2163 1654; x_wconf 88' lang='lat' dir='ltr'>simi·</span> 
     </span>
     <span class='ocr_line' id='line_1_19' title="bbox 125 1681 2166 1763; baseline -0.003 -20"><span class='ocrx_word' id='word_1_156' title='bbox 125 1684 370 1753; x_wconf 80' lang='lat' dir='ltr'>liores,</span> <span class='ocrx_word' id='word_1_157' title='bbox 420 1697 599 1757; x_wconf 86' lang='lat' dir='ltr'>quare</span> <span class='ocrx_word' id='word_1_158' title='bbox 647 1687 706 1737; x_wconf 90' lang='lat' dir='ltr'>et</span> <span class='ocrx_word' id='word_1_159' title='bbox 748 1695 958 1738; x_wconf 90' lang='lat' dir='ltr'>nomen</span> <span class='ocrx_word' id='word_1_160' title='bbox 993 1697 1025 1737; x_wconf 90' lang='lat' dir='ltr'>a</span> <span class='ocrx_word' id='word_1_161' title='bbox 1055 1681 1381 1756; x_wconf 82' lang='lat' dir='ltr'>margaritis</span> <span class='ocrx_word' id='word_1_162' title='bbox 1424 1691 1739 1758; x_wconf 88' lang='lat' dir='ltr'>accepere.</span> <span class='ocrx_word' id='word_1_163' title='bbox 1791 1698 1925 1738; x_wconf 55' lang='lat' dir='ltr'>‘una</span> <span class='ocrx_word' id='word_1_164' title='bbox 1969 1697 2166 1763; x_wconf 77' lang='lat' dir='ltr'>earum</span> 
     </span>
     <span class='ocr_line' id='line_1_20' title="bbox 127 1760 2164 1842; baseline -0.002 -15"><span class='ocrx_word' id='word_1_165' title='bbox 127 1765 333 1828; x_wconf 86' lang='lat' dir='ltr'>arbor</span> <span class='ocrx_word' id='word_1_166' title='bbox 367 1765 425 1822; x_wconf 88' lang='lat' dir='ltr'>in</span> <span class='ocrx_word' id='word_1_167' title='bbox 452 1760 650 1823; x_wconf 64' lang='lat' dir='ltr'>&#39;Chora</span> <span class='ocrx_word' id='word_1_168' title='bbox 681 1781 816 1823; x_wconf 85' lang='lat' dir='ltr'>esse</span> <span class='ocrx_word' id='word_1_169' title='bbox 861 1763 1133 1839; x_wconf 85' lang='lat' dir='ltr'>traditur,</span> <span class='ocrx_word' id='word_1_170' title='bbox 1179 1781 1289 1823; x_wconf 90' lang='lat' dir='ltr'>una</span> <span class='ocrx_word' id='word_1_171' title='bbox 1331 1774 1388 1824; x_wconf 93' lang='lat' dir='ltr'>et</span> <span class='ocrx_word' id='word_1_172' title='bbox 1430 1780 1804 1842; x_wconf 80' lang='lat' dir='ltr'>syagrorum,</span> <span class='ocrx_word' id='word_1_173' title='bbox 1845 1765 2164 1842; x_wconf 87' lang='lat' dir='ltr'>mirumque</span> 
     </span>
     <span class='ocr_line' id='line_1_21' title="bbox 48 1848 2266 1928; baseline -0.003 -16"><span class='ocrx_word' id='word_1_174' title='bbox 48 1852 219 1916; x_wconf 70' lang='lat' dir='ltr'>zade</span> <span class='ocrx_word' id='word_1_175' title='bbox 258 1867 335 1908; x_wconf 88' lang='lat' dir='ltr'>ea</span> <span class='ocrx_word' id='word_1_176' title='bbox 370 1848 718 1925; x_wconf 76' lang='lat' dir='ltr'>accipimus,</span> <span class='ocrx_word' id='word_1_177' title='bbox 765 1866 892 1907; x_wconf 91' lang='lat' dir='ltr'>cum</span> <span class='ocrx_word' id='word_1_178' title='bbox 923 1848 1213 1927; x_wconf 84' lang='lat' dir='ltr'>phoenice</span> <span class='ocrx_word' id='word_1_179' title='bbox 1253 1867 1396 1926; x_wconf 82' lang='lat' dir='ltr'>ave,</span> <span class='ocrx_word' id='word_1_180' title='bbox 1442 1867 1591 1928; x_wconf 89' lang='lat' dir='ltr'>quae</span> <span class='ocrx_word' id='word_1_181' title='bbox 1623 1859 1852 1928; x_wconf 88' lang='lat' dir='ltr'>putatur</span> <span class='ocrx_word' id='word_1_182' title='bbox 1882 1868 1957 1909; x_wconf 88' lang='lat' dir='ltr'>ex</span> <span class='ocrx_word' id='word_1_183' title='bbox 1997 1849 2165 1908; x_wconf 89' lang='lat' dir='ltr'>huius</span> <span class='ocrx_word' id='word_1_184' title='bbox 2260 1865 2266 1876; x_wconf 67' lang='lat'>¹</span> 
     </span>
     <span class='ocr_line' id='line_1_22' title="bbox 131 1933 2165 2015; baseline -0.002 -21"><span class='ocrx_word' id='word_1_185' title='bbox 131 1933 386 2015; x_wconf 83' lang='lat' dir='ltr'>palmae</span> <span class='ocrx_word' id='word_1_186' title='bbox 418 1940 757 2008; x_wconf 85' lang='lat' dir='ltr'>argumento</span> <span class='ocrx_word' id='word_1_187' title='bbox 787 1949 995 1991; x_wconf 87' lang='lat' dir='ltr'>nomen</span> <span class='ocrx_word' id='word_1_188' title='bbox 1025 1934 1366 2011; x_wconf 87' lang='lat' dir='ltr'>accepisse,</span> <span class='ocrx_word' id='word_1_189' title='bbox 1398 1935 1696 1993; x_wconf 89' lang='lat' dir='ltr'>intermori</span> <span class='ocrx_word' id='word_1_190' title='bbox 1728 1953 1798 1994; x_wconf 92' lang='lat' dir='ltr'>ac</span> <span class='ocrx_word' id='word_1_191' title='bbox 1826 1934 2057 2012; x_wconf 87' lang='lat' dir='ltr'>renasci</span> <span class='ocrx_word' id='word_1_192' title='bbox 2090 1951 2165 1991; x_wconf 84' lang='lat' dir='ltr'>ex</span> 
     </span>
     <span class='ocr_line' id='line_1_23' title="bbox 132 2016 2250 2096; baseline 0 -20"><span class='ocrx_word' id='word_1_193' title='bbox 132 2019 388 2095; x_wconf 78' lang='lat' dir='ltr'>seipsa,</span> <span class='ocrx_word' id='word_1_194' title='bbox 451 2024 727 2093; x_wconf 87' lang='lat' dir='ltr'>eratque,</span> <span class='ocrx_word' id='word_1_195' title='bbox 796 2033 923 2074; x_wconf 89' lang='lat' dir='ltr'>cum</span> <span class='ocrx_word' id='word_1_196' title='bbox 968 2016 1315 2093; x_wconf 84' lang='lat' dir='ltr'>proderem,</span> <span class='ocrx_word' id='word_1_197' title='bbox 1382 2017 1609 2078; x_wconf 80' lang='lat' dir='ltr'>fertilis,</span> <span class='ocrx_word' id='word_1_198' title='bbox 1691 2035 1921 2096; x_wconf 91' lang='lat' dir='ltr'>pomum</span> <span class='ocrx_word' id='word_1_199' title='bbox 1973 2017 2160 2094; x_wconf 88' lang='lat' dir='ltr'>ipsum</span> <span class='ocrx_word' id='word_1_200' title='bbox 2181 2023 2250 2077; x_wconf 75' lang='lat'>43</span> 
     </span>
     <span class='ocr_line' id='line_1_24' title="bbox 120 2098 2163 2181; baseline -0.002 -20"><span class='ocrx_word' id='word_1_201' title='bbox 120 2099 412 2181; x_wconf 74' lang='lat' dir='ltr'>grande,</span> <span class='ocrx_word' id='word_1_202' title='bbox 449 2099 681 2173; x_wconf 79' lang='lat' dir='ltr'>durum,</span> <span class='ocrx_word' id='word_1_203' title='bbox 725 2098 1023 2158; x_wconf 84' lang='lat' dir='ltr'>horridum</span> <span class='ocrx_word' id='word_1_204' title='bbox 1056 2108 1115 2158; x_wconf 88' lang='lat' dir='ltr'>et</span> <span class='ocrx_word' id='word_1_205' title='bbox 1146 2118 1180 2160; x_wconf 88' lang='lat' dir='ltr'>a</span> <span class='ocrx_word' id='word_1_206' title='bbox 1217 2102 1434 2160; x_wconf 88' lang='lat' dir='ltr'>ceteris</span> <span class='ocrx_word' id='word_1_207' title='bbox 1463 2101 1781 2179; x_wconf 85' lang='lat' dir='ltr'>generibus</span> <span class='ocrx_word' id='word_1_208' title='bbox 1828 2100 2042 2160; x_wconf 85' lang='lat' dir='ltr'>distans</span> <span class='ocrx_word' id='word_1_209' title='bbox 2074 2117 2163 2158; x_wconf 89' lang='lat' dir='ltr'>sa·</span> 
     </span>
     <span class='ocr_line' id='line_1_25' title="bbox 133 2183 2163 2265; baseline -0 -22"><span class='ocrx_word' id='word_1_210' title='bbox 133 2201 302 2265; x_wconf 82' lang='lat' dir='ltr'>pore</span> <span class='ocrx_word' id='word_1_211' title='bbox 335 2183 584 2261; x_wconf 89' lang='lat' dir='ltr'>quodam</span> <span class='ocrx_word' id='word_1_212' title='bbox 612 2183 836 2243; x_wconf 80' lang='lat' dir='ltr'>ferinae</span> <span class='ocrx_word' id='word_1_213' title='bbox 871 2184 929 2241; x_wconf 85' lang='lat' dir='ltr'>in</span> <span class='ocrx_word' id='word_1_214' title='bbox 957 2185 1115 2260; x_wconf 87' lang='lat' dir='ltr'>apris</span> <span class='ocrx_word' id='word_1_215' title='bbox 1146 2184 1619 2259; x_wconf 86' lang='lat' dir='ltr'>evidentissimo,</span> <span class='ocrx_word' id='word_1_216' title='bbox 1668 2204 1818 2264; x_wconf 90' lang='lat' dir='ltr'>quae</span> <span class='ocrx_word' id='word_1_217' title='bbox 1853 2201 2028 2243; x_wconf 88' lang='lat' dir='ltr'>causa</span> <span class='ocrx_word' id='word_1_218' title='bbox 2062 2200 2163 2242; x_wconf 87' lang='lat' dir='ltr'>no-</span> 
     </span>
     <span class='ocr_line' id='line_1_26' title="bbox 55 2266 2161 2345; baseline -0.002 -15"><span class='ocrx_word' id='word_1_219' title='bbox 55 2295 116 2337; x_wconf 73' lang='lat'>25</span> <span class='ocrx_word' id='word_1_220' title='bbox 136 2268 344 2330; x_wconf 85' lang='lat' dir='ltr'>minis.</span> <span class='ocrx_word' id='word_1_221' title='bbox 406 2266 623 2339; x_wconf 83' lang='lat' dir='ltr'>Quarta</span> <span class='ocrx_word' id='word_1_222' title='bbox 654 2267 968 2327; x_wconf 86' lang='lat' dir='ltr'>auctoritas</span> <span class='ocrx_word' id='word_1_223' title='bbox 999 2267 1355 2327; x_wconf 81' lang='lat' dir='ltr'>sandalidum</span> <span class='ocrx_word' id='word_1_224' title='bbox 1387 2286 1419 2326; x_wconf 89' lang='lat' dir='ltr'>a</span> <span class='ocrx_word' id='word_1_225' title='bbox 1445 2268 1813 2328; x_wconf 86' lang='lat' dir='ltr'>similitudine</span> <span class='ocrx_word' id='word_1_226' title='bbox 1840 2267 2161 2345; x_wconf 88' lang='lat' dir='ltr'>appellata·</span> 
     </span>
     <span class='ocr_line' id='line_1_27' title="bbox 110 2345 2163 2432; baseline -0 -21"><span class='ocrx_word' id='word_1_227' title='bbox 110 2345 298 2414; x_wconf 81' lang='lat' dir='ltr'>&#39;rum.</span> <span class='ocrx_word' id='word_1_228' title='bbox 361 2352 472 2411; x_wconf 90' lang='lat' dir='ltr'>iam</span> <span class='ocrx_word' id='word_1_229' title='bbox 501 2352 558 2409; x_wconf 88' lang='lat' dir='ltr'>in</span> <span class='ocrx_word' id='word_1_230' title='bbox 588 2350 935 2431; x_wconf 73' lang='lat' dir='ltr'>Aethiopiae</span> <span class='ocrx_word' id='word_1_231' title='bbox 968 2352 1079 2432; x_wconf 80' lang='lat' dir='ltr'>line</span> <span class='ocrx_word' id='word_1_232' title='bbox 1112 2352 1367 2430; x_wconf 88' lang='lat' dir='ltr'>quinque</span> <span class='ocrx_word' id='word_1_233' title='bbox 1399 2352 1595 2411; x_wconf 90' lang='lat' dir='ltr'>harum</span> <span class='ocrx_word' id='word_1_234' title='bbox 1620 2353 1722 2430; x_wconf 85' lang='lat' dir='ltr'>qui</span> <span class='ocrx_word' id='word_1_235' title='bbox 1755 2351 2044 2429; x_wconf 85' lang='lat' dir='ltr'>plurumas</span> <span class='ocrx_word' id='word_1_236' title='bbox 2076 2370 2163 2410; x_wconf 87' lang='lat' dir='ltr'>ar-</span> 
     </span>
     <span class='ocr_line' id='line_1_28' title="bbox 135 2435 2160 2513; baseline -0.002 -15"><span class='ocrx_word' id='word_1_237' title='bbox 135 2438 337 2498; x_wconf 83' lang='lat' dir='ltr'>bores</span> <span class='ocrx_word' id='word_1_238' title='bbox 365 2435 621 2508; x_wconf 89' lang='lat' dir='ltr'>tradunt,</span> <span class='ocrx_word' id='word_1_239' title='bbox 671 2451 786 2492; x_wconf 89' lang='lat' dir='ltr'>non</span> <span class='ocrx_word' id='word_1_240' title='bbox 827 2437 1062 2495; x_wconf 89' lang='lat' dir='ltr'>raritate</span> <span class='ocrx_word' id='word_1_241' title='bbox 1105 2437 1288 2512; x_wconf 85' lang='lat' dir='ltr'>magis</span> <span class='ocrx_word' id='word_1_242' title='bbox 1335 2454 1500 2513; x_wconf 88' lang='lat' dir='ltr'>quam</span> <span class='ocrx_word' id='word_1_243' title='bbox 1543 2437 1824 2495; x_wconf 87' lang='lat' dir='ltr'>suavitate</span> <span class='ocrx_word' id='word_1_244' title='bbox 1868 2435 2160 2494; x_wconf 88' lang='lat' dir='ltr'>mirabilis.</span> 
     </span>
     <span class='ocr_line' id='line_1_29' title="bbox 138 2519 2253 2597; baseline -0.001 -16"><span class='ocrx_word' id='word_1_245' title='bbox 138 2520 247 2581; x_wconf 77' lang='lat' dir='ltr'>Ab</span> <span class='ocrx_word' id='word_1_246' title='bbox 278 2519 371 2578; x_wconf 90' lang='lat' dir='ltr'>his</span> <span class='ocrx_word' id='word_1_247' title='bbox 406 2527 683 2593; x_wconf 73' lang='lat' dir='ltr'>caryotae</span> <span class='ocrx_word' id='word_1_248' title='bbox 714 2537 977 2579; x_wconf 84' lang='lat' dir='ltr'>maxume</span> <span class='ocrx_word' id='word_1_249' title='bbox 1009 2519 1410 2594; x_wconf 84' lang='lat' dir='ltr'>celebrantur,</span> <span class='ocrx_word' id='word_1_250' title='bbox 1449 2529 1507 2579; x_wconf 91' lang='lat' dir='ltr'>et</span> <span class='ocrx_word' id='word_1_251' title='bbox 1540 2519 1672 2578; x_wconf 90' lang='lat' dir='ltr'>cibo</span> <span class='ocrx_word' id='word_1_252' title='bbox 1705 2519 1934 2597; x_wconf 90' lang='lat' dir='ltr'>quidem</span> <span class='ocrx_word' id='word_1_253' title='bbox 1964 2519 2068 2579; x_wconf 92' lang='lat' dir='ltr'>sed</span> <span class='ocrx_word' id='word_1_254' title='bbox 2105 2528 2162 2578; x_wconf 89' lang='lat' dir='ltr'>et</span> <span class='ocrx_word' id='word_1_255' title='bbox 2183 2526 2253 2578; x_wconf 83' lang='lat'>44</span> 
     </span>
     <span class='ocr_line' id='line_1_30' title="bbox 139 2601 2165 2682; baseline -0.002 -16"><span class='ocrx_word' id='word_1_256' title='bbox 139 2620 299 2666; x_wconf 81' lang='lat' dir='ltr'>suco</span> <span class='ocrx_word' id='word_1_257' title='bbox 333 2601 693 2677; x_wconf 81' lang='lat' dir='ltr'>uberrimae,</span> <span class='ocrx_word' id='word_1_258' title='bbox 721 2621 796 2661; x_wconf 87' lang='lat' dir='ltr'>ex</span> <span class='ocrx_word' id='word_1_259' title='bbox 824 2603 1030 2681; x_wconf 89' lang='lat' dir='ltr'>quibus</span> <span class='ocrx_word' id='word_1_260' title='bbox 1064 2605 1385 2682; x_wconf 87' lang='lat' dir='ltr'>praecipua</span> <span class='ocrx_word' id='word_1_261' title='bbox 1416 2604 1545 2664; x_wconf 88' lang='lat' dir='ltr'>vina</span> <span class='ocrx_word' id='word_1_262' title='bbox 1577 2605 1818 2678; x_wconf 88' lang='lat' dir='ltr'>orienti,</span> <span class='ocrx_word' id='word_1_263' title='bbox 1850 2604 2040 2681; x_wconf 88' lang='lat' dir='ltr'>iniqua</span> <span class='ocrx_word' id='word_1_264' title='bbox 2072 2621 2165 2661; x_wconf 92' lang='lat' dir='ltr'>ca·</span> 
     </span>
     <span class='ocr_line' id='line_1_31' title="bbox 60 2686 2167 2769; baseline -0.003 -18"><span class='ocrx_word' id='word_1_265' title='bbox 60 2689 291 2769; x_wconf 69' lang='lat' dir='ltr'>sopiti,</span> <span class='ocrx_word' id='word_1_266' title='bbox 326 2686 476 2746; x_wconf 90' lang='lat' dir='ltr'>unde</span> <span class='ocrx_word' id='word_1_267' title='bbox 511 2703 684 2763; x_wconf 91' lang='lat' dir='ltr'>pomo</span> <span class='ocrx_word' id='word_1_268' title='bbox 714 2704 941 2744; x_wconf 87' lang='lat' dir='ltr'>nomen.</span> <span class='ocrx_word' id='word_1_269' title='bbox 1005 2687 1117 2746; x_wconf 72' lang='lat' dir='ltr'>sed‘</span> <span class='ocrx_word' id='word_1_270' title='bbox 1142 2696 1201 2763; x_wconf 81' lang='lat' dir='ltr'>ut</span> <span class='ocrx_word' id='word_1_271' title='bbox 1238 2688 1407 2765; x_wconf 90' lang='lat' dir='ltr'>copia</span> <span class='ocrx_word' id='word_1_272' title='bbox 1440 2688 1518 2747; x_wconf 91' lang='lat' dir='ltr'>ibi</span> <span class='ocrx_word' id='word_1_273' title='bbox 1553 2697 1726 2765; x_wconf 88' lang='lat' dir='ltr'>atque</span> <span class='ocrx_word' id='word_1_274' title='bbox 1755 2686 2056 2760; x_wconf 72' lang='lat' dir='ltr'>fertilitaS,</span> <span class='ocrx_word' id='word_1_275' title='bbox 2090 2687 2167 2744; x_wconf 83' lang='lat' dir='ltr'>ita</span> 
     </span>
     <span class='ocr_line' id='line_1_32' title="bbox 138 2770 2163 2846; baseline -0.003 -13"><span class='ocrx_word' id='word_1_276' title='bbox 138 2772 427 2833; x_wconf 87' lang='lat' dir='ltr'>nobilitas</span> <span class='ocrx_word' id='word_1_277' title='bbox 474 2770 816 2843; x_wconf 73' lang='lat' dir='ltr'>inludaea,</span> <span class='ocrx_word' id='word_1_278' title='bbox 871 2788 982 2829; x_wconf 88' lang='lat' dir='ltr'>nec</span> <span class='ocrx_word' id='word_1_279' title='bbox 1030 2773 1089 2829; x_wconf 92' lang='lat' dir='ltr'>in</span> <span class='ocrx_word' id='word_1_280' title='bbox 1129 2779 1284 2846; x_wconf 88' lang='lat' dir='ltr'>tota,</span> <span class='ocrx_word' id='word_1_281' title='bbox 1341 2772 1448 2831; x_wconf 89' lang='lat' dir='ltr'>sed</span> <span class='ocrx_word' id='word_1_282' title='bbox 1491 2770 1827 2831; x_wconf 83' lang='lat' dir='ltr'>Hiericunte</span> <span class='ocrx_word' id='word_1_283' title='bbox 1879 2787 2163 2842; x_wconf 84' lang='lat' dir='ltr'>maxume,</span> 
     </span>
     <span class='ocr_line' id='line_1_33' title="bbox 141 2851 2163 2937; baseline -0.002 -22"><span class='ocrx_word' id='word_1_284' title='bbox 141 2871 498 2937; x_wconf 78' lang='lat' dir='ltr'>quamquam</span> <span class='ocrx_word' id='word_1_285' title='bbox 522 2853 789 2913; x_wconf 88' lang='lat' dir='ltr'>laudatae</span> <span class='ocrx_word' id='word_1_286' title='bbox 824 2862 882 2911; x_wconf 87' lang='lat' dir='ltr'>et</span> <span class='ocrx_word' id='word_1_287' title='bbox 898 2853 1253 2914; x_wconf 83' lang='lat' dir='ltr'>Archelaide</span> <span class='ocrx_word' id='word_1_288' title='bbox 1288 2864 1346 2914; x_wconf 86' lang='lat' dir='ltr'>et</span> <span class='ocrx_word' id='word_1_289' title='bbox 1376 2851 1685 2916; x_wconf 88' lang='lat' dir='ltr'>Phaselide</span> <span class='ocrx_word' id='word_1_290' title='bbox 1711 2864 1885 2932; x_wconf 89' lang='lat' dir='ltr'>atque</span> <span class='ocrx_word' id='word_1_291' title='bbox 1905 2852 2163 2927; x_wconf 84' lang='lat' dir='ltr'>Liviade,</span> 
     </span>
     <span class='ocr_line' id='line_1_34' title="bbox 140 2937 2166 3019; baseline -0.002 -20"><span class='ocrx_word' id='word_1_292' title='bbox 140 2940 346 3019; x_wconf 78' lang='lat' dir='ltr'>gentis</span> <span class='ocrx_word' id='word_1_293' title='bbox 392 2938 651 2998; x_wconf 87' lang='lat' dir='ltr'>eiusdem</span> <span class='ocrx_word' id='word_1_294' title='bbox 697 2937 1077 2998; x_wconf 84' lang='lat' dir='ltr'>convallibus.</span> <span class='ocrx_word' id='word_1_295' title='bbox 1139 2939 1246 2998; x_wconf 89' lang='lat' dir='ltr'>dos</span> <span class='ocrx_word' id='word_1_296' title='bbox 1288 2939 1375 2998; x_wconf 89' lang='lat' dir='ltr'>his</span> <span class='ocrx_word' id='word_1_297' title='bbox 1421 2940 1736 3017; x_wconf 87' lang='lat' dir='ltr'>praecipua</span> <span class='ocrx_word' id='word_1_298' title='bbox 1782 2953 1923 2997; x_wconf 84' lang='lat' dir='ltr'>suco</span> <span class='ocrx_word' id='word_1_299' title='bbox 1968 2937 2166 3014; x_wconf 79' lang='lat' dir='ltr'>pingui</span> 
     </span>
     <span class='ocr_line' id='line_1_35' title="bbox 140 3021 2248 3101; baseline -0.001 -15"><span class='ocrx_word' id='word_1_300' title='bbox 140 3023 505 3088; x_wconf 86' lang='lat' dir='ltr'>lactentibus</span> <span class='ocrx_word' id='word_1_301' title='bbox 527 3021 892 3100; x_wconf 87' lang='lat' dir='ltr'>quodamque</span> <span class='ocrx_word' id='word_1_302' title='bbox 916 3023 1032 3080; x_wconf 86' lang='lat' dir='ltr'>vini</span> <span class='ocrx_word' id='word_1_303' title='bbox 1058 3040 1271 3100; x_wconf 87' lang='lat' dir='ltr'>sapore</span> <span class='ocrx_word' id='word_1_304' title='bbox 1297 3024 1354 3081; x_wconf 87' lang='lat' dir='ltr'>in</span> <span class='ocrx_word' id='word_1_305' title='bbox 1375 3023 1552 3082; x_wconf 90' lang='lat' dir='ltr'>melle</span> <span class='ocrx_word' id='word_1_306' title='bbox 1576 3022 1903 3101; x_wconf 86' lang='lat' dir='ltr'>praedulci.</span> <span class='ocrx_word' id='word_1_307' title='bbox 1937 3022 2157 3081; x_wconf 91' lang='lat' dir='ltr'>Siccio·</span> <span class='ocrx_word' id='word_1_308' title='bbox 2180 3027 2248 3084; x_wconf 83' lang='lat'>45</span> 
     </span>
     <span class='ocr_line' id='line_1_36' title="bbox 65 3106 2163 3186; baseline -0.004 -13"><span class='ocrx_word' id='word_1_309' title='bbox 65 3126 250 3173; x_wconf 66' lang='lat' dir='ltr'>atres</span> <span class='ocrx_word' id='word_1_310' title='bbox 285 3126 362 3167; x_wconf 88' lang='lat' dir='ltr'>ex</span> <span class='ocrx_word' id='word_1_311' title='bbox 392 3106 507 3166; x_wconf 90' lang='lat' dir='ltr'>hoc</span> <span class='ocrx_word' id='word_1_312' title='bbox 529 3123 750 3183; x_wconf 76' lang='lat' dir='ltr'>genere</span> <span class='ocrx_word' id='word_1_313' title='bbox 774 3106 1022 3182; x_wconf 89' lang='lat' dir='ltr'>nicolai,</span> <span class='ocrx_word' id='word_1_314' title='bbox 1055 3106 1160 3166; x_wconf 90' lang='lat' dir='ltr'>sed</span> <span class='ocrx_word' id='word_1_315' title='bbox 1195 3106 1581 3183; x_wconf 87' lang='lat' dir='ltr'>amplitudinis</span> <span class='ocrx_word' id='word_1_316' title='bbox 1605 3108 1991 3186; x_wconf 89' lang='lat' dir='ltr'>praecipuae,</span> <span class='ocrx_word' id='word_1_317' title='bbox 2026 3122 2163 3183; x_wconf 89' lang='lat' dir='ltr'>qua-</span> 
     </span>
     <span class='ocr_line' id='line_1_37' title="bbox 142 3188 2166 3267; baseline -0.002 -13"><span class='ocrx_word' id='word_1_318' title='bbox 142 3194 305 3254; x_wconf 88' lang='lat' dir='ltr'>terni</span> <span class='ocrx_word' id='word_1_319' title='bbox 338 3190 659 3250; x_wconf 89' lang='lat' dir='ltr'>cuhitorum</span> <span class='ocrx_word' id='word_1_320' title='bbox 682 3189 1096 3267; x_wconf 78' lang='lat' dir='ltr'>longitudinem</span> <span class='ocrx_word' id='word_1_321' title='bbox 1130 3191 1405 3250; x_wconf 86' lang='lat' dir='ltr'>efficiunt.</span> <span class='ocrx_word' id='word_1_322' title='bbox 1458 3190 1645 3250; x_wconf 80' lang='lat' dir='ltr'>Minus</span> <span class='ocrx_word' id='word_1_323' title='bbox 1680 3191 2025 3267; x_wconf 88' lang='lat' dir='ltr'>speciosae,</span> <span class='ocrx_word' id='word_1_324' title='bbox 2055 3188 2166 3249; x_wconf 90' lang='lat' dir='ltr'>sed</span> 
     </span>
     <span class='ocr_line' id='line_1_38' title="bbox 143 3275 2161 3356; baseline -0.002 -18"><span class='ocrx_word' id='word_1_325' title='bbox 143 3293 369 3356; x_wconf 82' lang='lat' dir='ltr'>sapore</span> <span class='ocrx_word' id='word_1_326' title='bbox 397 3283 758 3348; x_wconf 74' lang='lat' dir='ltr'>caryotarum</span> <span class='ocrx_word' id='word_1_327' title='bbox 783 3292 1023 3334; x_wconf 88' lang='lat' dir='ltr'>sorores</span> <span class='ocrx_word' id='word_1_328' title='bbox 1049 3284 1108 3333; x_wconf 90' lang='lat' dir='ltr'>et</span> <span class='ocrx_word' id='word_1_329' title='bbox 1129 3275 1205 3334; x_wconf 92' lang='lat' dir='ltr'>ob</span> <span class='ocrx_word' id='word_1_330' title='bbox 1231 3276 1346 3334; x_wconf 93' lang='lat' dir='ltr'>hoc</span> <span class='ocrx_word' id='word_1_331' title='bbox 1369 3275 1711 3353; x_wconf 85' lang='lat' dir='ltr'>adelphides</span> <span class='ocrx_word' id='word_1_332' title='bbox 1736 3275 1924 3334; x_wconf 87' lang='lat' dir='ltr'>dictae</span> <span class='ocrx_word' id='word_1_333' title='bbox 1949 3291 2161 3352; x_wconf 86' lang='lat' dir='ltr'>proxu-</span> 
     </span>
     <span class='ocr_line' id='line_1_39' title="bbox 142 3356 2163 3436; baseline -0.003 -13"><span class='ocrx_word' id='word_1_334' title='bbox 142 3379 300 3423; x_wconf 80' lang='lat' dir='ltr'>mam</span> <span class='ocrx_word' id='word_1_335' title='bbox 345 3359 683 3419; x_wconf 81' lang='lat' dir='ltr'>suavitatem</span> <span class='ocrx_word' id='word_1_336' title='bbox 737 3358 985 3436; x_wconf 87' lang='lat' dir='ltr'>habent,</span> <span class='ocrx_word' id='word_1_337' title='bbox 1049 3377 1164 3418; x_wconf 87' lang='lat' dir='ltr'>non</span> <span class='ocrx_word' id='word_1_338' title='bbox 1218 3370 1410 3419; x_wconf 83' lang='lat' dir='ltr'>tamen</span> <span class='ocrx_word' id='word_1_339' title='bbox 1455 3358 1713 3418; x_wconf 89' lang='lat' dir='ltr'>eandem.</span> <span class='ocrx_word' id='word_1_340' title='bbox 1794 3356 2048 3419; x_wconf 85' lang='lat' dir='ltr'>Tertium</span> <span class='ocrx_word' id='word_1_341' title='bbox 2086 3375 2163 3417; x_wconf 84' lang='lat' dir='ltr'>ex</span> 
     </span>
    </p>
   </div>
   <div class='ocr_carea' id='block_1_3' title="bbox 2201 3529 2289 3587">
    <p class='ocr_par' dir='ltr' id='par_1_3' title="bbox 2201 3529 2289 3587">
     <span class='ocr_line' id='line_1_40' title="bbox 2201 3529 2289 3587; baseline 0 0"><span class='ocrx_word' id='word_1_342' title='bbox 2201 3529 2289 3587; x_wconf 68' lang='grc' dir='ltr'><strong><em>Δ</em></strong></span> 
     </span>
    </p>
   </div>
  </div>
 </body>
</html>
