2320 3650
502 138 662 185 NAT.
695 138 872 185 ms‘r.
905 138 979 184 11.
1017 133 1254 188 16—18.
1298 127 1600 205 (13—16.)
1639 132 1646 133 ’
2011 129 2088 189 79

101 310 303 353 rursus
348 290 525 350 stella
579 299 824 369 utroque
870 292 1041 351 modo
1094 292 1375 352 scandere
1419 292 1490 352 ab
1541 302 1747 352 exortu
1797 297 2086 369 matutino,

101 375 342 453 degredi
378 391 523 433 vero
568 374 862 434 latitudine
895 394 926 435 a
957 377 1329 452 vespertino,
1377 386 1807 455 consecutoque
1854 379 1980 438 sole
2017 381 2086 440 ad

103 460 426 540 quindecim
471 460 712 536 partium
752 458 1109 518 intervallum
1145 461 1405 518 consistit
1447 461 1746 538 quatriduo
1790 479 1976 540 prope
2008 465 2087 521 in·

103 543 347 604 mobilis.
412 559 549 600 mox
592 542 664 601 ab
708 543 1001 603 altitudine
1045 544 1350 603 descendit
1391 553 1668 622 retroque
1718 545 1976 620 graditur
2020 546 2090 606 ab
2109 550 2175 605 76

66 647 85 683 5
107 646 316 687 occasu
364 626 705 703 vespertino
739 642 922 705 usque
968 627 1039 686 ad
1072 636 1332 686 exortum
1362 631 1715 702 matutinum,
1765 637 2091 707 tantumque

102 712 240 772 haec
275 719 337 770 et
370 708 504 768 luna
536 709 772 768 totidem
804 709 1018 769 diebus‘
1036 720 1177 790 quot
1205 710 1436 770 subiere
1467 711 1842 771 descendunt.
1900 713 2091 773 Vene-

102 797 172 854 ris
201 793 552 873 quindecies
578 793 834 870 pluribus
860 794 1029 870 subit,
1062 813 1260 853 rursus
1285 796 1511 855 Saturni
1541 804 1600 854 et
1622 794 1776 854 Iovis
1801 796 2092 874 duplicato

102 878 547 955 degrediuntur,
583 875 777 936 Martis
810 879 978 939 etiam
1014 879 1468 958 quadruplicato.
1525 879 1702 939 Tanta
1735 889 1825 938 est
1855 889 2091 939 naturae

0 1016 1 1043 ἶ
103 965 376 1036 varietas,
410 961 517 1020 sed
546 962 689 1020 ratio
722 962 983 1022 evidens,
1028 981 1154 1022 nam
1183 981 1331 1042 quae
1355 964 1409 1022 iii
1433 981 1711 1042 vaporem
1741 963 1883 1023 solis
1911 965 2090 1023 nitun-

46 1063 88 1106 ιο
103 1056 185 1106 tur
214 1048 392 1105 etiam
424 1045 781 1106 descendunt
810 1064 1010 1124 aegre.
1953 1055 1960 1065 '

58 1124 67 1135 '
222 1131 397 1210 (15.)
445 1127 620 1188 Multa
673 1131 857 1208 promi
906 1130 1148 1208 amplius
1191 1130 1346 1190 circa
1384 1130 1531 1189 haec
1579 1140 1817 1207 possunt
1861 1142 2092 1192 secreta
2111 1141 2177 1195 77

102 1224 338 1275 naturae
366 1212 652 1290 legesque
690 1213 897 1292 quibus
933 1215 1060 1291 ipsa
1090 1215 1321 1272 serviat.
1370 1213 1623 1291 exempli
1653 1217 1834 1291 gratia
1866 1217 1921 1273 in
1946 1214 2093 1276 Mar—

102 1300 171 1358 tis
196 1298 419 1371 sidere,
456 1298 616 1355 cuius
648 1308 736 1356 est
766 1316 1025 1356 maxume
1057 1296 1503 1357 inobservabilis
1537 1315 1757 1373 cursus,
1793 1316 2094 1377 numquam

105 1384 155 1443 id
208 1382 519 1440 stationem
568 1381 766 1441 facere
814 1381 970 1441 Iovis
1011 1382 1204 1440 sidere
1253 1382 1568 1458 triquetro,
1619 1400 1751 1441 raro
1792 1381 2092 1441 admodum

50 1491 89 1531 15
106 1466 409 1541 sexaginta
454 1464 708 1543 partibus
740 1466 1028 1538 discreto,
1082 1465 1177 1543 qui
1220 1482 1486 1522 numerus
1527 1464 1875 1541 sexangulas
1905 1467 2095 1527 muudi

0 1540 3 1613 l
108 1550 287 1609 eflicit
338 1548 585 1622 formaS,
653 1567 763 1608 nec
816 1558 1051 1608 exortus
1105 1548 1212 1606 nisi
1263 1549 1318 1606 in
1371 1547 1594 1606 duobus
1637 1550 1817 1625 signis
1858 1557 2094 1624 tantum,

109 1634 304 1694 cancri
353 1641 409 1690 et
458 1632 677 1707 leoniS,
734 1633 897 1695 simul
937 1632 1136 1692 edere.
1192 1631 1443 1691 Mercuri
1485 1649 1627 1690 vero
1673 1633 1828 1691 sidus
1860 1642 2098 1691 exortus

106 1717 480 1794 vespertinos
508 1718 566 1774 in
601 1716 856 1794 piscibus
886 1734 1050 1776 raros
1083 1716 1305 1789 facere,
1342 1715 1730 1775 creberrimos
1761 1717 1816 1774 in
1846 1717 2094 1792 virgine,

107 1804 159 1862 in
193 1801 346 1861 libra
384 1802 717 1876 matutinos,
763 1802 897 1861 item
934 1801 1236 1861 matutinos
1279 1801 1332 1859 in
1362 1801 1631 1879 aquari0,
1681 1801 2005 1862 rarissimos
2040 1802 2098 1859 in

0 1917 1 1926 κ
48 1887 305 1959 2oleone,
339 1886 740 1961 retrogradum
762 1887 816 1944 in
837 1895 1000 1946 tauro
1029 1894 1087 1945 et
1111 1886 1167 1943 in
1189 1886 1433 1961 geminis
1462 1903 1577 1944 non
1612 1886 1759 1962 lieri,
1793 1887 1848 1943 in
1882 1903 2093 1944 cancro
2192 1933 2197 1939 .

109 1987 251 2030 vero
283 1986 400 2026 non
434 1970 573 2028 citra
602 1971 933 2029 vicesimam
965 1970 1212 2047 quintam
1244 1978 1482 2047 partem.
1543 1969 1729 2029 lunam
1763 1969 1851 2027 bis
1890 1970 2097 2028 coitum
2112 1966 2180 2022 78

110 2073 235 2113 cnm
267 2051 396 2111 sole
431 2053 486 2110 in
515 2052 670 2113 nullo
706 2053 820 2116 alio
853 2055 1016 2129 signo
1049 2053 1249 2113 facere
1282 2070 1448 2130 quam
1479 2055 1756 2129 geminis,
1791 2070 1903 2111 non
1936 2054 2097 2111 coire

108 2135 416 2216 aliquando
448 2137 505 2194 in
538 2138 829 2212 sagittario
862 2146 1101 2210 tantum,
1159 2137 1525 2196 novissimam
1556 2154 1697 2195 vero
1745 2139 2098 2214 primamque

109 2221 317 2280 eadem
350 2220 442 2280 die
473 2220 570 2279 vel
593 2229 764 2280 nocte
792 2220 945 2280 nullo
978 2220 1089 2282 alio
1122 2222 1178 2278 in
1213 2220 1375 2294 signo
1409 2237 1577 2298 quam
1608 2221 1789 2278 ariete
1816 2221 2096 2297 conspici.

45 2323 93 2364 25
108 2304 163 2364 id
199 2321 434 2382 quoque
465 2306 663 2382 paucis
692 2306 1007 2364 mortalium
1043 2304 1352 2379 contingit,
1388 2311 1447 2361 et
1473 2303 1606 2361 inde
1643 2303 1790 2362 fama
1825 2303 2098 2362 cernendi

109 2387 365 2462 Lynceo.
397 2404 512 2446 non
545 2405 866 2465 conparere
898 2389 954 2446 in
986 2387 1151 2447 caelo
1186 2386 1411 2445 Saturni
1443 2387 1598 2445 sidus
1630 2396 1688 2445 et
1717 2385 1937 2461 Martis,
1973 2404 2098 2444 cum

111 2472 451 2550 plurumum,
487 2471 689 2531 diebus
725 2481 949 2532 centum
982 2472 1359 2548 septuaginta,
1396 2469 1553 2528 Iovis
1583 2471 1811 2546 triginta
1843 2488 1949 2529 sex
1983 2479 2097 2543 aut,

113 2574 240 2614 cum
274 2557 599 2630 minumum,
633 2556 795 2615 denis
826 2555 1095 2616 detractis
1124 2554 1349 2628 diebus,
1385 2552 1634 2612 Veneris
1666 2554 1966 2629 sexaginta
1998 2570 2098 2610 no·

110 2657 241 2698 vem
276 2648 409 2713 aut,
445 2657 571 2698 cum
600 2641 932 2714 minumum,
968 2639 1373 2717 quinquaginta
1405 2636 1662 2713 duobuS,
1708 2636 1956 2696 Mercuri
1984 2645 2099 2694 tre-

45 2722 301 2784 :wdecim
337 2731 450 2796 aut,
488 2741 614 2781 cum
644 2723 979 2800 plurumum,
1018 2721 1363 2781 octodecim.

237 2805 335 2867 18.
381 2807 550 2884 (16.)
602 2804 849 2866 Colores
878 2808 1023 2866 ratio
1068 2806 1417 2866 altitudinum
1447 2812 1763 2881 temperat,
1815 2802 2098 2881 siquidem
2118 2810 2184 2864 79

112 2908 308 2949 earum
330 2889 752 2949 similitudinem
783 2890 1006 2950 trahunt
1030 2890 1091 2947 iuv
1110 2907 1345 2967 quarum
1369 2906 1504 2948 aera
1529 2904 1746 2946 venere
1777 2885 2096 2961 subeundo,

110 2974 431 3055 tinguitque
477 2974 1001 3052 adpropinquantes
1046 2971 1315 3032 utralibet
1361 2972 1534 3031 alieni
1574 2978 1795 3029 meatus
1827 2969 2097 3044 circuluS,

110 3056 376 3135 frigidior
404 3058 459 3116 in
491 3057 803 3136 pallorem,
837 3058 1129 3117 ardentior
1165 3057 1220 3114 in
1251 3055 1543 3130 ruborem,
1577 3062 1851 3112 ventosus
1882 3054 1938 3110 in
1968 3052 2099 3112 hor-

45 3167 93 3204 35
109 3159 335 3216 rorem,
393 3139 484 3200 sol
515 3150 683 3219 atque
721 3143 1108 3200 conmissurae
1139 3140 1399 3218 apsidum
1435 3147 1845 3217 extremaeque
1878 3135 2101 3196 orbitae

112 3233 293 3285 atram
318 3226 376 3283 in
403 3223 827 3283 obscuritatem.
867 3243 1002 3283 suus
1027 3224 1258 3301 quidem
1283 3224 1488 3300 cuique
1526 3221 1691 3280 color
1713 3229 1822 3296 est,
1857 3221 2101 3281 Saturno

114 3308 414 3383 candidus,
448 3307 571 3366 Iovi
605 3307 813 3382 clarus,
848 3306 1014 3366 Marti
1038 3310 1265 3383 igneuS,
1292 3306 1539 3365 lucifero
1568 3305 1839 3381 candenS,
1864 3304 2103 3379 vesperi

111 3392 439 3467 refulgenS,
466 3389 752 3450 Mercurio
778 3392 1025 3466 radians,
1058 3390 1227 3449 lunae
1258 3387 1534 3464 blandus,
1566 3388 1707 3463 soli,
1746 3404 1873 3446 cum
1903 3386 2100 3457 oritur,
