2320 3650
169 99 291 161 212
840 112 900 161 e.
944 112 1136 161 rum
1176 110 1477 162 suenum

167 277 331 344 tono,
379 275 440 327 et
482 267 540 328 in
586 266 931 328 Arconneso
983 266 1257 347 oppidum
1302 265 1599 328 Ceramus.
1697 266 1757 327 in
1797 264 2002 330 Cariae
2048 285 2162 330 ora

168 368 317 430 quae
346 359 625 411 vocantur
651 351 866 429 Argiae
896 367 1132 412 numero
1157 348 1289 428 XX,
1326 360 1385 411 et
1410 350 1729 427 Hyetussa,
1764 350 2008 431 Lepsia,
2041 352 2161 413 Le-

89 443 321 498 134ros.
412 434 767 496 nobilissima
818 444 1007 496 autem
1053 436 1111 495 iu
1164 451 1239 495 eo
1283 436 1409 495 sinu
1451 432 1610 494 Coos
1653 434 1725 495 ab
1772 433 2159 499 Halicarnaso

169 518 490 597 quindecim
519 518 635 578 mil.
666 536 937 598 passuum
983 518 1237 595 distans,
1280 520 1520 579 circuitu
1550 516 1632 593 C,
1675 527 1738 579 ut
1780 518 1980 597 plures
2028 521 2157 580 exi-

166 611 414 663 stumant
441 600 686 682 Merope
717 612 947 680 vocata,
972 600 1094 663 Cea
1123 611 1187 663 ιιι
1214 601 1547 682 Staphylus,
1564 601 1824 680 Meropis
1850 612 1912 663 ut
1932 602 2155 679 Diony·
2169 627 2198 667 5

167 687 322 764 sius,
356 686 490 747 dein
521 680 875 765 Nymphaea.
942 703 1106 746 mons
1133 685 1214 746 ibi
1242 686 1448 762 Prion,
1480 690 1541 747 et
1568 684 1821 760 Nisyron
1851 685 2158 765 abruptam

168 770 257 832 illi
290 779 517 849 putant,
557 787 705 849 quae
738 769 1049 849 Porphyris
1091 779 1259 831 autea
1299 769 1450 831 dicta
1482 778 1590 830 est.
1669 768 1816 831 Hinc
1849 768 2157 845 caryanda

170 872 299 915 cum
334 853 569 932 oppido.
638 871 749 914 nec
777 854 985 932 procul
1026 852 1101 915 ab
1142 852 1516 915 Halicarnaso
1559 852 1850 914 Pidossus.
1933 855 1992 914 in
2038 852 2153 914 Ce-

166 939 384 998 ramico
414 946 603 998 autem
635 938 760 997 sinu
788 937 1245 1017 Priaponnesos‚
1277 937 1712 1015 Hipponuesos,
1746 937 1958 1014 Psyra,
1987 936 2152 998 Lam·

171 1039 282 1100 psa
319 1020 682 1097 Aemyndus,
716 1020 982 1097 Passala,
1015 1019 1233 1097 Crusa,
1276 1020 1642 1096 Pinnicussa,
1673 1022 1981 1099 Sepiussa,
2026 1020 2151 1082 Me·
2174 1035 2226 1078 ιο

169 1104 335 1179 lano,
368 1104 714 1184 paulumque
736 1123 769 1165 a
801 1107 1145 1166 continente
1158 1105 1376 1166 distans
1405 1118 1555 1183 quae
1582 1114 1789 1166 vocata
1818 1113 1909 1166 est
1942 1103 2152 1166 Ginae-
2315 1134 2320 1395 Ι

93 1201 98 1205 ·
170 1187 403 1267 dopolis
431 1188 735 1266 probrosis
758 1188 836 1249 ibi
865 1188 1087 1250 relictis
1117 1206 1150 1249 a
1178 1207 1325 1266 rege
1350 1187 1707 1249 Alexandro.
1977 1222 1981 1229 ·

87 1281 189 1334 135
361 1270 491 1350 (37.
496 1274 536 1352 )
578 1270 774 1333 Ioniae
811 1286 915 1333 ora
942 1272 1181 1350 Aegeas
1227 1281 1285 1332 et
1327 1270 1581 1332 Corseas
1622 1270 1800 1332 habet
1828 1281 1888 1334 et
1919 1270 2150 1350 Icaron,

86 1354 259 1415 mede
290 1373 401 1433 qua
432 1355 641 1417 dictum
670 1365 795 1433 est,
834 1355 1028 1417 Laden
1062 1373 1212 1435 quae
1247 1357 1406 1433 prius
1433 1355 1572 1416 Late
1599 1355 1937 1433 vocabatur,
1972 1364 2153 1434 atq'ue
2319 1410 2320 1415 ,

169 1440 320 1513 inter
330 1439 620 1517 ignobilis
642 1441 869 1519 aliquot
895 1441 1037 1501 duas
1069 1438 1391 1500 Camelidas
1425 1438 1625 1500 Mileto
1658 1440 1906 1516 vicinas,
1952 1438 2227 1514 Myce-15
2319 1464 2320 1495 ι

170 1510 264 1583 lae
280 1522 569 1601 Trogilias
595 1525 720 1598 tris,
757 1523 998 1597 Philiou,
1030 1523 1367 1600 Argennon,
1402 1522 1734 1603 Sandalion,
1761 1524 1975 1584 Samon
2004 1523 2151 1584 libe·

170 1624 292 1666 ram
336 1608 575 1667 circuitu
618 1605 936 1668 LXXXVII
963 1605 1023 1667 Μ
1066 1624 1335 1685 passuum
1369 1614 1500 1681 aut,
1543 1614 1606 1666 ut
1638 1604 1928 1684 Isidorus,
1982 1604 2029 1666 C
2069 1605 2149 1666 M.

136 1689 527 1757 &Partheniam
583 1693 822 1769 primum
874 1689 1222 1768 appellatam
1272 1690 1622 1750 Aristoteles
1669 1689 1872 1765 tradit,
1942 1699 2152 1770 postea

79 1831 91 1845 ,
169 1766 514 1850 Dryussam,
546 1774 754 1836 deinde
776 1773 1234 1834 Anthemussam.
1298 1772 1675 1835 Aristocritus
1722 1773 1896 1835 adicit
1917 1773 2150 1836 Melam-

169 1857 448 1935 phyllum,
481 1859 615 1918 dein
643 1856 1049 1936 Cyparissiam,
1078 1858 1180 1918 alii
1200 1857 1764 1935 Parthenoarussam,
1795 1848 2147 1937 Stephauen.
2167 1878 2224 1920 so
2319 1871 2320 1936 ι

170 1958 368 2000 amnes
412 1944 469 2002 in
509 1959 579 2003 ea
621 1940 942 2024 Imbrasus,
988 1939 1265 2019 Chesius,
1302 1940 1559 2018 Ibettes,
1600 1941 1793 2001 fontes
1840 1941 2146 2019 Gigartho,
2318 1939 2320 2081 4

171 2022 532 2102 Leucothea,
605 2042 767 2085 mons
824 2023 1144 2086 Cercetius.
1225 2025 1514 2087 adiacent
1586 2024 1807 2085 insulae
1857 2024 2153 2105 Rhypara,

168 2106 534 2187 Nymphaea,
566 2109 851 2170 Achillea.
2317 2135 2318 2160 ι

86 2198 189 2256 136
358 2192 523 2272 (38.)
566 2192 677 2253 Par
705 2192 966 2254 claritate
992 2192 1067 2254 ab
1102 2210 1174 2253 ea
1202 2192 1375 2254 distat
1395 2189 1611 2254 xcml
1637 2189 1697 2253 u
1725 2208 1996 2272 passuum
2025 2209 2153 2252 cum

168 2275 391 2353 oppido
430 2274 609 2336 Chios
649 2276 865 2353 libera,
925 2291 1094 2355 quam
1133 2276 1459 2337 Aethaliam
1494 2275 1766 2356 Ephorus
1811 2277 2008 2355 prisco
2050 2291 2223 2340 news

166 2360 319 2418 mine
372 2359 658 2438 appellat,
707 2358 1074 2421 Metrodorus
1140 2369 1201 2420 et
1243 2358 1561 2420 Cleobulus
1605 2358 1804 2421 Chiam
1837 2377 1882 2420 a
1927 2357 2153 2420 Chione
2209 2367 2222 2375 '

168 2442 451 2519 nympha,
480 2443 655 2522 aliqui
685 2459 717 2504 a
746 2444 911 2520 nive,
954 2453 1015 2503 et
1049 2441 1285 2504 Macrim
1315 2453 1376 2504 et
1403 2443 1709 2519 Pityusam.
1767 2452 2018 2504 montem
2045 2442 2151 2502 rha-

84 2527 93 2574 ὲ.
170 2524 273 2584 bet
301 2524 658 2602 Pelinaeum,
688 2544 937 2587 marmor
967 2525 1188 2587 Chium.
1263 2526 1502 2587 circuitu
1545 2525 1756 2587 CXXV
1783 2525 1842 2586 M
1886 2538 2154 2606 passuum
2315 2571 2316 2580 ,

167 2608 427 2686 colligit,
456 2619 517 2670 ιιι
544 2619 780 2670 veteres
807 2611 1118 2687 tradidere,
1153 2608 1409 2672 Isidorus
1438 2609 1600 2672 VIIII
1633 2608 1693 2670 M
1715 2610 1905 2671 adicit.
1964 2610 2153 2689 posita
2314 2593 2316 2644 ⁴

171 2701 263 2752 est
285 2693 433 2753 inter
457 2694 684 2754 Samum
710 2701 771 2754 et
790 2693 1068 2770 Lesbum,
1096 2712 1174 2754 ex
1195 2694 1443 2755 adverso
1465 2710 1728 2756 maxume
1761 2691 2149 2770 Erythrarum.
2172 2712 2223 2756 ao

85 2784 189 2840 137
203 2774 502 2837 Finitimae
532 2786 665 2838 suut
698 2775 934 2838 Tellusa
964 2795 1131 2856 quam
1158 2777 1257 2838 alii
1283 2777 1681 2856 Daphuussam
1713 2775 2004 2852 scribunt,
2039 2773 2153 2837 Oe·

168 2878 372 2935 nussa,
415 2858 732 2939 Elaphitis,
778 2859 1182 2938 Euryauassa,
1223 2860 1510 2939 Arginusa
1553 2878 1682 2921 curn
1727 2860 1962 2940 oppido.
2038 2856 2156 2919 Iam

167 2942 280 3003 hae
322 2945 476 3004 circa
529 2943 822 3022 Ephesum
877 2953 939 3005 et
987 2961 1136 3023 quae
1189 2944 1468 3006 Pisistrati
1515 2954 1795 3005 vocantur
1848 2943 2154 3018 Anthinae,

168 3025 555 3102 Myonnesos,
594 3027 909 3089 Diarreusa
946 3028 1033 3107 (iu
1061 3037 1302 3106 utraque
1338 3027 1551 3108 oppida
1592 3027 2005 3107 intercidere),
2047 3025 2152 3086 Po-

64 3156 75 3165 .
167 3109 444 3171 roselene
474 3128 602 3171 cum
632 3112 884 3190 oppido,
932 3110 1210 3187 Cerciae,
1256 3112 1513 3188 Halone,
1558 3109 1903 3186 Commune,
1946 3110 2225 3184 metimus

168 3191 400 3270 Lepria,
413 3194 657 3272 Aethre,
672 3195 976 3273 Sphaeria,
994 3196 1309 3272 Procusae,
1322 3195 1623 3271 Bolbulae,
1639 3195 1877 3269 Pheate‚
1895 3193 2153 3272 Priapos,

164 3276 330 3350 Syce
348 3320 365 3350 ,
397 3275 654 3354 Melane,
685 3278 941 3354 Aenare,
972 3279 1231 3355 Sidussa,
1262 3280 1424 3356 Pele,
1453 3279 1791 3354 Drymussa,
1825 3277 2153 3352 Anhydros,

164 3359 500 3438 Scopelos,
538 3362 828 3440 Sycussa,
859 3361 1248 3440 Marathussa,
1285 3362 1475 3440 Psile,
1522 3362 1890 3440 Perirreusa,
1922 3361 2152 3421 multae-
