2320 3650
689 496 760 579 C.
818 497 1110 580 Puni
1167 496 1625 581 SECUNM

352 650 1096 745 Nunnius
1183 646 1956 794 Ιιιιετοιιιη

815 811 1173 876 LIBER
1238 810 1493 878 VIII.

136 1169 167 1220 1
319 1153 460 1235 Cap.
514 1161 566 1217 1.
617 1157 804 1233 (Sect.
859 1158 943 1236 1.)
1018 1157 1108 1217 Ad
1154 1141 1376 1235 r‘eliqua
1415 1167 1771 1217 transeamus
1821 1158 2086 1218 animalia
2140 1168 2198 1221 et

190 1240 430 1316 primum
483 1242 802 1301 terrestria.
911 1240 1234 1301 Maxumum
1272 1250 1363 1300 est
1406 1240 1682 1320 elephans
1732 1258 2194 1321 proxumumque

102 1389 107 1396 .
187 1323 443 1384 humanis
474 1324 773 1398 sensibuS‚
822 1326 1035 1403 quippe
1073 1325 1402 1384 intellectus
1441 1325 1556 1384 illis
1602 1327 1886 1384 sermonis
1933 1325 2103 1402 patrii
2139 1335 2197 1385 et
2298 1333 2300 1398 4

186 1409 555 1486 imperiorum
585 1408 913 1468 obedientia
948 1409 1570 1487 officiorumquequae
1601 1408 1859 1468 didicere
1888 1411 2193 1484 memoria,
2299 1417 2300 1492 χ

189 1493 399 1550 amoris
437 1502 492 1550 et
539 1492 762 1569 gloriae
808 1493 1108 1571 voluptas,
1154 1495 1322 1551 immo
1352 1510 1527 1568 vero,
1573 1509 1722 1570 quae
1770 1492 1938 1550 etiam
1983 1492 2040 1550 in
2082 1492 2236 1553 ino-⁵
2299 1515 2300 1548 ι

187 1577 336 1633 mine
366 1593 529 1649 rara,
567 1576 859 1655 probitaS,
904 1577 1235 1655 prudentia,
1274 1578 1567 1653 aequitaS‚
1610 1575 1819 1653 religio
1847 1592 2080 1653 quoque
2117 1578 2193 1634 si·

127 1667 165 1718 2
196 1659 392 1718 derum
423 1660 683 1738 solisque
726 1678 794 1718 ac
826 1660 994 1720 lunae
1037 1661 1357 1719 veneratio.
1447 1669 1713 1718 auctores
1759 1668 1890 1717 sunt
1933 1659 2003 1717 in·
2035 1657 2192 1718 Mau·

187 1744 441 1801 retaniae
483 1744 722 1803 saltibus
768 1743 839 1802 ad
866 1742 1166 1822 ‘quendam
1207 1761 1425 1801 amnem
1469 1744 1558 1802 cui
1604 1761 1809 1801 nomen
1862 1751 1951 1800 est
1995 1741 2192 1801 Amilo
2299 1761 2300 1764 ¹

187 1829 508 1884 nitescente
562 1827 692 1886 luna
737 1844 884 1886 nova
927 1845 1144 1903 greges
1201 1845 1398 1886 eorum
1448 1825 1810 1887 descendere
1859 1825 2056 1903 ibique
2123 1845 2189 1884 se
2299 1838 2300 1843 ’

133 1943 138 1948 -
190 1909 540 1987 purificantis
581 1910 941 1975 sollemniter
971 1928 1118 1988 aqua
1151 1911 1565 1988 circumspergi
1619 1919 1789 1987 atque
1820 1911 1898 1968 ita
1933 1909 2184 1969 salutato
2212 1927 2248 1967 ιο

184 1992 376 2053 sidere
420 1995 476 2051 in
513 1994 690 2053 silvas
725 1995 940 2053 reverti
969 1994 1276 2053 vitulorum
1307 1996 1579 2070 fatigatos
1622 2012 1763 2071 prae
1810 2011 1875 2052 se
1920 1993 2187 2051 ferentis,

112 2083 150 2136 3
182 2075 405 2135 alienae
446 2094 677 2155 quoque
725 2076 1024 2155 religionis
1061 2077 1362 2139 intellectu
1410 2078 1718 2137 creduntur
1763 2076 1941 2136 maria
1979 2078 2188 2135 transi·

184 2161 293 2221 turi
326 2170 441 2219 non
473 2171 602 2220 ante
632 2163 792 2221 navis
825 2161 1225 2221 conscendere
1252 2180 1418 2239 quam
1448 2162 1665 2221 invitati
1686 2161 1937 2220 rectoris
1975 2160 2190 2219 iureiu-

180 2245 359 2304 rando
403 2245 475 2326 de
513 2245 728 2304 reditu.
783 2247 1007 2324 visique
1053 2254 1182 2304 sunt
1224 2245 1366 2304 fessi
1414 2243 1805 2321 aegritudine,
1852 2243 2079 2322 quando
2129 2251 2190 2301 et

182 2327 311 2387 illas
343 2330 511 2388 molis
550 2329 821 2389 infestant
867 2329 1085 2405 morbi,
1130 2329 1345 2388 herbas
1387 2331 1573 2406 supini
1615 2329 1671 2385 in
1715 2326 1935 2387 caelum
1970 2328 2249 2387 iacien·15

180 2420 291 2484 teS‚
329 2411 506 2471 veluti
540 2412 748 2472 tellure
786 2412 1059 2491 precibus
1094 2413 1381 2489 adlegata.
1446 2430 1574 2470 nam
1612 2412 1765 2488 quod
1811 2411 1882 2470 ad
1918 2409 2185 2470 docilita-

180 2496 526 2574 temnattinet
555 2514 756 2572 regem
789 2497 1049 2570 adorant,
1085 2515 1275 2573 genua
1309 2494 1662 2570 submittunt,
1715 2490 2182 2573 coronasporri·

177 2587 333 2652 gunt.
403 2576 558 2638 Indis
593 2569 753 2638 arant
786 2581 1061 2653 minores,
1103 2597 1250 2657 quos
1283 2578 1585 2657 appellant
1614 2578 1844 2637 nothos,

115 2667 151 2720 4
287 2660 344 2719 2.
383 2661 508 2740 (2.)
534 2662 752 2722 Romae
781 2664 956 2722 iuncti
971 2665 1207 2741 primum
1225 2662 1457 2722 subiere
1490 2662 1715 2722 currum
1735 2661 1974 2740 Pompei
1991 2659 2181 2738 Magni
2282 2681 2288 2686 ·

179 2742 379 2804 Africo
405 2747 725 2824 triumph0‚
760 2746 915 2824 quod
961 2748 1121 2824 prius
1167 2746 1321 2807 India
1365 2747 1517 2805 victa
1543 2745 1924 2823 triumphante
1963 2744 2171 2805 Libero
2196 2763 2243 2804 20

175 2837 339 2904 patre
372 2839 737 2889 memoratur.
811 2828 1090 2889 Procilius
1120 2838 1295 2906 negat
1332 2830 1592 2908 potuisse
1624 2829 1862 2906 Pompei
1889 2826 2175 2907 triumpho

175 2912 400 2971 iunctos
433 2914 636 2989 egredi
671 2923 855 2990 porta.
902 2904 1224 2973 Germanici
1250 2910 1520 2977 Caesaris
1560 2930 1797 2972 munere
1829 2912 2176 2989 gladiatorio

56 3024 63 3035 κ
109 3003 142 3052 5
168 2997 447 3071 quosdam
472 2998 639 3055 etiam
664 2998 987 3057 inconditos
1013 3007 1201 3056 motus
1229 2997 1466 3057 edidere
1483 2997 1805 3057 saltantium
1826 2995 2019 3056 modu.
2055 2995 2176 3055 vol·

172 3094 314 3151 gare
351 3089 473 3137 erat
509 3098 615 3157 per
649 3098 817 3139 auras
862 3097 1015 3139 arma
1049 3081 1247 3140 iacere
1288 3098 1401 3140 non
1447 3080 1841 3140 auferentibus
1872 3081 2063 3149 ventis
2097 3087 2175 3138 at-

172 3176 283 3235 que
325 3161 474 3219 inter
518 3181 582 3221 se
627 3163 1004 3239 gladiatorios
1051 3181 1404 3249 congressus
1450 3165 1628 3224 edere
1682 3174 1777 3224 aut
1832 3162 2245 3223 lascivientem

172 3241 442 3316 pyrriche
484 3245 823 3305 conludere.
895 3256 1102 3324 postea
1146 3256 1204 3305 et
1248 3264 1354 3323 per
1384 3245 1533 3306 funis
1578 3247 1904 3323 incessere,
1952 3246 2179 3305 lecticis

173 3324 342 3381 etiam
377 3324 634 3384 ferentes
670 3330 927 3404 quaterni
969 3328 1228 3405 singulos
1272 3348 1593 3407 puerperas
1628 3330 1925 3404 imitantiS,
1961 3329 2178 3406 plenis·

105 3538 163 3558 h.
