2320 3650
150 41 272 102 230
771 47 831 96 c,
859 47 1052 94 Pmm
1084 45 1389 93 summm

150 208 420 285 lanugine
467 203 772 264 demetitur
813 220 926 261 uva
984 202 1227 278 eiusque
1278 199 1538 276 melligo.
1603 199 1910 279 reliquom
1966 218 2188 280 corpus

156 294 285 353 sole
317 291 608 368 coquitur,
639 287 905 346 nocturni
945 303 1112 345 rores
1139 292 1433 343 caventur.
1490 285 1547 341 in
1581 283 1745 343 fictili
1770 284 2015 344 condita
2039 284 2189 345 mel-

151 380 274 455 ligo
305 374 619 451 colligitur,
655 370 898 430 subinde
924 379 981 430 et
1005 367 1222 446 Cyprio
1255 385 1393 426 aere
1424 377 1709 429 servatur.
1758 378 2011 446 optuma
2033 387 2188 447 qnae

146 463 308 537 rufa,
343 460 654 535 acriorque
688 464 746 513 et
776 455 1008 514 aridior.
1066 453 1313 531 pretium
1346 451 1653 528 omphacio
1687 453 1747 510 in
1780 451 1974 512 libras
2003 451 2062 512 X
2087 467 2181 512 VI.

149 550 209 609 fit
232 554 293 605 et
327 542 440 602 alio
472 540 668 615 modo,
702 556 829 597 cum
862 540 919 597 in
946 537 1237 596 mortariis
1263 553 1374 594 uva
1401 536 1683 595 inmatura
1712 538 1956 612 teritur,
1990 539 2172 597 sicca-
2197 545 2223 583 ⁵

147 643 320 708 taque
350 628 408 685 in
439 626 570 685 sole
602 631 812 702 postea
841 622 1123 698 digeritur
1156 621 1215 678 in
1246 619 1535 698 pastillos.
1951 680 1976 703 ⁶

65 729 171 781 132
297 711 399 772 28.
446 710 614 788 (61.)
661 704 887 768 Eodem
919 713 979 764 et
1023 705 1213 783 bryon
1244 705 1537 782 pertinet,
1586 720 1699 762 uva
1729 704 1953 783 populi
2000 704 2185 765 albae.

150 810 383 878 optuma
428 796 587 854 circa
634 788 875 850 Cnidum
925 798 1020 848 aut
1068 786 1296 848 Cariam
1349 787 1407 846 in
1459 785 1793 846 sitientibus
1855 799 1962 848 aut
2020 791 2187 848 siccis

153 881 529 962 asperisque,
574 875 832 936 secunda
877 875 933 931 in
975 872 1190 947 Lyciae
1237 869 1437 930 cedro,
1522 870 1734 929 eodem
1780 881 1849 931 et
1898 872 2189 933 oenanthe

155 968 435 1046 pertinet,
471 965 562 1020 est
599 968 791 1019 autem
821 958 955 1016 vitis
992 956 1300 1016 labruscae
1335 972 1476 1029 uva,
1522 953 1861 1032 colligitur,
1914 976 2053 1016 cum
2086 958 2180 1016 llo·
2203 972 2247 1011 10

154 1061 279 1127 ret,
310 1047 368 1107 id
400 1054 492 1106 est
525 1063 653 1103 cum
687 1051 921 1120 optume
953 1041 1107 1115 olet,
1133 1041 1386 1098 siccatur
1416 1038 1474 1096 in
1505 1038 1708 1098 umbra
1741 1039 2062 1101 substrato
2092 1042 2188 1101 lin-

68 1148 173 1201 133
192 1145 291 1195 teo
329 1140 502 1208 atque
534 1130 590 1186 in
622 1126 799 1186 cados
831 1125 1115 1185 conditur.
1168 1123 1486 1201 praecipua
1516 1141 1592 1181 ex
1621 1122 2071 1202 Parapotamia,
2103 1143 2188 1184 se·

155 1218 339 1279 cunda
371 1214 442 1274 ab
473 1209 786 1271 Antiochia
827 1218 999 1287 atque
1029 1205 1322 1267 Laodicea
1351 1207 1596 1281 Syriae,
1640 1209 1821 1267 tertia
1872 1228 1954 1267 ex
1996 1209 2186 1268 monti·

155 1298 567 1363 bus-Medicis.
654 1294 804 1354 haee
845 1293 1040 1352 utilior
1081 1291 1427 1351 medicinae.
1520 1290 1755 1368 quidam
1795 1293 2080 1352 omnibus
2109 1293 2188 1352 his

156 1386 494 1466 praeferunt
532 1398 660 1440 eam
692 1395 839 1455 quae
882 1379 940 1436 in
972 1374 1171 1454 Cypro
1206 1373 1389 1432 insula
1420 1375 1698 1433 nascitur.
1759 1394 1906 1435 nam
1944 1395 2099 1455 quae
2138 1377 2247 1435 inis

155 1472 358 1531 Africa
407 1467 470 1526 iit
510 1464 581 1524 ad
622 1463 883 1523 medicos
919 1469 1134 1519 tantum
1176 1459 1432 1537 pertinet
1472 1467 1850 1537 vocaturque
1891 1462 2184 1521 massaris.

157 1553 421 1615 omnibus
453 1558 642 1609 autem
683 1565 759 1605 ex
789 1544 921 1605 alba
962 1543 1238 1604 labrusca
1273 1544 1666 1620 praestantior
1702 1561 1886 1621 quam
1927 1564 1966 1604 e
2013 1546 2186 1622 nigra.

72 1650 175 1704 134
280 1633 472 1715 ’(62.)
519 1632 627 1692 Est
659 1639 969 1709 praeterea
1003 1627 1179 1687 arbor
1210 1625 1281 1686 ad
1313 1626 1517 1686 eadem
1546 1636 1854 1704 unguenta
1894 1631 2190 1707 pertinens

158 1741 328 1803 quam
356 1718 452 1778 alii
485 1717 679 1776 elaten
710 1720 954 1787 vocant,
989 1712 1144 1789 quod
1179 1727 1287 1770 nos
1317 1710 1604 1786 abietem,
1639 1711 1738 1770 alii
1770 1713 2075 1789 palmam,
2105 1712 2189 1772 alii

157 1806 421 1887 spathen.
472 1798 733 1861 laudatur
762 1796 1168 1859 Hammoniaca
1192 1812 1493 1870 maxume,
1520 1812 1660 1855 mox
1675 1796 2035 1875 Aegyptia,
2069 1797 2247 1858 deinzo

163 1892 440 1966 Syriaca,
477 1886 770 1945 dumtaxat
794 1885 849 1941 in
884 1883 1034 1942 locis
1060 1879 1385 1961 sitientibus
1427 1878 1643 1954 odora,
1682 1881 1896 1958 pingui
1934 1883 2187 1956 lacrima,

162 1993 312 2055 quae
347 1974 404 2030 in
433 1976 725 2045 unguenta
757 1967 982 2027 additur
1011 1965 1082 2024 ad
1113 1963 1458 2023 domandum
1489 1963 1705 2023 oleum.

77 2072 176 2127 135
309 2055 480 2136 (63.)
527 2054 590 2113 In
619 2053 787 2127 Syria
817 2050 1072 2127 gignitur
1113 2057 1173 2107 et
1202 2049 1519 2107 cinnamum
1554 2047 1711 2125 quod
1750 2064 2068 2109 comacum
2098 2066 2191 2127 ap-

163 2144 401 2225 pellant.
463 2137 557 2198 hic
590 2146 681 2197 est
711 2153 883 2195 sucus
919 2135 1405 2209 nucifflexpressus
1437 2131 1675 2191 multum
1712 2151 1746 2191 a
1788 2134 2044 2193 surculo
2074 2133 2191 2192 veri

164 2225 408 2288 cinnami
465 2221 776 2297 differens,
826 2219 1016 2278 vicina
1065 2226 1259 2342 tamen
1313 2217 1519 2293 gratia.
1604 2217 1864 2295 pretium
1908 2219 1973 2277 in
2019 2217 2246 2277 librans

162 2330 327 2373 asses
359 2322 572 2369 xxxx.
1134 2335 1135 2340 1

694 2589 765 2672 c.
824 2586 1118 2670 rum
1177 2535 1639 2667 suenum

390 2735 1994 2868 wirunitlsfllsronrlu

854 2900 1540 2969 LIBERXIIL
1905 2905 1908 2908 '

38 3089 39 3164 ἕ
116 3131 169 3194 1,
306 3122 496 3195 (Sect.
548 3125 638 3202 1.)
695 3122 989 3184 Hactenus
1032 3124 1088 3181 in
1137 3121 1415 3183 odoribus
1456 3119 1672 3181 babent
1725 3093 1927 3196 pretia
1989 3120 2242 3193 silvaem

176 3208 453 3277 erantque
479 3223 587 3280 per
617 3224 684 3265 se
721 3208 863 3267 mira
888 3207 1149 3282 singula,
1199 3207 1458 3283 iuvitque
1486 3205 1711 3264 luxuria
1744 3205 1947 3263 omnia
1990 3222 2066 3265 ea
2099 3204 2190 3264 mi·

177 3296 346 3337 scere
387 3292 445 3339 et
490 3304 523 3342 e
578 3292 800 3348 cunctis
853 3307 1022 3348 unum
1071 3290 1313 3349 odorem
1357 3288 1580 3348 facere.
1658 3288 1737 3346 ita
1783 3297 2043 3365 reperta
2077 3294 2193 3348 sunt
