2320 3650
610 138 770 184 NAT.
805 136 987 186 ms'r.
1033 138 1157 185 ΧΠ.
1193 133 1364 189 3-4.
1401 127 1669 206 (7—14.)
1864 183 1868 187 .
1930 217 1939 221 -
2020 128 2135 191 211

140 310 268 354 eam
310 292 592 350 aestivant
629 300 899 369 pastores
933 298 1174 371 opacam
1219 295 1439 372 pariter
1470 302 1529 352 et
1563 294 1829 352 munitam
1861 295 2039 354 vallo
2052 308 2140 354 ar-

138 377 332 451 boris,
379 375 598 435 decora·
633 377 837 453 specie
870 375 1069 436 subter
1108 377 1347 436 intuenti
1388 377 1671 455 proculve
1702 375 1989 452 fornicato
2026 396 2140 438 am-

135 461 280 520 bitu.
359 460 697 538 superiores
734 459 991 520 eiusdem
1018 461 1162 521 rami
1204 464 1262 520 in
1307 461 1605 521 excelsum
1641 461 1885 520 emicant
1917 460 2135 523 silvosa
2156 473 2229 528 23

135 543 525 618 multitudine,
572 551 738 603 vasto
769 545 965 603 mati-is
1010 554 1296 622 corpore,
1340 553 1401 604 ut
1439 558 1533 604 Lx
1575 561 1783 622 passus
1823 546 2143 624 pleraeque

89 654 119 694 5
143 628 289 688 orbe
327 627 634 713 colligant,
681 626 882 687 umbra
928 644 1072 687 vero
1115 628 1247 689 bina
1290 628 1471 689 stadia
1520 628 1800 707 operiant.
1876 629 2144 689 foliorum

135 707 383 773 latitudo
412 711 607 790 peltae
633 710 889 788 effigiem
913 712 1299 773 Amazonicae
1331 712 1526 797 habet.
1596 729 1665 771 ea
1696 729 1872 771 causa
1900 713 2145 772 fructum

131 798 403 872 integens
444 812 718 855 crescere
762 795 1065 873 prohibet,
1111 814 1390 875 rarusque
1435 806 1668 857 estnec
1710 794 1883 855 fabae
1926 797 2142 874 magni-

135 880 389 941 tudinem
437 879 793 953 excedenss
821 879 926 939 sed
947 884 1086 958 per
1133 881 1275 941 folia
1321 881 1544 941 solibus
1589 888 1790 945 coctus
1844 878 2143 959 praedulci

139 980 354 1042 sapore
406 963 609 1040 dignus
658 963 939 1023 miraculo
1000 962 1244 1081 arboris.
1341 966 1594 1042 gignitur
1652 965 1808 1023 circa
1852 963 2147 1024 Acesinen

62 1070 120 1111 1o
137 1065 401 1108 maxume
431 1064 673 1107 amnem.
1256 1052 1261 1067 ¹
1825 1079 1833 1083 ι

261 1133 321 1193 6.
370 1131 535 1211 (12.)
588 1131 773 1191 Maior
818 1131 963 1207 alia,
1015 1148 1189 1209 pomo
1235 1141 1295 1190 et
1335 1134 1614 1193 suavitate
1660 1131 2230 1231 praecellentior-,24

140 1233 255 1296 quo
298 1217 593 1293 sapientes
637 1214 905 1276 Indorum
953 1217 1170 1275 vivont.
1214 1215 1459 1275 folium
1499 1218 1621 1276 alas
1662 1218 1848 1275 avium
1899 1216 2144 1276 imitatur

137 1299 498 1376 longitudine
540 1300 705 1358 trium
740 1299 1091 1376 cubitorum,
1136 1299 1434 1360 latitudine
1466 1300 1654 1385 duum.
1724 1299 1969 1358 fructum
2015 1316 2143 1359 cor—

138 1384 255 1443 tice
300 1384 467 1442 mittit
507 1383 899 1454 admirabilem
939 1385 1062 1444 suci
1093 1383 1401 1444 dulcedine
1432 1391 1491 1445 et
1521 1390 1695 1444 tanta
1729 1383 2147 1461 magmitudine

67 1483 119 1524 15
141 1477 201 1527 ut
231 1484 348 1526 uno
376 1476 702 1545 quaternos
718 1469 905 1528 satiet
974 1467 1168 1528 arbori
1199 1484 1407 1528 nomen
1441 1469 1646 1546 palae,
1682 1483 1856 1544 pomo
1890 1467 2142 1526 atienae.

139 1551 401 1629 pluruma
437 1553 642 1610 estin
694 1551 999 1627 Sydracis,
1044 1550 1474 1630 expeditionum
1521 1550 1837 1611 Alexandri
1877 1551 2145 1609 termino.

138 1633 247 1694 Est
275 1645 336 1693 et
373 1635 482 1695 alia
511 1635 709 1694 similis
740 1635 905 1710 huic,
953 1636 1179 1696 dulcior
1208 1642 1404 1714 pomo,
1448 1635 1554 1694 sed
1590 1637 2016 1694 interaneorum
2044 1644 2145 1693 va·-

141 1717 378 1781 leandini
418 1719 646 1778 infesta.
723 1719 987 1779 edixerat
1026 1719 1362 1780 Alexander
1399 1738 1473 1779 ne
1518 1720 1645 1798 quis
1677 1718 1919 1801 agminis
1961 1718 2048 1776 sui
2088 1716 2144 1776 id

140 1819 372 1882 pomum
401 1803 728 1880 attingeret.

65 1905 122 1950 ω
278 1886 445 1966 (13.)
504 1887 731 1948 Genera
762 1887 1031 1949 arborum
1062 1886 1419 1949 Macedones
1453 1903 1768 1947 narravere
1809 1889 2030 1947 maiore
2066 1904 2141 1945 ex
2163 1896 2231 1949 25

138 1978 307 2050 parte
368 1972 494 2030 sine
548 1971 889 2031 nominibus.
985 1971 1098 2032 Est
1153 1984 1214 2033 et
1269 1970 1599 2032 terebintho
1659 1971 1861 2031 similis
1923 1980 2143 2045 cetera,

137 2071 315 2133 pomo
368 2054 717 2131 amygdalis,
774 2057 997 2115 minore
1045 2064 1261 2116 tantum
1314 2055 1738 2132 magnitudine,
1790 2055 2146 2133 praecipuae

141 2140 469 2214 suavitatis,
523 2140 579 2197 in
628 2138 1105 2217 Bactris‘utique.
1185 2141 1332 2199 hanc
1373 2138 1557 2217 aliqui
1593 2138 1963 2197 terebinthon
2008 2154 2145 2195 esse

139 2224 363 2302 proprii
420 2223 684 2299 generis·
711 2224 905 2299 potius
967 2225 1136 2300 quam
1191 2222 1438 2282 similem
1489 2222 1555 2282 ei'
1593 2223 1956 2300 putaverunt.
2043 2220 2148 2279 sed

61 2305 293 2366 munde
328 2307 512 2366 vestis
551 2307 743 2366 ‘lineas
788 2306 1004 2366 faciunt
1046 2306 1204 2366 foliis
1250 2323 1413 2366 moro
1459 2306 1695 2379 similis,
1745 2303 1952 2379 calyce
1990 2304 2149 2382 pomi

140 2390 530 2465 cynorrhodo.
593 2399 795 2450 serunt
828 2407 952 2449 eam
984 2391 1040 2449 in
1074 2391 1325 2468 campis),
1369 2405 1483 2448 nec
1513 2397 1604 2447 est
1632 2390 1854 2465 gratior
1884 2387 2147 2447 villarum

212 2489 281 2533 os
326 2483 512 2533 ectus.

136 2492 212 2553 Pr
270 2492 324 2617 '¹1P
270 2557 531 2636 7.(14)
586 2556 753 2618 Oliva
797 2556 994 2617 Indiae
1033 2554 1250 2617 sterilis
1291 2555 1700 2656 praeterquam
1738 2554 1975 2615 oleastri
2020 2554 2137 2613 fr‘u-
2158 2561 2231 2617 26

141 2650 289 2701 etus.
347 2643 581 2720 passim
609 2657 756 2701 vero
786 2658 938 2718 quae
964 2643 1144 2719 piper
1177 2644 1416 2720 gignunt
1455 2639 1716 2717 iunipiris
1744 2641 1961 2698 nostris
1995 2639 2146 2697 simi-

62 2742 121 2785 ao
143 2725 265 2801 les,
311 2739 652 2804 quamquam
685 2727 742 2784 in
773 2725 966 2784 fronte
989 2723 1238 2785 Caucasi
1272 2724 1501 2785 solibus
1525 2724 1797 2803 opposita
1833 2723 1995 2800 gigni
2022 2730 2146 2781 tan·

142 2818 262 2869 tum
287 2827 390 2868 eas
425 2809 601 2888 aliqui
627 2809 939 2870 tradidere.
1030 2811 1250 2869 semina
1279 2826 1312 2869 a
1352 2809 1601 2887 iunipiro
1644 2807 1857 2866 distant
1887 2805 2147 2884 parvolis

141 2894 388 2970 siliquis,
412 2893 657 2972 quales
640 2912 696 2954 ιιι
720 2892 1002 2971 phasiolis
1027 2894 1308 2954 videmus.
1358 2893 1469 2953 hae
1494 2892 1828 2972 priusquam
1851 2887 2152 2949 dehiscant

139 2977 461 3055 decerptae
492 2986 801 3056 tostaeque
831 2977 962 3036 sole
990 2977 1209 3037 faciant
1237 2963 1391 3055 quod
1417 2983 1663 3035 vocatur
1692 2976 1861 3053 piper
1889 2973 2146 3050 longum,

96 3060 413 3142 paulatim
442 3075 588 3121 vero
614 3062 987 3123 dehiscentes
1016 3063 1341 3123 maturitate
1386 3059 1697 3119 ostendunt
1727 3056 2027 3118 candidum
2060 3055 2148 3134 pi-

63 3129 282 3225 asper,
335 3145 491 3224 quod
534 3145 743 3207 deinde
785 3153 995 3207 tostam
1039 3146 1262 3206 solibus
1306 3145 1512 3205 colore
1555 3144 1834 3222 rugisque
1879 3147 2146 3201 mutatur.

134 3246 342 3289 verum
374 3239 433 3289 et
459 3228 550 3289 his
587 3248 689 3291 sua
720 3231 920 3290 iniuria
961 3239 1087 3306 est,
1131 3240 1307 3310 atque
1342 3229 1493 3289 caeli
1522 3227 1868 3305 intemperie
1902 3224 2140 3285 carbun-
2161 3228 2230 3285 27

141 3312 338 3384 culant
378 3314 634 3392 fiuntque
665 3316 882 3375 semina
915 3331 1083 3375 cassa
1114 3324 1174 3375 et
1204 3315 1433 3389 inania,
1477 3312 1637 3390 quod
1667 3319 1878 3371 vocant
1908 3309 2147 3405 bregma

140 3398 231 3458 sic
255 3398 530 3465 Indorum
569 3400 780 3478 lingua
812 3398 1174 3477 significante
1212 3405 1514 3459 mortuum.
1602 3396 1717 3455 hoc
1759 3413 1833 3455 ex
1864 3396 2017 3455 omni
2043 3409 2148 3469 ge·

1697 3479 1828 3540 14*
2162 3537 2304 3611 Δ
