2320 3650
615 134 775 193 mr.
807 132 988 182 nxs‘r.
1018 133 1114 182 VI.
1147 129 1385 184 18—20.
1435 120 1772 221 (aa—23.)
2038 118 2156 184 231

164 288 537 355 Palibothros
591 288 845 348 decurrit
893 288 1043 347 inter
1088 289 1303 367 oppida
1349 286 1615 347 Methora
1670 292 1728 346 et
1772 283 2164 362 Chrysohora.

167 366 225 436 A
256 374 471 450 Gange.
487 389 661 432 versa
691 371 763 433 ad
792 371 1086 431 meridiem
1115 372 1289 450 plaga
1317 373 1607 448 tinguntur
1636 369 1765 430 sole
1796 369 2018 449 populi,
2051 371 2162 429 iam
2186 378 2255 433 70

168 458 402 537 quidem
430 456 651 533 infecti,
687 455 936 515 nondum
964 462 1153 515 tamen
1177 455 1523 533 Aethiopum
1554 452 1726 512 modo
1758 455 1967 529 exusti,
1994 471 2169 533 quan-

168 552 292 601 tum
342 541 414 605 ad
447 540 643 600 Indum
675 539 959 599 accedunt
991 546 1204 599 tantum
1240 539 1442 598 colore
1473 534 1808 616 praeferunt
1837 538 2015 596 sidus.
2080 535 2168 595 In·

116 643 144 685 ⁵
170 625 279 687 dus
309 625 503 684 statim
529 640 561 682 a
588 623 919 682 Prasiorum
948 631 1123 698 gente
1144 667 1162 698 ,
1208 639 1448 700 quorum
1491 622 1547 680 in
1587 622 1867 680 montanis
1898 610 2170 696 Pygmaei

168 708 489 768 traduntur.
551 705 949 766 Artemidorus
991 706 1141 766 inter
1174 706 1319 767 duos
1350 706 1527 765 amnis
1557 705 1687 770 ΞΧἿ
1711 702 1770 762 Μ
1802 720 1960 783 pass.
1998 706 2170 762 inter·

169 809 309 851 esse
338 791 529 851 tradit.
694 822 703 831 ·
1062 808 1063 811 ¹

340 873 442 953 29.
491 872 659 952 (23.)
713 872 884 932 Indus
918 872 1126 932 incolis
1156 872 1369 932 Sindus
1399 871 1728 949 appellatus
1755 873 1813 930 iu
1845 871 1982 947 iugo
2018 867 2162 929 Cau·
2189 878 2252 932 71

132 1018 145 1031 κ
175 959 302 1027 casi
337 959 545 1017 montis
581 957 736 1035 quod
764 964 1007 1021 vocatur
1040 955 1425 1034 Paropanisus
1451 955 1747 1015 adversus
1793 954 1935 1014 solis
1988 963 2170 1014 ortum

100 1062 151 1104 ιο
172 1042 391 1102 effusus
428 1049 487 1100 et
517 1041 644 1117 ipse
681 1040 1033 1116 undeviginti
1062 1041 1271 1116 recipit
1298 1040 1498 1112 amnis,
1537 1039 1644 1098 sed
1674 1039 2026 1098 clarissimos
2056 1036 2170 1111 Hy-

172 1125 395 1202 daspen
426 1133 695 1201 quattuor
726 1122 873 1183 alios
905 1122 1284 1198 adferentem,
1313 1120 1621 1181 Cantabam
1649 1124 1773 1197 tris,
1800 1139 1907 1200 per
1930 1140 1996 1180 se
2026 1138 2186 1201 vero¹

170 1205 1340 1368 2⁸33&ss¹⁹„222⁶5;¹3?5.33.¹¹1³1⁸283332¹.2
1376 1205 1856 1431 ἕέιάῗὲν
1881 1222 2170 1367 3ξεῖῗὲζῖἒῖ

172 1374 582 1451 amplissimam
632 1372 874 1433 insulam
923 1373 1186 1432 efficiens
1231 1390 1379 1450 quae
1428 1371 1588 1441 Prasi
1735 1373 2071 1430 nominatur
2113 1380 2171 1429 et

104 1475 154 1516 15
171 1458 342 1517 aliam
380 1457 659 1516 minorem
688 1474 837 1534 quae
865 1456 1083 1516 Patale.
1157 1458 1285 1533 ipse
1326 1474 1433 1535 per
1456 1456 1596 1521 'XTH
1615 1454 1715 1516 XL
1742 1448 1802 1517 M
1834 1471 1990 1533 pass.
2028 1472 2158 1533 par·
2187 1462 2255 1516 72

172 1541 417 1600 cissimis
450 1541 781 1600 auctoribus
815 1542 1115 1616 navigatus
1147 1549 1205 1598 et
1227 1540 1474 1618 quodam
1505 1541 1648 1600 solis
1680 1540 1950 1598 comitatu
1981 1539 2039 1597 in
2069 1555 2167 1596 oc-

171 1630 369 1684 casum
397 1640 605 1683 versus
638 1640 861 1683 oceano
884 1624 1220 1683 infunditur.
1299 1623 1624 1684 Mensuram
1660 1639 1761 1682 ora
1791 1622 1862 1682 ad
1907 1638 2036 1683 eum
2067 1638 2169 1700 po·

171 1716 324 1781 nam,
369 1715 433 1766 ut
460 1708 724 1781 invenio,
766 1708 1116 1785 generatim,
1152 1710 1496 1785 quamquam
1526 1709 1675 1767 inter
1707 1724 1778 1765 se
1803 1703 1997 1764 nullae
2032 1722 2167 1764 con·

24 1851 33 1857 ,
171 1798 399 1867 gruunt.
456 1788 549 1849 Ab
580 1792 731 1852 ostio
764 1789 978 1867 Gangis
1022 1792 1093 1852 ad
1123 1793 1571 1872 promontorium
1606 1789 1887 1867 Calingon
1916 1796 1975 1848 et
2007 1790 2170 1867 oppi-

100 1890 154 1931 πο
251 1893 305 1933 m
334 1873 687 1950 Dandaguda
716 1873 985 1935 DCXXV
1006 1876 1123 1935 mil.
1150 1893 1441 1953 passuum,
1478 1876 1550 1935 ad
1581 1875 1832 1953 Tropina
1861 1872 2200 1941 i‘fiTXXV

261 1974 453 2033 p.ass.,
498 1958 569 2018 ad
597 1957 917 2018 Perimulae
948 1962 1433 2036 promonorium,
1472 1959 1568 2017 ubi
1599 1968 1689 2017 est
1730 1958 2170 2019 celeberrimum

171 2039 366 2100 Indiae
400 2043 754 2118 emporium,
790 2037 1019 2116 DCCL,
1070 2042 1141 2101 ad
1179 2043 1450 2120 oppidum
1479 2043 1535 2101 in
1572 2042 1756 2101 insula
1788 2060 1957 2120 quam
1998 2058 2172 2118 supra

173 2124 416 2183 diximus
440 2124 694 2184 Patalam
716 2122 930 2183 DCXX
963 2124 1024 2184 Μ
1056 2141 1214 2202 pass.
1280 2125 1826 2185 Gentes‘montanae
1856 2127 2002 2185 inter
2036 2141 2164 2183 eum
2190 2130 2259 2184 73

172 2215 235 2268 et
284 2206 559 2267 Iomanen
617 2205 785 2282 Cesi,
845 2205 1142 2267 Cetriboni
1195 2208 1533 2282 silvestres,
1598 2209 1805 2268 deinde
1859 2208 2168 2285 Megallae,

102 2294 417 2368 asquoru’m
446 2291 574 2366 regi
609 2289 661 2349 D
694 2290 1017 2368 elephanti,
1066 2291 1325 2369 peditum
1371 2292 1739 2369 equitumque
1781 2305 2047 2351 numerus
2091 2291 2171 2348 iu-

175 2382 400 2447 certus,
447 2371 724 2448 Chrysei,
762 2374 1158 2449 Parasangae,
1192 2374 1464 2450 Asmagi,
1510 2376 1809 2449 tigri'fera
1854 2383 2165 2435 scatentes.

171 2465 390 2518 armant
419 2456 674 2534 peditum
705 2456 872 2517 XXX
898 2458 1052 2534 mih,
1094 2457 1437 2535 elephantos
1476 2456 1655 2532 CCC,
1688 2461 1916 2536 equites
1945 2453 2169 2517 DCCC.

172 2540 281 2600 hos
315 2538 486 2600 Indus
528 2539 765 2600 includit
803 2542 1073 2600 montium
1100 2557 1321 2601 corona
1353 2541 1735 2600 circumdatos
1768 2550 1827 2601 et
1855 2540 2170 2601 solitudini-

171 2621 281 2683 bus
311 2641 422 2701 per
448 2621 717 2690 DCXXV
739 2623 814 2684 Μ.
860 2623 1019 2683 Infra.
1048 2624 1389 2684 solitudines
1420 2622 1817 2699 Dari,·Surae,
1850 2617 2170 2701 iterumque

102 2704 514 2767 aosolitudines
554 2725 665 2785 per
696 2705 1062 2768 CLXXXVII
1103 2707 1164 2768 Μ
1199 2724 1356 2786 pass.
1397 2707 1736 2785 plerumque
1784 2706 2013 2767 harenis
2057 2722 2170 2764 am-

168 2789 459 2849 bientibus
501 2790 635 2851 haut
677 2790 793 2870 alio
824 2791 998 2850 modo
1030 2799 1200 2869 quam
1246 2790 1462 2853 insulas
1492 2792 1651 2850 mari.
1745 2789 1900 2850 Infra
1929 2791 2163 2850 deserta
2187 2795 2256 2849 74

168 2873 318 2933 haec
356 2872 751 2948 Maltecorae,
793 2874 1044 2951 Singae,
1096 2873 1406 2949 Marohae,
1454 2873 1797 2951 Rarungae,
1850 2872 2166 2933 Morontes.

168 2955 240 3015 Hi
272 2959 543 3016 montium
575 2959 670 3036 qui
702 2966 989 3036 perpetuo
1015 2966 1201 3018 tractu
1232 2959 1304 3018 ad
1335 2960 1539 3017 oceani
1571 2975 1729 3017 oram
1758 2959 2047 3035 pertinent
2091 2957 2170 3014 in·

171 3039 340 3100 colae
370 3040 539 3100 liberi
571 3050 627 3101 et
657 3058 858 3118 regum
893 3050 1169 3119 expertes
1204 3042 1394 3100 multis
1421 3040 1659 3100 urbibus
1693 3049 1993 3100 montanos
2025 3040 2169 3182 offii-

94 3134 151 3177 ³⁵
170 3132 308 3183 nent
339 3123 529 3184 collis.
597 3124 1090 3201 Nan-eaedeinde,
1123 3141 1273 3202 quos
1309 3123 1520 3183 claudit
1548 3141 1724 3183 mons*
1740 3124 2048 3183 altissimus

171 3207 431 3267 dicoru‘m
454 3205 764 3285 Capitalia.
792 3237 793 3242 1
830 3207 997 3268 huius
1026 3209 1257 3267 incolae
1297 3207 1419 3266 ‚alio
1451 3207 1783 3267 latere'late
1817 3209 1937 3267 auri
1991 3216 2050 3267 et
2079 3224 2167 3266 ar·

167 3291 331 3367 genti
357 3290 587 3352 metalla
618 3290 854 3351 fodiunt.
926 3291 1020 3350 Ab
1051 3293 1118 3350 iis
1151 3289 1361 3350 Oratae
1380 3335 1399 3365 ,
1444 3307 1683 3368 quorum
1711 3292 1842 3368 regi
1873 3290 2163 3368 elephanti
2185 3295 2252 3349 75

169 3361 402 3452 quidem
439 3373 678 3450 decem,
726 3375 832 3436 sed
861 3374 1088 3454 amplae
1121 3376 1279 3433 vires
1309 3374 1595 3455 peditum,
1645 3374 2075 3450 Suarataratae,
2111 3382 2168 3433 et

2173 3511 2320 3557 Λ
