2320 3650
133 86 273 149 234-
825 98 885 146 c.
920 80 1110 148 13121N1
1141 90 1440 149 suenum

104 252 439 313 ‘clementia
470 269 578 312 sex
605 267 862 317 mensum
893 240 1159 329 tempore
1191 251 1436 313 imbutus
1461 251 1733 331 adloquio
1765 258 2158 332 percontanti

49 345 116 399 85
135 345 338 414 postea
362 336 609 396 narravit
626 335 918 397 Romanos
943 344 1000 395 et
1016 333 1346 396 Gaesarem.
1399 337 1600 395 mirum
1621 338 1678 396 in
1695 337 1928 398 modum
1949 340 2012 398 in
2038 358 2164 401 aue

135 420 266 479 ditis
288 419 555 480 iustitiam
582 418 999 497 ille’suspexit,
1026 418 1374 497 quod-pares
1403 419 1664 496 pondere
1687 420 1905 479 denarii
1932 432 2155 485 essent

62 544 67 549 κ
134 505 189 561 in
215 503 439 581 captiva
463 504 731 582 pecunia,
756 520 882 562 cum
898 502 1164 561 diversae
1191 502 1466 579 imagines
1488 503 2154 581 indicarentaplurihus

132 587 340 646 factos.
397 595 457 646 et
490 585 605 646 hoc
633 603 896 646 maxume
927 585 1286 657 sollicitatus·
1316 586 1388 645 ad
1430 586 1732 645 amicitiam
1762 587 1993 661 legatos
2027 587 2155 647 1111
2175 608 2204 645 5

130 671 281 729 misit
313 670 575 753 principe
611 686 809 728 eorum
833 668 1070 729 Rachia.
1126 686 1201 729 ex
1231 669 1301 726 iis
1332 670 1622 745 cognitum
1645 668 1696 728 D
1724 687 1858 729 esse
1890 671 2150 748 oppida,

132 761 359 831 portum
422 762 622 814 contra
680 752 977 812 meridiem
1035 751 1360 829 adpositum
1419 751 1636 830 oppido
1685 752 2144 814 Palaesimundo

48 846 116 900 86
142 837 385 895 omnium
415 836 493 896 ibi
523 835 843 897 clarissimo
874 852 944 894 ac
973 835 1173 910 regiae
1210 830 1307 893 CC
1337 833 1397 895 Μ
1425 835 1633 912 plebis.
1681 842 1946 912 stagnum
1975 838 2144 897 intus
2317 852 2320 881 ¹

128 919 389 996 Megisba
421 915 779 977 CCCLXXV
816 916 874 977 M
901 926 1173 996 passuum
1217 914 1462 992 ambitu,
1508 917 1724 979 insulas
1769 918 1966 996 pabuli
2005 929 2142 980 tan-

130 1013 247 1063 tum
287 1002 495 1062 fertilis
539 1000 903 1078 conplexum.
993 1018 1067 1059 ex
1115 1017 1188 1061 eo
1227 1001 1374 1061 duos
1418 1002 1598 1060 amnis
1642 1017 1980 1079 erumpere,
2023 1003 2220 1065 Pa-1c
2319 1068 2320 1087 χ

130 1083 540 1145 laesimundum
581 1085 737 1145 iuxta
784 1085 1069 1162 oppidum:
1117 1083 1380 1144 eiusdem
1423 1085 1665 1144 nominis
1700 1085 2039 1144 influentem·
2078 1087 2143 1146 in

128 1176 357 1248 portum
396 1165 476 1225 111
516 1167 735 1242 alveiS,
781 1167 835 1227 V
878 1168 1192 1235 stadiorum
1234 1167 1553 1243 artissimo,
1594 1165 1704 1226 XV
1750 1169 2136 1246 amplissimO,

131 1252 373 1312 alterum
406 1250 474 1310 ad
511 1252 939 1330 septentriones
969 1249 1300 1328 Indiamque
1330 1264 1582 1326 versum,
1618 1248 2133 1327 Gydaranomine.

129 1352 654 1414 proxumum-esse
699 1331 896 1395 India'e
948 1335 1400 1413 promontorium
1444 1334 1884 1411 quod-vocetur
1933 1332 2137 1396 Colia-

131 1437 291 1494 cum,
330 1419 609 1496 quatridui
651 1420 1051 1496 navigatione,
1097 1419 1289 1478 medio
1326 1418 1382 1476 in
1416 1432 1587 1476 cursu
1623 1417 1779 1478 Solis
1810 1418 1995 1478 insula
2027 1436 2135 1479 oc·
2155 1443 2209 1484 15

44 1511 112 1567 87
137 1511 423 1563 currente.
512 1521 669 1563 mare
713 1503 768 1564 id
811 1503 1014 1564 colore
1062 1501 1372 1579 pei-viridi,
1399 1510 1739 1578 *praeterea
1788 1503 2138 1562 fruticosum

130 1586 464 1661 arboribuS,
506 1586 669 1646 iubas
700 1604 893 1645 earum
928 1584 1343 1663 gubernaculis
1375 1583 1803 1644 deterentibus«
1880 1586 2135 1663 Septen-

129 1671 348 1730 triones
381 1669 772 1746 vergiliasque
815 1670 966 1747 apud
998 1686 1105 1727 nos
1135 1669 1315 1741 veluti
1360 1668 1714 1728 novo¹caelo
1754 1669 2133 1745 mirabantur,

129 1771 204 1834 ne
249 1753 455 1823 lunam,
477 1752 705 1831 quidem
745 1752 895 1831 apud
942 1753 1105 1830 ipsos
1159 1752 1269 1811 nisi
1304 1751 1375 1812 ab
1409 1760 1618 1812 octava
1657 1752 1730 1811 ad
1755 1751 1917 1813 XVI.
1950 1770 2133 1831 supra
2239 1778 2244 1785 ·

128 1845 341 1896 terram
372 1836 592 1913 adspici
633 1838 915 1911 fatentes,
964 1834 1261 1914 Canopum
1288 1835 1488 1895 lucere
1517 1836 1819 1912 noctibus,
1855 1836 2014 1897 sidus
2043 1838 2205 1899 ἰπὶ-20

128 1937 275 1999 gens
309 1927 367 1978 et
397 1919 631 1978 clarum.
715 1919 827 1978 sed¹
848 1937 1111 1980 maxume
1142 1921 1343 1979 mirum
1389 1922 1459 1978 iis
1490 1929 1615 1980 erat
1643 1920 1873 1983 umbras
1906 1921 2133 1979 suas-in

128 2001 383 2078 nostrum
418 2002 642 2063 caelum
672 2002 904 2078 cadere,
935 2020 1051 2064 non
1082 2005 1139 2062 in
1172 2021 1355 2079 suum,
1392 2003 1693 2082 solemque
1723 2021 1756 2063 a
1786 2004 1960 2064 laeva·
1989 2003 2133 2063 oriri

45 2095 116 2150 88
142 2095 201 2146 et
228 2088 285 2145 in
324 2085 626 2152 dexteram
650 2087 923 2147 occidere
954 2089 1147 2165 potius
1181 2105 1350 2167 quam
1383 2105 1416 2147 e
1448 2088 1702 2147 diversa
1787 2086 1963 2147 Iidem
1997 2105 2128 2147 nar-

129 2186 334 2230 ravere
379 2169 528 2228 latus
568 2169 789 2229 insulae
833 2171 989 2248 quod
1033 2170 1513 2248 praetenderetur
1556 2170 1751 2232 Indiae
1791 2170 1845 2229 X
1873 2169 1931 2230 Μ
1973 2170 2125 2231 stad.

122 2271 264 2314 esse
289 2253 361 2314 ab
387 2255 610 2313 oriente
639 2252 903 2314 hiberno.
971 2255 1120 2314 ultra
1148 2256 1357 2314 montis
1391 2253 1648 2313 Emodos
1681 2254 1856 2315 Seras
1892 2270 2198 2332 quoquezv,

129 2337 201 2397 ab
233 2338 374 2414 ipsis
405 2337 626 2414 adspici
656 2346 828 2398 notos
851 2339 1028 2398 etiam
1057 2340 1410 2413 conmercio,
1441 2346 1673 2416 ‘patrem
1701 2336 1956 2397 Rachiae
1988 2355 2125 2397 con·-

126 2437 356 2480 measse
390 2415 495 2495 ee,
529 2419 765 2480 advenis
801 2421 911 2480 sibi
943 2422 1118 2481 Seras
1149 2439 1484 2481 occursare.
1574 2422 1735 2499 ipsos
1772 2437 1915 2480 vero
1949 2438 2124 2480 exce·-

129 2504 271 2563 dere
301 2502 591 2564 hominum
617 2505 1088 2581 magnitudinem,
1119 2505 1307 2564 rutilis
1337 2505 1555 2579 comis,
1594 2503 1882 2565 caeruleis
1915 2504 2122 2580 oculis,

130 2587 261 2646 oris·
280 2603 425 2645 sono
454 2589 623 2665 truci,
656 2588 814 2649 nullo
838 2589 1178 2648 ,conmercio
1195 2585 1460 2664 linguae.
1522 2596 1720 2648 cetera
1746 2588 1948 2647 eadem
1977 2595 2124 2664 quae
2311 2613 2320 2652 4

126 2670 309 2730 nostri
349 2673 770 2747 negotiatores.
865 2671 1107 2731 fluminis
1157 2672 1438 2731 ulteriore
1474 2672 1603 2748 ripa
1646 2672 1857 2731 mercis
1902 2673 2191 2749 positasso

126 2754 285 2814 iuxta
312 2755 541 2815 venalia
580 2755 708 2816 tolli
743 2752 815 2814 ab
844 2753 965 2830 his,
1014 2755 1063 2813 si
1093 2754 1327 2832 placeat
1377 2756 1759 2833 permutatio,
1812 2770 1926 2813 non
1958 2753 2126 2824 aliter

129 2837 264 2897 odio
315 2838 558 2897 iustiore
599 2836 862 2898 luxuriae
914 2855 1084 2914 quam
1124 2840 1500 2917 siperducta
1546 2856 1709 2898 mens
1754 2838 1894 2897 illuc
1938 2854 2122 2915 usque

43 2926 114 2982 89
134 2921 354 2996 cogitet
391 2920 533 3008 quid
568 2930 626 2980 et
665 2938 788 2999 -quo
834 2929 1065 2997 petatur
1107 2930 1165 2980 et
1208 2939 1407 2999 quare.
1500 2922 1618 2981 Sed
1662 2930 1744 2994 ne·
1783 2920 2123 2999 Taprobane

127 3003 387 3079 quidem,
429 3004 688 3082 quam-vis
721 3003 886 3064 extra
921 3003 1124 3063 orbem
1155 3022 1188 3064 a
1216 3009 1419 3064 natura
1453 3005 1751 3081 relegata,
1795 3004 2013 3064 nostris
2040 3005 2120 3063 vi‹⁴

125 3086 219 3143 tiis
252 3096 432 3146 caret.
508 3105 705 3148 aurum
745 3096 1162 3164 argentumque
1192 3097 1250 3158 et
1289 3087 1368 3147 ibi
1400 3090 1458 3148 in
1490 3090 1702 3166 pretio.
1763 3097 2011 3166 marmor
2036 3091 2210 3147 te-as'

126 3167 366 3229 studinis
425 3170 641 3245 simile,
701 3173 1045 3246 margaritae
1087 3185 1468 3248 gemmaeque
1528 3173 1584 3230 in
1631 3172 1856 3231 honore
1920 3171 2117 3247 multo,

125 3252 697 3328 praestantiorumet
726 3255 900 3313 totius
946 3251 1207 3314 lnx'uriae
1237 3261 1473 3314 nostrae
1505 3256 1814 3314 cumulus‘n
1857 3253 2117 3331 Ipsorum

127 3348 274 3411 opes
304 3335 553 3394 maiores
586 3353 720 3396 esse
752 3335 1053 3413 dicebant,
1101 3336 1208 3397 sed
1242 3338 1393 3417 apud
1429 3354 1537 3398 nos
1582 3338 1915 3416 'opulentiae
1944 3338 2115 3397 maio-
