2320 3650
98 96 219 158 230
572 176 577 183 ,
829 107 889 155 e.
915 106 1105 154 1>er
1137 98 1433 154 saccum

98 264 306 339 tingat,
368 261 426 320 in
471 259 717 339 quodam
758 258 887 320 lacu
930 258 1243 336 hospitari,
1298 258 1433 318 inde
1480 258 1673 318 lenem
1714 257 1932 333 fluere,
1995 257 2102 318 ubi

98 348 432 420 minumum,
501 342 609 403 vll
673 343 828 403 milia
894 359 1166 421 passuum
1230 341 1557 417 latitudine,
1631 341 1731 401 ubi
1757 390 1760 393 Α
1785 341 2099 417 modicum,

97 424 409 489 stadiorum
445 425 527 504 C,
569 427 863 487 altitudine
905 443 1183 503 nusquam
1226 426 1449 485 minore
1483 442 1765 505 ‚passuum
1787 422 1939 500 XX,
1990 440 2099 482 no-

96 513 329 571 vissima
384 519 561 589 gente
605 509 986 586 Gangaridum
1031 507 1415 586 Calingarum.
1493 509 1658 587 regia
1693 507 1949 569 ‘Protalis
1990 524 2100 566 vo·

99 605 279 655 catur.
2127 611 2154 649 5

13 687 80 741 66
211 679 305 739 19.
359 678 509 754 Regi
530 676 630 737 LX
651 676 710 736 M
735 676 1005 755 peditum,
1032 677 1257 754 equites
1283 673 1362 749 M,
1387 674 1679 753 elephanti
1702 671 1856 734 DCC
1882 675 1939 734 in
1961 692 2099 753 pr-o-
2170 744 2175 747 γ

100 765 285 822 cinctu
302 761 586 822 bellorum
612 759 917 820 excubant.
952 777 1199 837 namque
1212 759 1329 819 vita
1345 758 1665 819 mitioribus
1681 757 1914 837 populis
1928 757 2101 818 Indo-

98 865 221 905 rum
244 846 612 924 multipartita
642 845 887 920 degitur.
955 844 1222 903 tellurem
1254 852 1562 919 exercent,
1594 838 1849 903 militiam
1874 842 1974 903 alii
2003 860 2102 902 ca*

101 939 359 1008 pessunt,
383 930 595 987 mercis
606 927 702 988 alii
726 945 861 987 suas
875 927 1125 987 evehunt
1141 936 1530 1004 externasque
1548 927 1844 1003 invehunt,
1859 942 1971 985 ⁴res
1994 942 2102 1004 pu·

100 1014 286 1073 blicas
312 1013 509 1090 optimi
536 1011 912 1089 ditissimique
932 1019 1289 1088 temperant,
1321 1011 1531 1070 iudicia
1550 1011 1801 1070 reddunt
1816 1052 1842 1086 ‚,
1858 1009 2105 1086 regibus
2127 1027 2181 1067 ie

102 1097 381 1157 adsident.
429 1096 679 1173 quintum
689 1112 882 1171 genus
902 1094 1235 1154 celebratae
1260 1093 1384 1171 illic
1406 1102 1465 1153 et
1480 1100 1667 1173 prope
1688 1095 1744 1153 in
1754 1094 2104 1169 religionem

99 1197 309 1255 versae
347 1180 664 1256 sapientiae
705 1178 959 1238 deditum
981 1178 1301 1238 voluntaria
1326 1195 1559 1256 semper
1582 1185 1768 1237 morte
1800 1179 2104 1236 vitamae·

102 1281 281 1323 censo
301 1264 457 1341 prius
472 1278 620 1338 rogo
636 1262 773 1322 finit.
806 1280 975 1322 unum
985 1280 1162 1341 super
1172 1261 1320 1322 haec
1336 1270 1426 1320 est
1441 1261 1770 1321 semiferum
1784 1278 1854 1320 ac
1867 1261 2106 1338 plenum

102 1345 317 1406 laboris
344 1348 585 1406 inmensi
613 1355 704 1423 et,
752 1363 868 1426 quo
899 1364 1075 1424 supra
1105 1346 1257 1406 dicta
1290 1345 1673 1420 continentur,
1703 1343 1952 1405 venandi
1978 1343 2103 1402 ele-

7 1463 10 1467 *
103 1429 346 1507 phantes
378 1430 777 1508 domandique.
830 1430 920 1490 his
951 1438 1146 1504 arant,
1190 1429 1279 1489 his
1312 1427 2105 1571 vehunturfflecfmaxume
2128 1441 2182 1482 15

106 1531 324 1573 novere
371 1515 676 1592 pecuaria,
720 1513 823 1573 his
850 1513 1093 1573 militant
1119 1513 1504 1590 dimicantque
1536 1530 1606 1591 pr
1727 1510 1946 1570 nibus,
1999 1511 2105 1571 de*-

20 1604 85 1658 67
112 1597 322 1658 lectum
361 1600 418 1657 in
451 1597 609 1657 bella
637 1599 794 1656 vires
832 1606 894 1656 et
925 1605 1085 1656 aetas
1116 1605 1291 1674 atque
1322 1585 1650 1672 magnitud‘o
1687 1595 1922 1655 faciunt.
2010 1593 2106 1654 In-

14 1698 19 1703 ·
102 1681 226 1740 sula
283 1682 338 1739 in
391 1680 601 1757 Gange·
648 1687 739 1739 est
796 1697 1037 1756 magnae
1096 1679 1479 1756 amplitudinis
1518 1689 1752 1756 gentem
1800 1679 2105 1739 continens

105 1782 291 1840 unam,
334 1766 560 1822 nomine
589 1762 1075 1840 Modogalingam.
1149 1763 1313 1823 Ultra
1343 1764 1436 1822 siti
1465 1771 1597 1822 sunt
1624 1762 1936 1839 Modubae,
1978 1761 2106 1821 Mo-

76 1841 317 1923 lindae,
362 1847 592 1907 Uberae
627 1865 753 1906 cum
783 1848 1000 1924 oppido
1034 1846 1292 1906 eiusdem
1326 1847 1568 1907 nominis
1602 1848 1930 1924 magnifico,
1976 1844 2103 1905 Mo·
2126 1876 2182 1916 20

106 1930 282 2005 dresi,
321 1930 494 2005 Preti,
544 1929 781 2006 Caloae,
825 1932 1042 2006 Sasuri,
1081 1930 1352 2006 Fasulae,
1400 1928 1685 2006 Colobae,
1732 1927 2105 2005 Orumcolae,

109 2012 312 2089 Abali,
340 2013 673 2073 'Thalutae.-
717 2032 824 2074 rex
866 2015 1068 2074 horum
1096 2015 1352 2093 peditum
1380 2014 1423 2075 L
1456 2014 1546 2090 M,
1593 2012 1985 2093 equitum->1111
2019 2011 2103 2089 M,

107 2095 542 2174 elephantorum
582 2095 791 2157 CCCC.
818 2100 875 2158 in
917 2100 1085 2158 armis
1128 2099 1321 2159 habet.
1408 2098 1672 2159 validior
1702 2097 1880 2158 deind
2075 2114 2107 2155 s

106 2179 404 2256 Andarae,
448 2181 723 2259 plurumis
756 2182 934 2257 vicis,
980 2181 1146 2242 XXX
1180 2183 1407 2261 oppidis
1438 2175 1587 2260 qnae
1617 2182 1791 2241 muris
1824 2190 1845 2241 t
2043 2198 2105 2239 s·
2193 2223 2208 2232 .

109 2281 221 2340 que
270 2267 618 2341 muniuntur,
672 2266 1091 2343 regi-praebet
1129 2267 1385 2345 peditum
1428 2263 1473 2325 C
1520 2264 1616 2341 M,
1669 2261 2183 2343 equitum-MMsts

109 2346 451 2423 elephantos
484 2347 562 2407 Μ.
637 2349 972 2414 fertilissimi
1013 2357 1144 2408 sunt
1186 2352 1308 2409 auri
1341 2348 1601 2424 Dardae,
1649 2349 1826 2410 Setae
1865 2362 2010 2407 vero
2045 2356 2107 2407 et

24 2438 93 2492 68
117 2434 359 2506 argenti.
421 2432 527 2491 sed
557 2433 743 2491 omnia
771 2434 829 2492 in
859 2432 1017 2492 India
1042 2450 1265 2511 prope,
1309 2449 1424 2491 non
1456 2432 1628 2492 modo
1659 2434 1717 2491 in
1746 2433 1860 2492 hoc
1892 2439 2102 2506 tractu,

110 2516 365 2592 potentia
407 2515 783 2593 claritateque
833 2516 1181 2577 antecedunt
1212 2516 1393 2576 Prasii
1435 2515 1783 2594 amplissima
1827 2514 1973 2575 urbe
2020 2514 2103 2573 di·
2151 2522 2157 2526 “

110 2599 442 2676 tissimaque
495 2597 857 2676 Palibothra,
920 2600 1069 2659 unde
1124 2600 1352 2680 quidam
1411 2601 1602 2678 ipsam·
1657 2600 1891 2676 gentem
1954 2597 2101 2680 Pali·

108 2681 348 2741 bothros
383 2690 613 2756 vocant,
647 2684 815 2741 immo
839 2700 982 2741 vero
1014 2681 1254 2743 tractum
1284 2685 1618 2742 universum
1637 2701 1674 2744 a
1705 2682 1926 2759 Gange.
1965 2684 2101 2758 ¹regi
2123 2703 2180 2746 ao

111 2782 307 2825 eorum
331 2766 584 2908 peQdum
599 2764 701 2825 DC
724 2764 802 2840 M,
831 2763 1082 2843 equitum
1095 2765 1260 2826 XXX
1280 2766 1357 2842 M,
1385 2767 1822 2845 elephantorum
1836 2764 1999 2826 VIIII
2021 2763 2101 2842 M,

109 2866 216 2926 per
247 2851 427 2908 omnis
506 2852 592 2908 ies
629 2850 1070 2927 stipendiantur,
1112 2850 1263 2910 unde
1308 2853 1672 2911 coniectatio
1695 2845 1898 2927 ingens
1930 2865 2105 2926 opum

25 2939 93 2995 69
117 2942 224 2991 est.
283 2932 375 2992 Ab
404 2933 493 2992 his
528 2933 585 2991 in
618 2933 894 2992 interiore
916 2935 1026 2992 situ
1051 2932 1332 2993 Monedes
1366 2944 1424 2994 et
1446 2935 1632 3009 Suari,
1666 2949 1910 3012 quorum
1937 2948 2103 2992 mons
2211 2929 2228 2942 ⁶

109 3015 331 3076 Maleus
372 3018 429 3076 in
463 3032 594 3095 quo⁴
624 3016 859 3075 umbrae
891 3017 963 3077 ad
1003 3019 1457 3095 septentrionem
1498 3013 1706 3077 cadunt
1741 3018 1962 3092 hieme,
2004 3032 2103 3075 ae-

110 3107 258 3157 state
286 3101 342 3157 in
370 3107 654 3175 austrum,
687 3117 794 3178 per
816 3115 998 3159 senos
1033 3118 1283 3160 menses.
1351 3099 1782 3179 septentriones
1812 3118 1888 3160 eo
1911 3106 2102 3160 tractu
2121 3116 2175 3158 35
2217 3123 2258 3142 -

111 3181 292 3240 semel
324 3199 469 3241 anno
502 3183 806 3261 adparere,
836 3200 949 3243 nec
983 3185 1090 3243 nisi
1120 3184 1231 3244 XV
1252 3180 1477 3260 diebus,
1502 3184 1721 3244 Baeton
1757 3193 1960 3244 auotor
1990 3190 2100 3256 est,

109 3264 223 3323 hoc
256 3265 406 3325 idem
442 3265 700 3342 pluribus
737 3267 883 3329 locis
912 3265 1106 3328 Indiae
1140 3268 1267 3327 fleri
1296 3267 1723 3344 Megasthenes.
1791 3269 2103 3328 austrinum

113 3347 306 3423 polum
344 3347 466 3407 Indi
499 3348 767 3409 Diamasa
793 3359 1023 3410 vocant.
1107 3351 1306 3409 Amnis
1337 3349 1696 3412 Iomanes’in
1723 3348 1965 3428 Gangen
1993 3360 2104 3428 pet*
