2320 3650
186 103 261 164 66
905 113 962 160 c.
997 115 1186 160 mum
1218 112 1514 160 saeuum

187 267 628 346 appellantium,
669 268 775 327 sed
820 277 877 327 et
924 276 1257 345 argumenta
1295 285 1486 326 rerum
1527 267 1770 341 docent,
1820 284 1934 325 non
1979 268 2171 327 solum

189 351 319 431 quia
351 353 481 412 talis
526 351 704 427 figura
752 352 1010 410 omnibus
1057 353 1143 410 sui
1177 351 1431 428 partibus
1472 351 1661 426 vergit
1696 351 1750 408 in
1782 369 1919 409 sese
1953 369 2024 410 ac
2056 352 2172 410 sihi

186 439 312 514 ipsa
347 435 643 494 toleranda
679 444 768 494 est
798 454 981 514 seque
1015 434 1249 494 includit
1281 443 1338 493 et
1374 436 1625 493 continet
1669 434 1949 493 nullarum
1981 453 2173 511 egens

189 536 508 596 conpagum
551 537 662 578 nec
706 519 874 578 finem
918 528 1010 578 aut
1052 520 1266 577 initium
1312 518 1441 578 ullis
1475 519 1559 576 sui
1595 517 1852 594 partibus
1883 521 2170 593 sentienS,

186 621 296 662 nec
332 604 460 681 quia
492 603 562 662 ad
594 611 833 678 motum,
885 621 998 681 quo
1031 602 1271 661 subinde
1313 603 1460 660 verti
1505 619 1640 660 mox
1671 600 2004 678 adparebit,
2037 602 2171 662 talis
2196 618 2219 656 5

188 687 476 765 aptissima
509 695 628 762 est,
682 687 790 746 sed
820 686 1116 745 oculorum
1148 702 1378 764 quoque
1413 685 1790 762 probatione,
1840 685 1997 762 quod
2032 703 2173 745 con-

184 789 365 830 vexus
408 731 743 848 medius’que
788 788 1143 848 quacumque
1191 776 1488 844 cernatur,
1538 787 1663 827 cum
1696 769 1753 828 id
1795 769 2070 829 accidere
2115 771 2177 828 in

186 855 295 915 alia
327 872 438 913 non
469 852 653 932 possit
684 854 882 931 ligura.

130 946 162 998 6
309 937 365 997 3.
403 937 525 1016 (3.)
551 937 708 995 Hanc
735 954 876 1013 ergo
905 937 1144 996 formam
1169 938 1292 995 eius
1317 945 1557 995 aeterno
1583 944 1639 995 et
1663 936 1986 1015 inrequieto
2011 936 2173 996 amh-

186 1024 297 1095 itu,
350 1020 714 1079 inenarrabili
762 1020 1095 1096 celeritate,
1141 1021 1339 1096 viginti
1385 1028 1651 1097 quattuor
1679 1019 1950 1079 horarum
1981 1023 2245 1098 spatium

189 1104 497 1180 circumagi
534 1104 676 1162 solis
713 1113 948 1162 exortus
1002 1113 1059 1162 et
1111 1121 1358 1162 occasus
1401 1103 1536 1162 haut
1578 1103 1806 1162 dubium
1850 1104 2174 1182 reliquere.

186 1189 275 1246 An
312 1190 383 1246 sit
420 1189 704 1245 inmensus
740 1197 796 1246 et
830 1188 962 1246 ideo
996 1206 1225 1246 sensum
1260 1188 1474 1246 aurium
1507 1187 1801 1246 excedens
1831 1197 2022 1246 tantae
2050 1206 2176 1247 mo-

187 1272 258 1331 lis
302 1280 522 1330 rotatae
563 1273 847 1348 vertigine
895 1272 1130 1330 adsidua
1183 1273 1399 1330 sonitus
1430 1288 1545 1329 non
1577 1272 1844 1348 equidem
1875 1271 2051 1331 facile
2089 1273 2176 1331 di-

187 1356 389 1430 xerim,
422 1373 554 1429 non,
587 1355 862 1429 Hercule,
894 1356 1077 1431 magis
1109 1374 1274 1433 quam
1309 1356 1780 1414 circumactorum
1812 1355 1976 1415 simul
2006 1356 2176 1414 tinni-

188 1449 277 1498 tus
313 1439 562 1501 siderum
605 1456 858 1517 suosque
900 1440 1251 1499 volventium
1299 1439 1456 1497 orbis
1500 1457 1571 1497 an
1601 1438 1807 1507 dulcis
1852 1439 2081 1517 quidam
2114 1450 2176 1500 et
2198 1462 2246 1501 15

187 1523 511 1583 incredibili
544 1525 822 1583 suavitate
860 1532 1195 1583 concentuS.
1258 1523 1425 1582 nobis
1456 1522 1552 1600 qui
1587 1523 1733 1581 intus
1766 1525 1986 1599 agimus
2017 1524 2178 1583 iuxta

133 1617 161 1671 7
189 1607 394 1668 diebus
424 1607 805 1686 noctibusque
849 1610 1053 1667 tacitus
1099 1606 1309 1666 labitur
1342 1607 1598 1669 munduS.
1661 1605 1812 1665 Esse
1845 1609 2177 1667 innumeras

189 1693 241 1750 ei
279 1691 508 1767 effigies
543 1692 860 1751 animalium
895 1710 1202 1770 rerumque
1237 1700 1561 1750 cunctarum
1605 1690 1902 1767 inpressas
1933 1707 2082 1765 nec,
2115 1700 2180 1750 ut

132 1827 151 1836 ..
188 1777 244 1833 in
274 1773 571 1834 volucrum
606 1785 864 1835 notamus
896 1777 1053 1851 oviS,
1098 1775 1368 1835 laevitate
1415 1770 1680 1835 continua
1725 1773 2016 1850 lubricum,
2041 1791 2172 1835 cor-

188 1878 315 1937 puS,
351 1859 504 1937 quod
537 1860 836 1918 clarissimi
881 1870 1149 1919 auctores
1194 1859 1426 1933 dixere,
1473 1876 1665 1918 rerum
1707 1860 2058 1935 argumentis
2089 1861 2246 1939 in-zn

190 1943 443 2018 dicatur,
481 1945 743 2020 quoniam
779 1944 911 2002 inde
946 1943 1207 2004 deciduis
1242 1961 1431 2004 rerum
1466 1944 1710 2001 omnium
1743 1942 2058 2002 seminibus
2088 1945 2174 2003 in-

188 2045 478 2101 numerae,
512 2027 568 2084 in
598 2028 735 2085 mari
768 2029 1110 2105 praecipue,
1145 2046 1214 2085 ac
1244 2026 1582 2105 plerumque
1620 2026 1877 2085 confusis
1907 2029 2178 2086 monstri-

190 2110 348 2172 ficae.
380 2111 680 2186 gignantur
724 2111 985 2186 efligieS,
1039 2120 1345 2189 praeterea
1389 2111 1547 2169 visus
1597 2110 1980 2188 probatione,
2035 2111 2178 2170 alibi

188 2195 325 2268 ursi,
372 2195 514 2254 tauri
561 2194 731 2269 alibi,
778 2194 914 2255 alibi
946 2194 1175 2254 litterae
1207 2194 1421 2270 figura,
1472 2195 1804 2253 candidiore
1836 2195 2029 2254 medio
2066 2213 2178 2273 per

132 2287 166 2339 8
187 2278 462 2337 verticem
500 2278 736 2337 circulo,
798 2280 854 2338 4.
890 2276 1173 2356 Equidem
1207 2287 1263 2336 et
1296 2294 1584 2337 consensu
1616 2280 1872 2354 gentium
1903 2296 2170 2338 moveor.
2196 2301 2246 2340 25

187 2379 312 2420 nam
346 2380 513 2440 quem
550 2359 768 2438 κόσμου
800 2363 1007 2422 Graeci
1039 2364 1263 2421 nomine
1299 2363 1612 2420 ornamenti
1638 2361 2020 2439 appellavere
2044 2381 2179 2422 eum

190 2453 247 2503 et
290 2463 395 2504 nos
447 2465 478 2505 a
528 2446 790 2523 perfecta
836 2445 1218 2524 absolutaque
1272 2444 1560 2522 elegantia
1603 2446 1886 2505 mundum.
1951 2446 2179 2507 caelum

189 2528 417 2606 quidem
448 2528 580 2588 haut
612 2529 783 2590 dubie
815 2529 1022 2589 caelati
1053 2539 1387 2606 argumento
1422 2530 1695 2604 diximus,
1741 2537 1800 2587 ut
1830 2530 2179 2608 interpreta-

131 2622 276 2678 9tur
317 2611 391 2672 M.
436 2612 642 2672 Varro.
707 2613 954 2674 Adiuvat
1006 2632 1196 2674 rerum
1251 2614 1394 2672 ordo
1434 2613 1746 2692 descripto
1796 2614 2019 2673 circulo
2078 2617 2179 2693 qui

185 2696 429 2772 signifer
470 2706 710 2756 vocatur
760 2699 814 2755 in
860 2698 1167 2757 duodecim
1198 2697 1518 2756 animalium
1552 2696 1781 2773 efligies
1814 2705 1871 2755 et
1902 2715 2013 2776 per
2042 2698 2178 2759 illas
2199 2715 2248 2758 so

188 2780 330 2839 solis
363 2800 564 2840 cursus
595 2799 922 2858 congruens
952 2790 1035 2840 tot
1066 2780 1318 2841 saeculis
1348 2781 1515 2839 ratio.

107 2879 173 2929 10
312 2864 369 2923 5.
407 2865 530 2943 (4.)
555 2869 680 2928 Nec
705 2866 776 2924 de
803 2865 1104 2925 elementis
1132 2865 1307 2924 video
1341 2864 1585 2925 dubitari
1610 2873 1877 2943 quattuor
1906 2881 2048 2924 esse
2083 2883 2175 2925 ea.

186 2948 396 3023 ignium
423 2968 713 3018 summum,
746 2950 878 3008 inde
904 2956 988 3007 tot
1016 2949 1311 3008 stellarum
1337 2948 1471 3007 illos
1496 2949 1918 3008 conlucentium
1945 2950 2176 3024 oculoS,

188 3048 518 3108 proxumum
555 3035 820 3109 spirituS,
867 3051 1036 3110 quem
1073 3032 1280 3092 Graeci
1308 3032 1604 3111 nostrique
1636 3031 1845 3092 eodem
1880 3033 2177 3094 vocabulo

189 3131 325 3174 aera
358 3116 681 3193 appellant,
730 3115 965 3196 vitalem·
1002 3115 1151 3176 hunc
1186 3126 1243 3175 et
1273 3135 1380 3194 per
1412 3124 1615 3176 cuncta
1644 3134 1835 3175 rerum
1866 3116 2253 3180 meabilemas

188 3205 426 3276 totoque
462 3210 803 3259 consertum.
846 3199 1009 3258 huius
1039 3202 1094 3258 vi
1127 3218 1466 3278 suspensam
1499 3219 1625 3260 cum
1656 3208 1859 3278 quarto
1898 3219 2183 3279 aquarum

108 3290 170 3340 ll
191 3279 478 3341 elemento
515 3282 711 3341 librari
751 3283 942 3342 medio
989 3285 1136 3362 spati
1188 3284 1473 3343 tellurem.
1545 3283 1627 3343 lta
1658 3292 1849 3343 mutuo
1881 3284 2184 3363 conplexu

192 3364 538 3425 diversitatis
584 3365 736 3425 effici
783 3384 990 3434 nexum
1033 3376 1090 3426 et
1144 3368 1296 3427 levia
1344 3367 1698 3446 ponderibus
1751 3366 2006 3436 inhiberi
2063 3385 2184 3449 quo
2265 3361 2295 3587 Ι
