2320 3650
137 81 256 142 102
887 91 947 141 c,
983 93 1175 141 Pmm
1207 84 1506 143 sncmvm

134 248 329 308 sidere
378 263 514 325 pars
563 254 683 307 tota
725 263 980 323 vergens
1023 247 1081 306 in
1117 243 1386 325 Caspium
1425 264 1584 307 mare
1626 247 2000 326 pernavigata
2041 261 2134 311 est
2199 240 2204 246 ’

133 330 514 392 Macedonum
558 330 728 390 armis
783 330 1036 389 Seleuco
1084 338 1257 407 atque
1287 328 1577 390 Antiocho
1616 332 1991 408 regnantibus
2034 336 2129 413 qui

49 426 152 483 168
173 422 229 474 et
259 413 570 474 Seleucida
616 421 675 472 et
716 412 1058 474 Antiochida
1099 413 1172 473 ab
1215 414 1359 492 ipsis
1404 414 1689 492 appellari
1727 415 1989 476 voluere.
2055 416 2176 499 Et

134 500 288 561 circa
312 494 581 575 Caspium
603 496 777 556 multa
809 497 1013 557 oceani
1044 496 1212 556 litora
1239 496 1539 574 explorata
1570 514 1867 577 parvoque
1895 480 2176 571 brevius

132 600 300 663 quam
322 588 473 639 totus
496 579 628 639 hinc
651 588 746 639 aut
766 580 924 639 illinc
943 581 1264 658 septentrio
1288 581 1657 657 eremigatus,
1693 590 1755 641 ut
1777 591 1965 642 tamen
1990 600 2125 644 con·
2154 605 2179 644 s

129 669 386 726 iecturae
410 663 602 723 locum
626 664 712 722 sic
743 680 972 741 quoque
1003 680 1117 721 non
1141 663 1446 741 relinquat.
1493 662 1705 761 Ingens
1735 675 2136 742 argumentum

131 748 358 829 paludis
391 745 749 822 Maeoticae,
797 747 921 806 sive
969 764 1039 807 ea
1070 746 1224 806 illius
1259 747 1462 807 oceani
1498 748 1653 807 sinus
1686 757 1794 824 est,
1833 758 1891 808 ut
1919 749 2129 810 multos

130 833 369 893 adverto
423 829 778 904 credidisse,
829 831 964 889 sive‘
1007 838 1248 906 angusto
1301 830 1538 890 discreti
1592 832 1703 890 situ
1751 834 2123 909 restagnatio.

130 916 264 975 Alio
290 915 473 974 latere
502 910 737 972 Gadium
768 911 838 972 ab
877 913 1084 973 eodem
1115 912 1420 973 occidente
1444 928 1647 990 magna
1673 931 1809 992 pars
1830 914 2127 975 meridiani

130 1000 287 1058 sinus
320 995 530 1056 ambitu
564 994 953 1056 Mauretaniae
997 998 1296 1074 navigatur
1322 994 1517 1056 bodie.
1583 996 1860 1057 Maiorem
1894 999 2125 1076 quidem
2146 1018 2199 1061 10
2295 1004 2302 1015 '

131 1083 256 1141 eius
287 1087 508 1158 partem
540 1086 598 1138 et
629 1078 866 1139 orientis
895 1079 1176 1140 victoriae
1218 1081 1409 1156 magni
1438 1079 1757 1140 Alexandri
1801 1082 2125 1143 lustravere

127 1182 313 1242 usque
344 1164 401 1220 in
422 1160 732 1221 Arabicum
764 1163 964 1237 sinum,
998 1164 1052 1221 in
1089 1180 1203 1240 quo
1234 1179 1333 1221 res
1362 1172 1606 1239 gerente
1632 1161 1697 1222 C.
1724 1161 1978 1225 Caesare
2005 1166 2123 1226 Au·

130 1248 283 1325 gusti
313 1245 431 1305 filio
463 1245 626 1322 signa
659 1247 885 1306 navium
920 1264 996 1305 ex
1024 1245 1501 1327 Hispaniensibus
1531 1246 1844 1345 naufragiis
1867 1248 2127 1309 feruntur

46 1338 148 1395 169
172 1330 378 1408 agnita.
432 1327 508 1387 Et
535 1328 734 1389 Hanno
769 1327 1126 1406 Carthaginis
1154 1330 1409 1406 potentia
1433 1328 1678 1390 florente
1705 1331 2128 1392 circumvectus

126 1434 160 1475 a
194 1412 443 1474 Gadibus
473 1412 547 1472 ad
576 1412 746 1473 finem
779 1413 1030 1473 Arabiae
1070 1413 1493 1490 navigationem
1529 1428 1654 1473 eam
1690 1414 1942 1492 prodidit
1979 1417 2199 1475 scri-15

125 1507 261 1578 pto,
309 1498 456 1556 sicut
484 1496 555 1556 ad
589 1506 790 1557 extera
823 1495 1095 1575 Europae
1139 1496 1435 1556 noscenda
1473 1497 1683 1556 missus
1728 1498 1937 1557 eodem
1982 1507 2124 1560 tem·

125 1598 274 1661 pore
317 1579 581 1642 Himilco.
642 1580 954 1640 Praeterea
997 1578 1202 1657 Nepos
1222 1577 1539 1639 Cornelius
1568 1589 1769 1639 auctor
1811 1590 1900 1640 est
1928 1580 2124 1641 Eudo·

125 1683 261 1729 xum
284 1663 567 1743 quendam
599 1680 700 1722 sua
731 1672 945 1737 aetate,
980 1680 1106 1723 cum
1127 1662 1433 1738 Lathyrum
1459 1681 1664 1740 regem
1695 1663 1945 1741 fugeret,
1977 1665 2123 1725 Ara-

126 1748 261 1808 bico
294 1748 417 1807 sinu
459 1742 761 1824 egressffm
803 1746 978 1807 Gadis
1024 1764 1209 1825 usque
1247 1755 1615 1825 pervectum,
1663 1747 1957 1824 multoque
1990 1758 2123 1809 ante

128 1851 259 1893 eum
291 1829 522 1891 Caelius
552 1831 855 1909 Antipater
883 1830 1100 1891 vidisse
1134 1849 1200 1891 se
1237 1832 1331 1908 qui
1376 1833 1707 1908 navigasset
1742 1850 1818 1892 ex
1846 1831 2120 1911 Hispania
2141 1854 2198 1895 πο

42 1918 183 1981 170
167 1936 224 1976 ιιι
257 1914 624 1993 Aethiopiam
654 1915 945 1973 conmerci
980 1916 1183 1991 gratia.
1248 1914 1408 1975 Idem
1437 1913 1639 1993 Nepos
1675 1916 1749 1976 de
1780 1917 2124 1993 septentrio-

125 2000 242 2060 nali
279 1998 516 2072 circuitu
556 1998 725 2058 tradit
760 1995 969 2070 Quinto
1001 1997 1240 2058 Metello
1274 1996 1469 2060 Celeri
1499 1998 1562 2058 L.
1595 1998 1798 2058 Afrani
1828 1999 1884 2057 in
1916 2016 2124 2059 consu·

125 2083 243 2143 latu
281 2081 572 2158 collegae,
606 2080 711 2140 sed
745 2089 860 2141 tum
891 2080 1111 2143 Galliae
1140 2081 1497 2160 proconsuli,
1529 2081 1703 2143 Indos
1737 2100 1770 2142 a
1798 2100 1945 2159 rege
1978 2085 2123 2144 Sue-

124 2182 327 2226 vorum
358 2165 509 2225 dono
548 2165 743 2240 datos,
795 2165 890 2243 qui
934 2184 1009 2225 ex
1050 2161 1209 2225 India
1246 2166 1537 2225 conmerci
1574 2183 1748 2227 causa
1782 2167 2124 2265 navigantes

123 2248 564 2327 tempestatibus
610 2258 806 2308 essent
850 2249 907 2307 in
939 2248 1298 2311 Germaniam
1337 2247 1583 2327 abrepti.
1646 2251 1746 2309 Sic
1791 2251 1967 2310 maria
2010 2250 2120 2309 eir·
2142 2269 2195 2310 25

129 2333 384 2393 cumfusa
417 2332 664 2411 undique
705 2331 937 2393 dividuo
985 2331 1176 2411 globo
1205 2341 1426 2412 partem
1468 2331 1627 2392 orbis
1657 2332 1919 2393 auferunt
1951 2332 2123 2393 nobis

124 2434 238 2476 nec
268 2415 401 2475 inde
435 2415 548 2476 huc
581 2433 692 2476 nec
722 2415 856 2477 hinc
889 2416 990 2477 illo
1024 2417 1228 2495 pervio
1251 2424 1456 2476 tractu.
1510 2414 1673 2488 Quae
1707 2416 2121 2495 contemplatio

126 2509 260 2578 apta
291 2499 655 2576 detegendae
684 2500 1003 2560 mortalium
1035 2500 1269 2560 vanitati
1310 2515 1563 2576 poscere
1592 2499 1818 2559 videtur
1848 2509 1908 2559 ut
1941 2508 2121 2559 totum

125 2582 240 2643 hoc
273 2583 547 2661 quidquid
579 2593 668 2643 est
697 2586 754 2643 in
784 2601 897 2662 quo
930 2584 1182 2661 singulis
1201 2582 1339 2643 nihil
1370 2583 1509 2643 satis
1540 2592 1629 2643 est
1659 2600 1768 2643 ceu
1800 2581 2119 2644 subiectum

127 2666 313 2727 oculis
345 2675 610 2743 quantum
642 2668 714 2726 sit
744 2667 1061 2726 ostendam.
2141 2680 2193 2723 so

44 2755 143 2812 171
274 2747 374 2811 68.
411 2749 576 2829 (68.)
612 2749 729 2810 Iam
761 2752 999 2828 primum
1030 2751 1087 2810 in
1118 2751 1351 2811 dimidio
1376 2749 1673 2827 conputari
1701 2749 1948 2826 videtur,
1980 2758 2121 2811 tam-

127 2850 294 2911 quam
322 2833 477 2900 nulla
501 2835 690 2911 portio
721 2835 832 2912 ipsi
859 2833 1158 2895 decidatur
1183 2850 1429 2908 oceano,
1463 2834 1559 2912 qui
1589 2842 1710 2892 toto
1739 2833 2124 2894 circumdatus
2177 2863 2194 2882 ι

123 2917 316 2976 medio
350 2926 410 2976 et
442 2918 625 2976 omnis
662 2926 891 2977 ceteras
925 2918 1172 2977 fundens
1215 2918 1623 2995 recipiensque
1655 2933 1832 2993 aquas
1868 2925 1926 2975 et
1957 2916 2120 2994 quid-

127 2999 283 3076 quid.
304 3000 423 3059 exit
451 3001 509 3059 in
541 2999 745 3075 nubis,
793 3017 863 3060 ac
894 3001 1084 3060 sidera
1117 3003 1247 3079 ipsa
1287 3008 1372 3060 tot
1403 3009 1461 3060 et
1489 3008 1680 3059 tantae
1716 2999 2122 3074 magnitudinis

128 3099 399 3159 pascens,
427 3099 540 3161 quo
565 3083 793 3143 tandem
809 3084 1193 3162 amplitudinis
1210 3084 1395 3163 spatio
1414 3082 1683 3142 credetur
1704 3082 1965 3142 habitare
1975 3079 2119 3143 ‘Hu-
2140 3099 2194 3143 35

43 3171 144 3226 172
164 3163 347 3242 proba
367 3173 425 3225 et
453 3165 664 3227 infinita
688 3166 866 3226 debet
888 3184 1023 3227 esse
1039 3175 1152 3227 tam
1174 3176 1371 3227 vastae
1396 3166 1571 3227 molis
1597 3166 1918 3243 possessi&
1947 3164 2120 3228 Adde

128 3247 282 3325 quod
314 3266 390 3307 ex
417 3248 625 3325 relicto
657 3249 786 3328 plns
816 3249 1048 3309 abstulit
1081 3250 1324 3310 caelum.
1357 3266 1486 3309 nam
1519 3266 1644 3307 cum
1667 3249 1779 3308 sint
1801 3249 1925 3307 eius
1956 3249 2119 3326 quin·

127 3346 239 3412 que
262 3339 480 3411 partes,
515 3349 658 3410 quas
684 3341 896 3394 vocant
918 3349 1115 3411 zonas,
1150 3333 1362 3396 infesto
1392 3333 1588 3410 rigore
1621 3339 1679 3391 et
1708 3339 1947 3393 aeterno
1976 3334 2120 3410 gelu

1 3525 85 3547 -ι
