2320 3650
670 89 832 138 uxr.
863 88 1045 137 ms‘r.
1083 91 1178 136 VI.
1224 86 1318 140 23.
1348 78 1652 157 (25—26.)
2031 79 2154 144 237
2260 78 2270 83 “

91 266 95 273 ’
161 246 220 304 in
251 243 376 307 sinu
405 250 535 303 ante
565 242 821 304 Persida.
881 242 1177 313 circasshas
1206 243 1373 318 hydri
1406 244 1605 304 marini
1637 239 1902 304 vicenum
1935 246 2153 306 cubito-

154 345 286 389 rum
327 327 660 387 adnatantes
692 335 953 384 terruere
987 326 1253 387 classem.
1334 327 1517 387 insula
1553 322 1980 404 Athothadrus‚
2014 331 2146 389 item
2170 338 2238 392 99

160 411 467 485 Gauratae,
499 410 557 469 in
581 408 784 506 quibus
809 407 987 483 Gyani
1010 427 1176 484 gens.
1218 410 1425 469 flumen
1446 409 1742 487 Hyperis
1726 427 1782 468 m
1810 411 1997 471 medio
2029 415 2154 472 sinu

162 493 423 568 Persico,
476 493 866 572 onerariarum
896 495 1119 567 navium
1156 511 1361 571 capax,
1410 493 1616 552 flumen
1646 493 1996 570 Sitiogan=1S‚
2041 498 2155 574 quo

110 584 145 626 5
159 538 518 653 Pasargadas
551 585 816 653 septumo
852 575 944 634 die
974 574 1293 651 navigatur,
1327 576 1536 636 flumen
1564 576 1892 652 navigabile
1921 577 2154 638 Phristi-

159 676 306 733 mus,
334 658 519 720 insula
545 661 670 721 sine
694 659 943 719 nomine.
990 659 1200 718 flumen
1215 659 1415 720 Granis
1437 660 1787 721 modicarum
1810 662 2033 720 navium
2051 680 2157 739 per

161 743 446 803 Susianen
479 743 620 818 fluit,
663 742 866 802 dextra
897 743 1020 801 eius
1054 742 1327 803 adcolunt
1351 742 1755 803 Deximontani
1779 745 1874 821 qui
1906 742 2156 804 bitumen
2242 790 2246 797 .

163 819 487 905 perficiunt.
522 825 732 891 flumen
756 824 981 885 Zarotis
1005 826 1153 885 ostio
1184 826 1435 885 difficilis
1465 826 1573 886 nisi
1606 826 1827 904 peritiS‚
1853 827 2075 888 insulae
2106 827 2158 887 II

164 926 403 988 parvae.
467 910 600 969 inde
630 909 848 969 vadosa
888 910 1180 1007 navigatio
1237 909 1474 987 palustri
1520 909 1718 969 similis
1766 912 1875 987 per
1924 912 2155 988 euripos

90 1006 144 1047 ιο
163 1001 357 1052 tamen
387 992 664 1070 quosdam
699 992 1012 1070 peragitur.
1060 994 1291 1051 ostium
1324 991 1653 1070 Euphratis.
1740 992 1903 1053 lacus
1949 1011 2123 1072 quem
2143 1005 2242 1057 100

161 1076 381 1136 faciunt
409 1074 663 1135 Eulaeus
697 1084 756 1134 et
787 1074 977 1152 Tigris
1020 1076 1174 1135 iuxta
1208 1074 1541 1136 Characem.
1621 1076 1755 1135 inde
1787 1075 1947 1152 Tigri
1986 1077 2151 1138 Susa.

161 1157 376 1218 Festos
435 1159 561 1218 dies
622 1158 702 1218 ibi
760 1166 1026 1234 agentem
1067 1157 1458 1218 Alexandrum
1508 1161 1845 1219 invenerunt
1891 1160 2156 1238 septumo

161 1260 396 1321 mense,
428 1251 732 1321 postquam
764 1241 1060 1318 digressus
1097 1242 1169 1300 ab
1204 1242 1272 1302 iis
1304 1240 1489 1302 fuerat
1522 1242 1766 1319 Patalis,
1798 1245 1970 1303 tertio
2001 1245 2155 1305 navi-

162 1326 432 1402 gationis.
518 1325 617 1385 Sic
649 1324 966 1386 Alexandri
1001 1323 1206 1384 classis
1248 1326 1555 1402 navigavit.
1626 1334 1833 1404 postea
1866 1343 1899 1386 a
1930 1327 2184 1403 Syagro*

88 1422 144 1464 15
166 1408 419 1468 Arabiae
457 1408 850 1487 promontorio
882 1406 1118 1468 Patalen
1158 1408 1390 1467 favonio
1421 1427 1587 1486 quem
1616 1408 1906 1486 hippalum
1950 1409 2027 1473 ibi
2054 1428 2155 1468 vo-

163 1500 315 1567 cant,
341 1492 461 1569 peti
497 1492 875 1551 certissimum
903 1490 1391 1562 videbaturxml.
1422 1489 1641 1552 XXXII
1672 1491 1731 1550 M
1760 1509 2027 1569 passuum
2060 1511 2155 1553 ae-

164 1576 528 1635 stumatione.
576 1575 790 1634 Secuta
825 1582 987 1633 aetas
1016 1576 1352 1653 propiorem
1382 1593 1609 1636 cursum
1637 1575 2019 1654 tutioremque
2036 1577 2124 1635 iu·
2143 1588 2240 1641 101

165 1658 397 1733 dicavit,
441 1660 490 1717 si
521 1657 591 1717 ab
626 1657 832 1717 eodem
867 1660 1263 1735 promontorio
1290 1659 1555 1736 Sigerum
1584 1654 1809 1737 portum
1830 1658 2023 1721 Indiae
2057 1678 2155 1738 pe-

167 1750 341 1811 teret.
433 1740 642 1820 diuque
683 1742 759 1801 ita
803 1741 1126 1816 navigatum
1180 1752 1301 1819 est,
1346 1743 1534 1802 donec
1587 1743 1906 1819 conpendia
1941 1743 2159 1803 invenit

91 1840 148 1882 20
168 1834 481 1902 mercator,
517 1825 796 1903 lucroque
828 1822 985 1886 India
1018 1825 1243 1887 admota
1276 1836 1383 1887 est.
1451 1828 1665 1905 quippe
1700 1825 1960 1886 omnibus
2000 1829 2161 1886 annis

167 1910 469 1985 navigatur
499 1910 920 1985 sagittariorum
954 1908 1289 1971 cohortibus
1321 1911 1608 1989 inpositis.
1698 1911 1909 1970 etenim
1938 1911 2161 1987 piratae

167 2009 433 2066 maxume
463 1991 826 2053 infestabant.
893 1990 1021 2050 Nec
1053 1993 1279 2070 pigebit
1318 2002 1497 2054 totum
1531 1993 1858 2068 cursum-ab
1886 1991 2160 2072 Aegypto

171 2091 655 2152 exponerenuuc
691 2077 930 2154 primum
962 2085 1120 2136 certa
1164 2078 1366 2144 notitia
1408 2086 1765 2154 patescente.
1837 2077 2161 2153 digna'reS‚

166 2157 329 2219 nullo
362 2176 509 2218 anno
554 2160 734 2217 minus
764 2159 857 2218 HS
879 2159 1002 2226 '1512‘
1025 2160 1230 2237 imperi
1265 2161 1447 2220 nostri
1491 2160 1866 2220 exhauriente
1900 2159 2059 2221 India
2108 2169 2165 2220 et

96 2260 152 2301 25
171 2242 384 2301 mercis
413 2242 740 2304 remittente
772 2260 920 2319 quae
944 2244 1097 2321 apud
1131 2260 1239 2302 nos
1272 2243 1658 2321 centuplicato
1688 2252 1951 2303 veneant.
2001 2243 2131 2303 Duo
2148 2249 2252 2304 102

169 2324 325 2384 milia
354 2331 624 2403 passuum
653 2325 725 2385 ab
755 2325 1107 2388 Alexandria
1140 2326 1307 2386 abest
1339 2326 1611 2405 oppidum
1641 2324 1965 2417 Iuliopolis.
2030 2325 2163 2385 inde

171 2409 443 2484 navigant
483 2408 614 2467 Nilo
661 2406 906 2486 Coptum
939 2406 1253 2470 CCCVIIII
1294 2410 1410 2470 mil.
1458 2405 1761 2488 passuum,
1818 2411 1915 2488 qui
1961 2427 2165 2469 cursus

169 2490 387 2551 Etesiis
421 2490 685 2551 flantibus
720 2493 1014 2569 peragitur
1049 2490 1158 2552 XII
1190 2491 1414 2560 (liebus.
1506 2511 1538 2554 a
1564 2490 1752 2570 Copto
1794 2492 2029 2553 camelis
2059 2494 2167 2552 tur
2237 2517 2240 2518 ⁷

173 2575 538 2652 aquationum
567 2576 790 2635 ratione
818 2575 1209 2637 mansionibus
1242 2577 1558 2655 dispositis.
1627 2577 1807 2655 prima
1839 2512 2178 2673 appelsttur

103 2677 156 2719 30
173 2656 501 2732 Hydreuma
519 2655 684 2718 XXII
712 2659 855 2735 mil.‚
895 2659 1147 2720 secunda
1191 2660 1247 2718 in
1282 2669 1476 2720 monte
1508 2659 1621 2719 diei
1649 2659 1874 2735 itinere,
1909 2660 2082 2719 tertia
2110 2660 2166 2716 in

175 2739 362 2800 altero
383 2740 769 2815 Hydreumate
806 2760 837 2802 a
871 2740 1062 2821 Copto
1093 2739 1253 2802 XCV
1280 2743 1419 2818 mil„
1455 2743 1709 2804 deinde
1690 2761 1748 2801 m
1776 2751 1989 2801 monte.
2031 2757 2168 2800 mox

173 2822 248 2886 ad
277 2821 603 2898 Hydreuma
632 2825 921 2906 Apollinis
961 2844 995 2885 a
1031 2824 1219 2904 Copto
1256 2824 1621 2886 CLXXXIIII
1652 2825 1772 2885 mil.
1806 2843 1997 2903 pass,
2042 2842 2165 2883 rur·

176 2924 277 2966 sus
316 2908 375 2966 in
403 2916 613 2968 monte.
707 2926 843 2968 mox
876 2909 1194 2971 adnovom
1221 2909 1547 2985 Hydreuma
1582 2927 1613 2969 a
1644 2907 1834 2987 Copto
1868 2906 2132 2967 CCXXX
2151 2912 2253 2969 103

173 2990 294 3049 mil.
331 3007 487 3069 pass.
579 3001 670 3051 est
698 3001 768 3056 ,et
798 2992 951 3052 aliud
986 2993 1311 3068 Hydreuma
1346 3002 1546 3068 vetus,
1585 2991 2038 3070 Trogodyticum
2065 3008 2167 3050 no-

105 3092 156 3136 35
176 3073 441 3149 minatur,
481 3074 580 3135 ubi
615 3077 958 3153 praesidium
991 3076 1258 3149 excubat,
1292 3075 1708 3138 deverticulum
1738 3076 1906 3136 duum
1934 3076 2165 3135 milium.

176 3157 350 3218 distat
381 3175 414 3217 a
444 3174 596 3218 novo
634 3159 1019 3233 Hydreumate
1057 3157 1166 3218 v11
1193 3159 1311 3218 mil.
1354 3177 1639 3238 passuum.
1720 3160 1852 3219 inde
1884 3158 2168 3219 Berenice

178 3240 488 3318 oppidum,
534 3241 640 3306 ubi,
662 3252 861 3319 portus
896 3242 1077 3303 Rubri
1119 3243 1324 3317 maris,
1368 3261 1400 3302 a
1445 3239 1637 3320 Copto
1674 3240 1923 3303 CCLVII
1952 3242 2009 3301 Μ
2038 3260 2168 3321 pas·
2245 3251 2250 3260 ·

178 3342 360 3385 suum.
445 3324 549 3384 sed
592 3325 723 3403 quia
763 3327 944 3388 maior
985 3343 1121 3408 pars
1154 3326 1589 3406 itineriscouiit
1619 3326 1899 3404 *noctibus
1931 3336 2170 3406 propter
