2320 3650
142 79 163 139 1
183 80 257 140 10
918 91 1108 139 PLINI
1140 89 1441 140 SECUNDI

59 279 64 290 -
133 245 379 323 recepti.
443 243 739 305 Maxumus
782 251 977 304 terrae
1023 246 1302 304 memoria
1344 243 1665 304 mortalium
1698 245 1918 305 exstitit
1947 256 2144 309 motus

135 329 330 389 Tiberi
356 326 624 389 Caesaris
657 328 1000 407 principatu,
1032 326 1141 386 XII
1171 327 1408 387 urbibus
1438 327 1619 387 Asiae
1649 345 1761 388 una
1791 339 1968 390 nocte
2000 348 2141 409 pro-

135 413 345 494 stratis.
374 411 761 472 creberrimus
780 411 993 470 Punico
1018 410 1178 470 bello
1202 412 1349 471 intra
1375 412 1621 471 eundem
1644 425 1847 472 annum
1873 417 2143 491 septiens

135 493 205 555 ac
242 496 658 574 quinquagiens
692 495 976 555 nuntiatus
1006 493 1265 569 Romam,
1300 511 1431 582 quo
1446 495 1675 573 quidem
1707 513 1854 555 anno
1891 498 1964 557 ad
1999 498 2141 562 Tra·

135 581 410 639 simenum
457 579 641 639 lacum
686 578 1022 639 dimicantes
1071 595 1393 638 maxumum
1445 587 1658 639 motum
1699 598 1903 659 neque
1949 579 2233 642 Poenis‘

136 680 376 723 sensere
412 680 523 722 nec
554 661 814 722 Romani.
877 660 1004 721 Nec
1044 678 1190 722 vero
1241 662 1490 741 simplex
1530 663 1738 723 malum
1785 674 1881 723 aut
1913 667 1972 726 in
2009 667 2141 744 ipso

135 756 347 807 tantum
378 755 532 805 motu
563 746 883 824 periculum
916 754 1024 821 est,
1068 746 1174 805 sed
1205 763 1311 822 par
1343 754 1438 806 aut
1467 746 1646 805 maius
1681 755 1933 807 ostento.
1983 768 2141 809 num-

137 848 303 910 quam
346 829 484 889 urbs
529 829 710 888 Roma
760 830 1016 905 tremuit,
1067 838 1126 888 ut
1169 845 1299 888 non*
1316 828 1488 889 futuri
1520 839 1760 890 eventus
1797 831 2046 893 alicuius
2082 834 2141 894 id

133 913 526 991 praenuntium
558 921 739 972 esset.

49 1009 150 1061 201
282 995 381 1055 85.
431 994 599 1093 (87.)
643 994 864 1054 Eadem
910 997 1266 1055 nascentium
1298 1013 1470 1056 causa
1499 1006 1784 1059 terrarum
1821 1008 1947 1075 est,
2011 1018 2139 1059 cum
2162 1022 2217 1063 ιο

134 1081 287 1140 idem
316 1078 418 1138 ille
452 1080 684 1157 spiritus
716 1077 1034 1139 attollendo
1065 1088 1279 1157 potens
1311 1080 1439 1140 solo
1465 1098 1581 1141 non
1601 1082 1778 1141 valuit
1804 1101 2139 1160 erumpere.

134 1162 458 1221 Nascuntur
494 1163 675 1237 enim,
707 1179 840 1236 nec
849 1161 1135 1222 fluminum
1164 1170 1378 1223 tantum
1407 1165 1670 1239 invectu,
1705 1167 1853 1225 sicut
1887 1164 2142 1227 Echina-

137 1246 241 1315 des
273 1245 492 1305 insulae
538 1245 609 1305 ab
645 1243 913 1305 Acheloo
962 1264 1125 1305 amne
1162 1255 1478 1323 congestae
1515 1249 1815 1326 maiorque
1846 1267 1990 1327 pars
2018 1248 2140 1310 Ae-

107 1330 297 1407 gypti
342 1346 374 1388 a
403 1327 537 1388 Nilo
571 1330 629 1388 in
673 1346 842 1408 quam
885 1340 918 1389 a
963 1329 1149 1389 Pharo
1197 1330 1382 1390 insula
1431 1331 1619 1390 noctis
1652 1340 1710 1391 et
1753 1332 1868 1392 diei
1908 1350 2141 1392 cursum

137 1413 318 1472 fuisse
352 1411 607 1473 Homero
645 1412 965 1489 credimus,
1000 1431 1111 1473 nec
1142 1431 1385 1473 recessu
1415 1415 1610 1488 maris,
1649 1415 1796 1474 sicut
1826 1415 1980 1475 idem
2014 1414 2140 1476 Cir·
2160 1436 2214 1477 15

139 1497 298 1573 ceis,
355 1497 511 1575 quod
555 1497 841 1556 accidisse
894 1505 953 1555 et
1000 1498 1056 1555 in
1089 1496 1438 1557 Ambraciae
1471 1505 1642 1575 portu
1685 1498 1896 1558 decem
1923 1499 2141 1559 milium

139 1598 406 1658 passuum
444 1580 748 1640 intervallo
794 1588 852 1639 et
892 1578 1327 1639 Atheniensium
1371 1582 1621 1660 quinque
1676 1582 1889 1641 milium
1933 1582 2006 1642 ad
2048 1581 2141 1642 Pi·

136 1681 370 1722 raeeum
415 1672 793 1739 memoratur,
842 1671 901 1723 et
933 1661 1154 1742 Ephesi
1201 1662 1299 1723 ubi
1347 1664 1632 1742 quondam
1674 1665 1879 1734 aedem
1915 1664 2141 1726 Dianae

137 1746 424 1806 adluebat.
486 1745 788 1807 Herodoto
845 1746 1073 1825 quidem
1124 1748 1173 1806 si
1223 1747 1544 1823 credimus,
1600 1766 1758 1808 mare
1811 1748 1918 1808 fuit
1963 1766 2140 1828 supra

134 1828 441 1909 Memphim
471 1849 654 1908 usque
686 1830 759 1893 ad
786 1830 1134 1911 Aethiopum
1166 1832 1393 1907 montis,
1425 1833 1678 1911 itemque
1711 1850 1743 1892 a
1769 1832 1971 1910 planis
1990 1832 2140 1893 Ara·
2157 1859 2214 1901 20

135 1912 301 1988 biae,
346 1931 503 1974 mare
548 1916 704 1974 circa
748 1912 910 1975 Ilium
957 1925 1014 1975 et
1057 1925 1180 1976 tota
1227 1914 1574 1975 Teuthranie
1616 1933 1846 1995 quaque
1893 1933 2137 1996 campos

133 1996 384 2057 intulerit
414 1995 746 2057 Maeander.

49 2088 152 2141 202
279 2079 377 2141 86.
417 2079 583 2159 (88.)
625 2079 949 2141 Nascuntur
993 2091 1052 2142 et
1100 2082 1215 2148 alio
1257 2082 1429 2142 modo
1476 2089 1667 2141 terrae
1699 2099 1769 2142 ac
1800 2088 2047 2175 repente
2078 2084 2138 2143 in

136 2163 329 2242 aliquo
359 2165 501 2224 mari
530 2173 830 2241 emergunt
857 2165 1016 2225 velut
1044 2166 1205 2245 paria
1229 2183 1427 2225 secum
1453 2165 1705 2226 faciente
1728 2167 1945 2227 natura
1956 2185 2137 2247 quae-

137 2265 248 2325 que
277 2247 531 2308 hauserit
561 2248 746 2309 hiatus
780 2248 893 2308 alio
925 2249 1060 2309 loco
1090 2249 1394 2309 reddente.
2158 2273 2210 2313 25

261 2329 360 2391 87.
412 2330 577 2410 (89.)
625 2330 835 2391 Clarae
885 2332 996 2392 iam
1030 2333 1255 2411 pridem
1300 2331 1521 2392 insulae
1564 2331 1749 2393 Delos
1793 2341 1851 2392 et
1895 2331 2141 2393 Rhodos

137 2417 447 2474 memoriae
498 2416 813 2492 produntur
866 2426 1089 2476 enatae.
1153 2425 1361 2493 postea
1406 2416 1693 2492 minores,
1746 2416 1894 2476 ultra
1941 2415 2141 2476 Melon

139 2498 415 2577 Anaphe,
462 2499 612 2558 inter
641 2498 911 2558 Lemnum
958 2509 1016 2559 et
1044 2498 1489 2577 Hellespontum
1520 2496 1718 2574 Neae,
1764 2501 1916 2559 inter
1947 2499 2138 2560 Lebe-

140 2582 268 2641 dum
293 2582 531 2651 etTeon
546 2582 791 2658 Halone,
817 2585 966 2643 inter
983 2580 1271 2659 Cycladas
1290 2579 1648 2661 Olympiadis
1670 2580 1958 2642 CXXXV.
1985 2601 2137 2643 anno

138 2676 340 2743 quarto
374 2664 563 2726 Thera
604 2675 662 2725 et
705 2666 1014 2742 Therasia,
1063 2667 1214 2725 inter
1255 2665 1491 2726 easdem
1530 2675 1665 2744 post
1709 2680 1891 2725 annos
1924 2664 2214 2726 CXXXao

135 2747 307 2810 Hiera
340 2750 661 2828 eademque
688 2749 1016 2824 Automate,
1051 2757 1109 2809 et
1137 2747 1210 2808 ab
1236 2766 1306 2807 ea
1328 2747 1554 2809 duobus
1577 2749 1776 2809 stadiis
1799 2757 1937 2827 post
1957 2766 2142 2810 annos

138 2829 285 2892 CX
269 2852 326 2892 ιιι
353 2842 554 2893 nostro
588 2849 734 2892 aevo
767 2831 841 2892 Μ.
878 2832 1040 2893 Iunio
1072 2832 1269 2892 Silano
1303 2830 1365 2890 L.
1398 2831 1581 2892 Balbo
1615 2849 1768 2892 coss.
1801 2850 1854 2892 a.
1889 2831 1946 2892 d.
1972 2828 2136 2893 ¹v111.

136 2911 269 2976 Idus
299 2917 472 2977 Iulias
505 2915 667 2976 Thia.

53 3003 157 3058 203
282 2998 380 3061 88.
415 2999 580 3058 Ante
599 3015 708 3058 nos
738 3007 795 3058 et
824 2998 978 3059 iuxta
1008 2998 1230 3059 Italiam
1260 2998 1408 3059 inter
1438 2998 1683 3059 Aeolias
1713 2997 1966 3073 insulas,
2001 2997 2140 3056 item

135 3083 291 3144 iuxta
326 3081 557 3142 Cretam
608 3083 841 3142 emersit
873 3081 1061 3142 ΜΜῙ)
1087 3077 1357 3160 passuum
1400 3100 1509 3142 una
1555 3099 1682 3141 cum
1728 3080 1933 3140 calidis
1963 3079 2136 3140 fonti·
2158 3095 2210 3136 aa

135 3164 277 3255 bus,
330 3164 511 3224 altera
552 3163 906 3243 Olympiadis
939 3163 1184 3225 CLXIII.
1239 3181 1386 3225 anno
1417 3166 1588 3227 tertio
1636 3165 1694 3223 in
1740 3162 1933 3223 Tusco
1984 3165 2136 3238 sinu,

138 3236 388 3324 flagrans
416 3247 566 3306 haec
594 3248 853 3307 violento
886 3266 1014 3307 cum
1044 3248 1200 3308 flatu.
1259 3249 1638 3327 proditurque
1672 3247 1988 3307 memoriae
2020 3264 2145 3307 ma·

137 3347 249 3405 gna
282 3331 436 3390 circa
466 3330 622 3390 illam
650 3331 1006 3391 multitudine
1039 3333 1283 3410 piscium
1313 3331 1567 3393 fluitante
1601 3331 1908 3392 confestim
1939 3330 2139 3408 exspi-
