2320 3650
559 103 720 149 NAT.
769 102 952 150 ms'r.
989 92 1140 148 vm.
1175 98 1417 152 36———38.
1457 91 1759 168 (54—57.)
2072 89 2152 151 67

137 258 283 331 albi,
320 272 561 334 quorum
593 255 923 334 palatum-in
947 263 1119 331 gustu
1150 255 1881 330 sagacissimum‘auet'oms
1908 261 2155 334 quonam

136 341 317 401 modo
353 340 747 400 intellexerint
769 339 962 398 miror.
1026 338 1347 399 conduntur
1372 349 1433 397 et
1455 339 1672 417 Alpini,
1707 340 1910 417 quibus
1939 341 2153 418 magui·
2211 355 2214 360 ·

139 425 284 484 tudo
319 424 549 483 melium
572 432 683 496 est,
710 423 816 481 sed
847 422 903 481 hi
934 422 1150 500 pabulo
1175 432 1307 481 ante
1344 425 1398 484 in
1431 440 1646 500 specus
1681 434 1990 499 convecto,
2027 442 2156 483 cum

140 509 377 586 quidem
404 516 637 566 narrent
663 506 919 567 alternos
937 525 1153 566 marem
1179 523 1248 565 ac
1273 507 1539 566 feminam
1560 506 1844 567 subrosae
1860 509 2154 587 conplexo

86 604 115 643 5
144 594 312 652 fasce
344 592 567 652 herbae
586 592 870 668 supinos,
912 591 1093 651 cauda
1125 591 1419 650 mordicus
1462 590 1859 669 adprehensa,
1909 593 2156 651 invicem

139 677 371 737 detrahi
404 676 474 735 ad
505 693 768 753 specum,
803 675 1057 752 ideoque
1089 676 1191 734 illo
1217 685 1497 753 ‘tempore
1535 675 1746 735 detrito
1783 693 1918 735 esse
1941 676 2153 734 dorso.

140 762 289 820 Sunt
319 760 408 819 his
435 777 609 838 pares
640 768 699 818 et
722 760 779 819 in
802 758 1099 837 Aegypto,
1129 760 1508 836 similiterque
1539 759 1868 818 residentes
1886 761 1942 817 in
1970 759 2154 818 clunis
2213 768 2218 774 ’

142 854 207 903 et
224 846 282 902 in
304 844 452 903 binis
483 843 728 920 pedibus
756 843 1089 919 gradiuntur
1106 843 1513 942 prioribusque
1539 852 1596 901 ut
1617 843 1884 902 manibus
1902 852 2150 902 utuntur.

230 929 442 1006 (56.)
501 927 857 1005 Praeparant
904 927 1077 987 hiemi
1133 935 1230 986 et
1242 928 1496 987 irenacei
1539 927 1702 986 cibos
1774 945 1843 986 ac
1884 926 2125 986 volutati
2140 934 2242 992 133

64 1023 122 1063 ¹⁰
142 1029 341 1091 supra
334 1013 589 1071 iacentia
611 1028 780 1089 poma
812 1012 1000 1071 adfixa
1023 1012 1226 1089 spinis,
1257 1029 1428 1070 unum
1448 1012 1696 1089 amplius
1721 1021 1993 1070 tenentes
2028 1027 2154 1085 ore,

140 1105 387 1174 portant
411 1097 467 1154 in
502 1113 678 1154 cavas
708 1094 972 1156 arbores.
1028 1095 1202 1154 iidem
1242 1087 1612 1154 mutationem
1644 1093 1931 1173 aquilonis
1971 1097 2027 1154 in
2059 1105 2156 1153 au-

143 1190 345 1255 strum,
381 1179 700 1239 condentes
730 1198 794 1238 se
828 1182 886 1238 in
917 1178 1109 1238 cubile
1142 1180 1534 1256 praesagiunt.
1589 1178 1688 1238 ubi
1720 1197 1865 1237 vero
1913 1193 2157 1239 sensere

142 1273 475 1338 venantem,
493 1272 793 1322 contracto
819 1274 876 1322 et
895 1280 999 1321 ore
1028 1263 1392 1341 pedibusque
1411 1281 1480 1322 ac
1502 1271 1667 1341 parte
1683 1267 1833 1323 omni
1852 1259 2154 1336 inferiore,
2219 1275 2224 1278 ’

146 1366 262 1426 qua
305 1365 491 1408 raram
538 1356 596 1406 et
635 1349 939 1407 innocuam
984 1346 1200 1406 habent
1241 1347 1590 1422 lanuginem,
1625 1348 2050 1410 convolventur
2094 1348 2152 1403 in

66 1441 129 1482 1⁵1
148 1433 391 1492 formam
424 1432 611 1510 pilae,
656 1450 729 1491 ne
765 1431 900 1509 quid
939 1431 1337 1509 conprehendi
1380 1432 1567 1508 possit
1609 1439 1847 1509 praeter
1893 1431 2155 1490 aculeos.

144 1518 205 1575 in
230 1516 640 1594 desperatione
663 1532 807 1574 vero
844 1517 1062 1574 urinam
1085 1533 1162 1573 ex
1189 1532 1256 1573 se
1276 1514 1523 1573 reddunt
1552 1513 1863 1590 tabificam,
1900 1514 2121 1590 tergori
2139 1521 2244 1576 134

148 1617 256 1659 suo
297 1601 594 1677 spinisque
631 1601 893 1673 noxiam,
925 1608 1172 1675 propter
1214 1599 1329 1658 hoc
1353 1616 1418 1657 se
1462 1599 1595 1676 capi
1637 1601 1820 1675 gnari.
1882 1597 2158 1677 quamob-

145 1701 272 1743 rem
305 1684 626 1746 exinanitos
659 1686 820 1761 prius
850 1684 1009 1743 urina
1030 1685 1254 1743 venari*
1277 1699 1373 1763 ars
1403 1691 1517 1741 est.
1581 1692 1640 1741 et
1683 1691 1799 1742 tum
1842 1683 2163 1762 praecipua

148 1769 258 1829 dos
291 1769 536 1845 tergori,
573 1768 718 1828 alias
749 1776 1047 1847 cei-rupto,
1082 1768 1301 1845 fragili,
1337 1766 1597 1846 putribus
1629 1767 1812 1847 spinis
1853 1765 2029 1845 atque
2058 1766 2158 1825 de-

68 1852 362 1928 eeciduiS,
412 1854 633 1912 etiamsi
680 1853 835 1912 vivat
875 1852 1202 1911 subtractus
1248 1851 1405 1930 fug'a.
1470 1852 1545 1912 ob
1579 1853 1637 1912 id
1679 1870 1794 1912 non
1831 1854 1939 1912 nisi
1970 1854 2028 1910 in
2055 1868 2158 1910 no-

148 1938 381 1995 vissima
424 1930 532 2014 spe
576 1936 901 1996 maleficio·-
918 1953 992 1995 eo
1026 1937 1417 2014 perfunditur,
1464 1939 1680 2015 quippe
1728 1947 1788 1996 et
1813 1938 1935 2015 ipsi
1976 1934 2159 1995 odere

149 2038 311 2079 suum
346 2022 722 2094 veneficium,
758 2022 838 2081 ita
870 2029 1179 2098 parcentes
1226 2020 1333 2079 sibi
1379 2023 1793 2101 terminumque
1829 2037 2161 2099 supremum

152 2106 534 2183 opperientes
568 2112 631 2162 ut
659 2105 844 2163 ferme
886 2113 1019 2163 ante
1054 2106 1357 2181 captivitas
1391 2114 1665 2181 occupet.
1739 2104 1964 2164 calidae
1997 2112 2156 2182 post-

150 2206 220 2248 ea
256 2206 441 2267 aquae
474 2189 757 2265 adspersu
786 2188 1101 2247 resolvitur
1134 2188 1273 2265 pila,
1307 2188 1828 2266 adprehensusque
1867 2204 1976 2266 pes
2009 2182 2159 2245 alter

68 2289 127 2329 25
149 2291 187 2332 e
214 2271 639 2350 posterioribus
664 2270 730 2307 **
768 2271 1151 2353 suspendiosa
1191 2272 1346 2330 fame
1391 2281 1651 2334 necatur.
1713 2272 1883 2331 aliter
1920 2288 2036 2329 non
2067 2279 2158 2329 est
2225 2274 2234 2281 ’

150 2356 427 2437 occidere
464 2365 522 2415 et
569 2357 792 2432 tergori
824 2373 1093 2433 parcere.
1166 2354 1361 2433 Ipsum
1418 2355 1625 2424 animal
1667 2372 1802 2430 non,
1831 2364 1889 2415 ut
1930 2373 2123 2414 remur
2141 2363 2242 2416 135

147 2440 439 2519 plerique,
462 2441 632 2498 ‘vitae
655 2440 942 2499 hominum
973 2456 1396 2518 supervacuum
1423 2448 1533 2513 est,
1561 2441 1610 2496 si
1641 2455 1756 2498 non
1787 2440 1898 2498 sint
1918 2439 2003 2498 illi
2024 2444 2157 2498 acn'-

148 2525 249 2599 lei,
282 2524 493 2583 frustra
525 2523 808 2583 vellerum
840 2524 1077 2583 mollitia
1123 2524 1178 2581 in
1209 2522 1437 2602 pecude
1470 2523 1808 2582 mortalibus
1841 2523 1993 2583 data.
2045 2524 2160 2582 hac

155 2614 288 2667 cute
321 2607 694 2686 expoliuntur
733 2602 954 2666 vestes.
1018 2617 1282 2683 magnum
1334 2607 1492 2666 fraus
1524 2617 1582 2665 et
1616 2607 1695 2666 ibi
1732 2608 2002 2685 [lucrum]
2036 2624 2157 2664 mo·
2187 2626 2194 2635 ·
2225 2608 2232 2615 ’

79 2690 448 2769 ιαῑιιὸροιῐιιιιι
500 2694 749 2767 invenit,
798 2691 871 2750 de
900 2691 1056 2750 nulla
1100 2710 1165 2750 re
1209 2691 1604 2751 crebrioribus
1638 2688 2157 2750 senatusconsultis

148 2775 427 2853 nauoque
455 2791 570 2834 non
598 2776 862 2854 principe
895 2774 1050 2835 adito
1084 2777 1456 2852 querimoniis
1481 2774 1955 2854 provincialibus.

277 2859 376 2921 38.
411 2862 580 2940 (57.)
640 2859 857 2921 Urinee
887 2870 948 2919 et
983 2859 1210 2920 duobus
1244 2860 1373 2919 aliis
1405 2860 1744 2920 animalibus
1776 2860 1922 2918 ratio
1947 2857 2113 2916 mira.
2146 2866 2245 2920 136

148 2944 609 3022 Leontophonon
650 2946 967 3024 accipimus
1019 2946 1221 3002 vocari
1276 2962 1515 3022 parvom
1566 2962 1678 3003 nec
1723 2942 1861 3002 alibi
1890 2954 2160 3001 'nascens

152 3046 319 3106 quam
361 3028 461 3088 ubi
496 3030 592 3089 leo
639 3030 911 3107 gignitur,
947 3045 1063 3107 quo
1104 3037 1337 3104 gustato
1381 3037 1536 3089 tanta
1564 3029 1666 3088 illa
1694 3029 1783 3087 vis
1838 3036 1896 3086 ut
1941 3027 2157 3087 ceteris

79 3131 137 3172 ss
152 3114 566 3191 quadripedum
621 3116 955 3192 imperitans
1002 3114 1163 3173 illico
1218 3114 1495 3190 exspiret.
1572 3129 1716 3189 ergo
1765 3130 1980 3191 corpus
2033 3112 2160 3170 eius

153 3198 414 3256 adustum
451 3198 807 3276 adspergunt
838 3198 967 3258 aliis
1003 3197 1270 3256 carnibus
1301 3195 1576 3274 polentae
1618 3195 1790 3256 modo
1822 3197 2158 3266 insidiantes
2189 3204 2196 3211 “
2231 3196 2236 3201 ’

150 3282 333 3355 ferae,
356 3291 682 3360 necantque
717 3285 888 3341 etiam
913 3284 1128 3342 cinere.
1182 3290 1297 3340 tam
1329 3283 1616 3341 contraria
1648 3290 1739 3340 est
1761 3283 1963 3360 pestis,
2022 3281 2160 3340 haut

148 3367 412 3426 inmerito
456 3366 629 3443 igitur
675 3367 795 3426 odit
843 3368 938 3427 leo
990 3367 1292 3446 visumque
1347 3366 1668 3445 frangit'et
1713 3369 1856 3427 citra
1907 3382 2157 3426 morsum

1735 3450 1829 3511 5*
2159 3496 2320 3567 A
