2320 3650
560 201 721 248 NAT.
753 178 935 248 n‘l's'r.
967 200 1080 247 xv.
1123 196 1359 250 15—18.
1402 188 1708 266 (1'7—19.)
2003 150 2127 252 289
2180 197 2190 221 ¹

127 356 287 420 ribus
319 354 530 429 acinis,
564 355 621 412 in
665 354 822 413 dolio
867 352 1061 431 picato
1096 353 1320 415 recenti
1355 355 1661 431 suspendi,
1695 355 1936 415 exclusa
1978 339 2129 417 omni

125 458 266 499 aura
302 438 584 536 operculo
620 447 678 497 et
709 453 922 515 gypSO.
979 437 1067 497 sic
1095 444 1154 495 et
1179 436 1363 497 sorba
1395 455 1464 498 ac
1490 440 1634 516 pira.
1686 438 1861 498 inlitis
1885 443 2129 501 omnium

121 523 371 583 surculis
418 523 573 600 pice.
631 521 784 582 dolia
828 519 1035 599 procul
1078 519 1150 581 ab
1193 539 1341 598 aqua
1385 540 1539 581 esse.
1610 523 1837 600 quidam
1874 527 1961 583 sic
1997 544 2121 585 cum
2146 536 2214 592 63

124 609 359 688 palmite
391 608 447 664 in
475 623 665 683 gypso
700 605 985 679 condunt,
1011 605 1299 682 capitibus
1332 607 1455 665 eius
1487 600 1691 667 scillae
1716 607 1904 666 infixis
1933 609 2126 669 utrim-

74 711 270 770 .‚‚que
303 690 397 750 alii
435 693 605 749 etiam
624 691 765 748 vina
801 688 1143 763 habentibus
1174 688 1376 765 doliis,
1428 691 1557 749 dum
1589 708 1661 749 ne
1696 684 2028 768 contingant
2057 712 2128 753 ea

76 795 308 850 uvae,
361 775 536 851 aliqui
579 774 727 832 mala
772 776 829 833 in
870 774 1078 850 patinis
1110 773 1380 833 fictilibus
1414 774 1719 850 fluitantia,
1762 792 1876 852 quo
1889 795 2127 874 ’genere

117 870 178 920 et
222 861 357 918 vino
403 859 643 919 odorem
692 858 912 934 adquiri
958 865 1176 935 putant.
1252 857 1426 934 aliqui
1469 860 1655 923 omnia
1698 859 1845 919 haec
1884 862 1942 918 in
1970 861 2126 921 milio
2219 870 2223 875 '

116 945 344 1009 servari
367 942 600 1018 malunt,
630 942 895 1019 plerique
919 959 1061 1000 vero
1082 942 1137 999 in
1162 941 1373 1002 scrobe
1398 942 1564 1001 duum
1589 943 1795 1019 pedum
1816 944 2125 1004 altitudinis

86 1023 339 1089 harena
371 1026 661 1085 substrato
692 1034 751 1085 et
781 1025 939 1084 fictili
964 1025 1280 1103 operculo,
1313 1016 1444 1085 dein
1478 1035 1654 1087 terra
1666 1024 1896 1104 oper'to.
1948 1027 2120 1089 Creta
2141 1039 2211 1094 64

54 1131 97 1170 10
119 1112 351 1191 quidam
394 1110 628 1187 figulina
658 1111 827 1187 etiam
857 1128 997 1169 uvas
1037 1108 1275 1169 inlinunt
1320 1112 1689 1209 siccatasque
1721 1111 1850 1170 sole
1881 1130 2124 1191 suspen-

116 1198 290 1270 dunt,
323 1195 378 1253 in
409 1214 514 1254 usu
548 1194 833 1268 diluentes
868 1203 1102 1253 cretam.
1167 1194 1407 1274 eandem
1450 1197 1636 1272 pomis
1665 1197 1802 1255 vino
1832 1196 2121 1273 subigunt.
2187 1216 2192 1221 “

112 1279 270 1340 mala
308 1296 452 1338 vero
496 1277 949 1355 generosissima
991 1277 1197 1338 eadem
1239 1279 1462 1338 ratione
1505 1287 1762 1339 crustant
1793 1298 1986 1358 gypso
2025 1282 2123 1340 vel

116 1378 262 1424 cera
292 1381 475 1442 quae,
520 1363 628 1422 nisi
659 1363 1098 1437 maturaverint,
1142 1361 1498 1421 incremento
1542 1362 1807 1439 calycem
1833 1374 2120 1441 rumpunt.

113 1465 358 1524 semper
386 1456 573 1523 autem
603 1447 660 1505 in
690 1446 994 1529 pediculos
1028 1446 1337 1505 conlocant
1367 1464 1455 1506 ea.
1517 1446 1615 1505 alii
1645 1447 1966 1525 decerpunt
1996 1466 2125 1508 cum

53 1549 94 1588 15
114 1531 368 1593 surculis
423 1548 659 1630 'eosque
728 1532 785 1591 in
846 1514 1155 1589 medullam
1207 1529 1409 1589 sabuci
1463 1529 1691 1591 abditos
1758 1531 2006 1591 obruunt
2057 1541 2117 1591 ut
2140 1555 2185 1588 es

112 1632 295 1694 supra
320 1616 595 1693 scriptum
629 1624 737 1675 est.
798 1613 895 1673 alii
937 1613 1176 1690 singulis
1217 1613 1381 1673 malis
1421 1614 1680 1691 pirisque
1720 1615 1946 1692 singula
1978 1634 2115 1676 vasa
2139 1625 2206 1678 65

114 1699 318 1761 fictilia
347 1700 647 1776 adsignant
678 1706 737 1757 et
767 1697 1046 1776 opercula
1071 1715 1270 1756 eorum
1304 1699 1494 1775 picata
1526 1698 1682 1758 dolio
1713 1699 1917 1759 iterum
1944 1700 2123 1760 inclu-

114 1785 289 1860 dunt,
337 1792 448 1843 nec
492 1800 617 1843 non·
637 1783 811 1860 aliqui
842 1783 900 1842 in
931 1781 1134 1844 floccis
1167 1783 1514 1861 capsisque,
1546 1800 1689 1861 quas
1721 1783 1841 1846 luto
1885 1784 2121 1864 paleato

110 1869 378 1928 inlinunt.
431 1868 527 1927 ahi
557 1869 671 1927 hoc
693 1867 845 1927 idem
873 1868 929 1926 in
959 1868 1166 1945 patinis
1191 1867 1493 1943 fictilibus,
1526 1867 1703 1945 aliqui
1726 1878 1785 1929 et
1820 1869 1878 1928 in
1907 1868 2121 1929 scrobe
2197 1937 2202 1940 ,

109 1952 381 2012 subiecta
420 1952 634 2012 harena
677 1954 751 2012 ita
789 1953 946 2011 sicca
991 1953 1257 2029 operiunt
1299 1969 1435 2012 mox
1476 1961 1653 2012 terra.
1727 1962 1857 2013 sunt
1897 1954 1993 2031 qui
2023 1970 2121 2013 co·

107 2049 296 2099 tonea
324 2054 461 2095 cera
490 2036 726 2095 Pontica
757 2035 915 2108 inlita
936 2035 1113 2094 melle
1138 2035 1497 2111 demergant.
1558 2034 1881 2097 Columella
1913 2045 2117 2096 auctor
2137 2043 2206 2099 66

54 2185 70 2196 ,
109 2131 208 2183 est
241 2120 296 2179 in
329 2129 537 2198 puteos
563 2120 920 2180 cisternasve
949 2119 1004 2177 in
1041 2118 1311 2178 fictilibus
1341 2120 1497 2178 vasis
1526 2120 1659 2197 pice
1690 2119 1953 2196 diligenti
1983 2137 2122 2180 cura

108 2205 292 2266 inlitis
333 2205 535 2280 mergi.
599 2203 829 2280 Liguria
873 2202 1443 2280 maritimaAlpibus
1488 2219 1766 2280 proxuma
1809 2221 1950 2264 uvas
1991 2203 2122 2264 sole

107 2291 368 2352 siccatas
404 2289 554 2346 iunci
595 2288 792 2347 fasciis
823 2286 1063 2348 involvit
1104 2285 1378 2364 cadisque
1414 2286 1676 2346 conditas
1708 2304 1900 2364 gypso
1940 2286 2118 2346 inclu-

53 2397 90 2435 ιε
112 2376 219 2434 dit.
284 2372 399 2432 hoc
430 2372 580 2431 idem
607 2371 813 2431 Graeci
840 2371 1051 2449 platani
1081 2370 1238 2429 foliis
1264 2379 1358 2429 aut
1375 2370 1506 2429 vitis
1535 2371 1719 2447 ipsius
1751 2379 1850 2432 aut
1878 2370 2119 2440 ficiluno

105 2454 208 2519 die
240 2454 523 2516 infumbra
548 2456 782 2515 siccatis
816 2464 989 2533 atque
1022 2455 1078 2513 in
1101 2453 1249 2513 cado
1279 2454 1534 2513 vinaceis
1567 2454 1943 2531 interpositis
2001 2471 2116 2532 quo

103 2558 339 2620 genere
371 2537 493 2599 Coa
524 2557 634 2599 uva
666 2548 725 2598 et
757 2539 989 2614 Berytia
1021 2547 1358 2636 servantur?
1404 2537 1613 2600 nullius
1660 2538 1924 2597 suavitati
1961 2547 2120 2616 post-

102 2624 417 2687 ferendae.
465 2623 712 2700 quidam,
742 2631 800 2682 ut
822 2624 924 2683 has
950 2623 1182 2696 faciant,
1216 2623 1272 2681 in
1298 2622 1493 2681 cinere
1524 2622 1701 2682 lixivo
1734 2622 1953 2698 tingunt
1978 2639 2112 2700 pro·
2135 2631 2202 2686 67

102 2713 266 2771 tinus
301 2725 467 2785 quam
504 2706 811 2766 detraxere
847 2706 1095 2781 vitibuS‚
1139 2723 1278 2768 mox
1320 2707 1376 2765 in
1413 2706 1544 2765 sole
1587 2707 1840 2781 siccant,
1883 2715 1996 2765 tum
2029 2707 2115 2765 so-

54 2795 242 2868 eliis,
273 2800 338 2851 ut
366 2808 539 2868 supra
564 2791 774 2850 dictum
811 2799 934 2866 est,
978 2789 1263 2850 involutas
1285 2790 1541 2851 vinaceis
1572 2791 1801 2868 stipant.
1862 2798 1991 2848 sunt
2018 2790 2117 2869 qui
2135 2813 2181 2847 se

100 2837 333 2938 malunt
373 2892 515 2933 uvas
557 2874 740 2934 scobe
788 2875 1134 2934 ramentisve
1177 2873 1418 2950 abietis,
1463 2874 1698 2960 populi,
1742 2874 1950 2933 fraxini
1993 2891 2117 2932 ser·
2212 2945 2218 2950 ⁹

98 2979 276 3023 vare.
339 2966 469 3019 sunt
494 2958 590 3036 qui
614 2959 889 3035 suspendi
913 2957 1135 3037 procul
1149 2957 1314 3020 malis
1349 2957 1725 3036 protinusque
1756 2958 1812 3015 in
1835 2957 2119 3033 granariis

97 3046 345 3119 iubent,
403 3043 669 3119 quoniam
713 3052 945 3121 optume
997 3042 1071 3101 sit
1122 3043 1483 3120 operimento
1534 3042 1725 3120 pulvis
1774 3040 2112 3118 pensilibus

100 3137 321 3191 contra
350 3144 564 3205 vespas
603 3126 860 3193 remedio
894 3134 984 3185 est
1019 3125 1159 3186 oleo
1191 3126 1464 3205 adspergi
1495 3144 1571 3187 ex
1602 3143 1725 3185 ore.
1775 3124 1870 3185 De
1912 3125 2116 3204 palmis

53 3234 74 3274 5
98 3213 381 3276 diximus.
2085 3231 2135 3272 is,
2153 3231 2200 3264 aa

242 3293 339 3355 18.
384 3293 554 3384 (19.)
619 3292 667 3353 E
707 3294 935 3394 reliquo
978 3311 1200 3371 genere
1238 3312 1537 3373 pomorum
1578 3294 1721 3354 licus
1764 3294 2202 3371 amplissimae&

99 3388 241 3453 est,
277 3377 671 3456 quaedamque
706 3387 764 3438 et
793 3380 933 3457 piris
962 3379 1345 3456 magnitudine
1378 3378 1620 3439 aemula.
1676 3377 1766 3456 De
1792 3377 2114 3456 Aegyptiae

98 3462 489 3541 Cypriaeque
517 3461 804 3521 miraculis
832 3463 1125 3525 retulimus
1156 3466 1302 3525 inter
1327 3472 1617 3524 externas.
1638 3462 1836 3609 ¹glaea
1860 3461 2027 3522 rubet
2049 3454 2190 3553 50¹3}

194 3566 340 3604 ΡιιΝ.
368 3566 491 3603 NAT.
523 3567 659 3604 fflsr.
692 3552 752 3604 ll.
