2320 3650
172 93 254 158 82
861 104 921 155 c,
954 106 1146 154 pum
1182 104 1481 153 saeuum

171 263 422 323 dentium
453 260 641 322 flexus
674 260 887 338 gemini
919 276 996 318 ex
1036 269 1253 333 rostro,
1283 258 1524 320 totidem
1569 276 1603 318 a
1641 259 1835 318 fronte
1867 276 1983 319 ceu
2027 259 2197 322 vituli

170 363 384 405 cornua
416 354 647 406 exeunt.
713 345 862 423 pilus
895 360 1071 405 aereo
1115 343 1316 402 similis
1347 342 1699 419 agrestibus,
1745 345 1966 403 ceteris
1998 345 2192 421 niger.

169 438 228 489 at
258 431 313 487 in
344 426 559 489 Arabia
592 428 818 489 suillum
848 446 1034 505 genus
1065 444 1181 486 non
1214 428 1371 486 vivit.

85 522 188 576 213
330 513 427 573 53.
479 513 649 593 (79.)
695 512 759 572 In
787 513 945 572 nullo
995 529 1218 588 genere
1278 528 1467 587 aeque
1520 509 1710 570 facilis
1750 510 2006 572 mixtura
2061 530 2194 573 cum

167 596 319 673 fero,
352 597 605 675 qualiter
645 606 811 657 natos
836 598 1052 673 antiqui
1086 594 1358 670 hybridas
1389 592 1679 655 vocabant
1706 613 1816 655 ceu
1848 595 2227 672 semiferos,s

172 682 243 741 ad
275 681 536 744 homines
569 698 805 761 quoque
834 690 895 739 ut
921 682 979 739 in
1003 678 1072 739 G.
1107 679 1418 742 Antonium
1451 676 1756 738 Ciceronis
1783 681 1843 738 in
1871 680 2191 740 consulatu

169 764 465 843 collegam
487 764 883 844 appellatione
895 764 1121 824 tralata.
1158 780 1275 822 non
1297 765 1356 823 in
1382 761 1584 821 suibus
1608 771 1800 822 autem
1832 772 2062 823 tantum
2084 763 2192 823 sed

167 850 225 908 in
257 849 520 910 omnibus
555 865 790 928 quoque
813 846 1150 909 animalibus
1187 848 1599 923 cuiuscumque
1621 849 1858 923 generis
1890 847 2081 907 ullum
2101 855 2193 908 est

64 923 467 1015 ‘gqffplaoidum
512 932 768 991 eiusdem
797 933 1081 991 invenitur
1125 940 1184 991 et
1211 929 1430 1007 ferum,
1476 940 1680 1008 utpote
1730 949 1857 991 cum
1893 930 2190 1009 hominum

84 1018 374 1082 214etiam
418 1016 769 1076 silvestrium
812 1024 898 1075 tot
938 1032 1157 1096 genera
1187 1015 1487 1092 praedicta
1528 1015 1658 1073 siut.
1708 1032 1943 1092 caprae
1993 1024 2242 1076 tamenn

164 1101 226 1159 in
261 1099 552 1178 plurumas
584 1099 986 1159 similitudines
1015 1099 1509 1175 transfigurantur.
1557 1106 1703 1157 -sunt
1733 1116 1990 1176 capreae
2009 1143 2028 1174 ,
2060 1108 2192 1159 saut

168 1184 543 1261 rupicaprae,
569 1192 701 1244 sunt
730 1181 915 1243 ibices
941 1183 1300 1262 pernicitatis
1322 1180 1635 1257 mirandae,
1671 1200 2022 1259 quamquam
2043 1200 2188 1243 one·-

165 1275 296 1328 rato
333 1268 527 1345 capite
562 1268 741 1328 vastis
773 1267 1043 1328 cornibus
1073 1266 1514 1345 gladiorumque
1550 1268 1795 1343 vaginis.
1842 1268 1900 1325 iu
1935 1268 2092 1327 haec
2121 1283 2188 1326 se

167 1350 339 1412 librat
380 1360 441 1411 ut
488 1360 780 1412 tormento
837 1352 1032 1430 aliquo
1070 1359 1293 1411 rotatus
1348 1353 1404 1410 in
1462 1358 1692 1428 petras,
1751 1351 2124 1428 potissimum
2149 1370 2189 1411 e

167 1444 363 1495 monte
393 1433 587 1514 aliquo
616 1438 674 1495 in
703 1437 873 1496 alium
908 1435 1199 1496 transilire
1235 1451 1544 1512 quaerens,
1578 1443 1752 1512 atque
1776 1452 2029 1494 recussu
2053 1450 2244 1513 per-1⁵

168 1520 354 1588 nicius
403 1536 518 1597 quo
565 1520 799 1580 libuerit
835 1521 1075 1580 exultat.
1138 1527 1361 1578 suntet
1391 1535 1643 1596 oryges,
1692 1518 1803 1578 soli
1831 1517 2186 1596 quibusdam

169 1603 309 1663 dicti
339 1606 630 1664 contrario
661 1604 785 1682 pilo
816 1604 1019 1664 vestiri
1054 1612 1122 1663 et
1152 1603 1224 1663 ad
1257 1611 1431 1680 caput
1457 1619 1657 1662 verso.
1719 1611 1862 1661 sunt·
1881 1611 1945 1661 et
1977 1603 2184 1663 damae

169 1695 229 1747 et
271 1688 521 1765 pygargi
569 1697 628 1747 et
676 1689 1130 1766 strepsicerotes
1174 1687 1467 1764 multaque
1518 1685 1631 1746 alia
1679 1684 1815 1746 baut
1855 1685 2179 1747 dissimilia.

166 1770 277 1831 sed
305 1770 405 1831 illa
434 1770 642 1849 Alpes,
676 1772 826 1833 haec
860 1771 1219 1833 transmarini
1253 1771 1666 1831 situs-mittunt.

83 1866 187 1919 215
328 1855 428 1934 54.
465 1854 635 1935 (80.)
668 1856 966 1917 Simiarum
998 1873 1235 1935 quoque
1264 1871 1482 1933 genera
1513 1856 1756 1917 hominis
1788 1855 2017 1933 figurae
2048 1870 2241 1935 pro-20

168 1955 341 2000 xuma
385 1938 584 2000 caudis
625 1940 775 1999 inter
816 1958 882 1999 se
919 1940 1319 2017 distinguntur.
1379 1940 1521 1998 mira
1551 1939 1833 1999 sollertia.
1894 1940 2073 2001 visco
2104 1943 2184 1999 iu-

166 2023 357 2100 ungmi
386 2022 729 2102 laqueisque
776 2022 1012 2084 calciari
1043 2025 1359 2084 imitatione
1396 2025 1720 2083 venantium
1761 2024 2024 2099 tradunt,
2062 2024 2183 2083 Mu·

166 2108 353 2167 tiauus
377 2116 438 2166 et
458 2105 795 2168 latrunculis
816 2107 1028 2168 lusisse
1048 2108 1215 2167 fictas
1247 2124 1383 2166 cera
1406 2108 1612 2167 icones
1632 2124 1738 2166 usu
1764 2107 2182 2184 distinguente.

80 2224 99 2233 ι
167 2191 301 2251 luna
338 2207 480 2251 cava
513 2192 694 2253 tristis
739 2208 874 2251 esse
906 2191 1113 2269 quibus
1147 2193 1206 2250 in
1237 2209 1309 2251 eo
1340 2209 1563 2268 genere
1597 2191 1778 2251 cauda
1812 2192 1905 2268 sit,
1967 2208 2184 2253 novam

169 2274 559 2335 exsultatione
599 2275 848 2336 adorari.
905 2293 1034 2335 nam
1078 2276 1371 2335 defectum
1412 2275 1665 2335 siderum
1709 2282 1769 2333 et
1801 2285 2045 2336 ceterae
2080 2291 2240 2355 ptr-n»

86 2366 344 2422 elevent
390 2358 798 2438 quadripedes.
861 2359 1163 2439 Simiarum
1197 2360 1423 2437 ‘generi
1453 2361 1771 2437 praecipua
1806 2376 1949 2436 erga
1991 2360 2185 2420 fetum

173 2441 449 2507 adfectio.
521 2453 753 2520 gestant
800 2443 1026 2504 catulos
1082 2461 1232 2522 quae
1283 2445 1713 2503 mansuefactae
1774 2443 1919 2502 intra
1972 2445 2188 2505 domos

168 2543 486 2605 peperere,
520 2527 783 2587 omnibus
813 2527 1208 2587 demonstrant
1236 2529 1588 2604 tractarique
1615 2526 1888 2604 gaudent,
1921 2527 2183 2604 gratula-

166 2610 383 2670 tionem
426 2610 896 2688 intellegentibus
928 2611 1167 2672 similes.
1234 2613 1428 2689 itaque
1467 2628 1673 2688 magna
1719 2628 1795 2670 ex
1826 2621 1996 2689 parte
2040 2629 2181 2671 coa·-

166 2694 482 2774 plectendo
517 2704 744 2756 necant.
810 2694 1105 2755 efferatior
1150 2694 1571 2773 cynocephalis
1601 2698 1802 2754 natura
1835 2696 1989 2754 sicut
2013 2706 2248 2771 sacy-os

165 2780 269 2839 ris.
334 2778 689 2840 callitriches
720 2787 845 2838 toto
878 2797 1069 2857 paene
1111 2779 1393 2858 adspectu
1427 2780 1715 2853 differunt,
1753 2776 1936 2839 barba
1984 2789 2084 2839 est
2123 2781 2178 2839 iu

165 2863 340 2938 facie,
373 2862 558 2923 cauda
588 2863 705 2924 late
746 2862 874 2924 fusa
907 2864 1144 2941 primori
1173 2873 1357 2942 parte.
1423 2863 1539 2922 hoc
1578 2861 1787 2922 animal
1815 2872 2068 2940 negatur
2094 2864 2182 2922 vi.-

167 2964 311 3006 vere
344 2947 401 3006 in
429 2945 544 3006 alio
576 2965 744 3025 quam
775 2946 1124 3025 Aethiopiae
1155 2965 1270 3026 quo
1304 2948 1558 3024 gignitur
1588 2946 1778 3006 caelo.

83 3038 189 3094 21⁸1
333 3031 433 3090 55.
475 3028 645 3109 (81.)
689 3030 764 3090 Et
807 3030 1070 3109 leporum
1118 3032 1285 3110 plura
1333 3040 1463 3091 sunt
1501 3049 1742 3108 genera.
1809 3031 1865 3088 iu
1919 3028 2175 3108 Alpibus

172 3111 398 3171 candidi
431 3110 637 3189 quibus
679 3113 935 3174 hibernis
983 3116 1278 3175 mensibus
1321 3132 1430 3193 pro
1464 3113 1655 3175 cibatu
1698 3115 1887 3173 nivem
1930 3115 2244 3177 creduutas

174 3210 334 3251 esse.
378 3204 539 3253 certe
569 3197 932 3274 liquescente
980 3217 1049 3260 ea
1082 3198 1423 3259 rutilescunt
1466 3201 1627 3260 annis
1657 3197 1951 3273 omnibus,
1991 3206 2060 3257 et
2087 3206 2178 3258 est

90 3299 97 3305 ·
177 3271 393 3350 alioqui
420 3277 625 3337 animal
653 3279 995 3342 intolerandi
1023 3281 1234 3358 rigoris
1264 3282 1565 3341 alumnum.
1628 3283 1892 3359 leporum
1933 3281 2176 3358 generis

178 3363 310 3415 aaut
352 3363 410 3414 et
441 3374 587 3433 quos
628 3359 901 3440 Hispania
940 3365 1240 3425 cuniculos
1281 3365 1569 3443 appellat,
1615 3365 1988 3437 fecunditatis
2014 3366 2176 3424 inuu-
