2320 3650
180 83 297 147 138
916 95 988 143 c,
1021 95 1215 142 Pmm
1245 94 1545 142 suenum

176 250 570 329 appellamus,
622 256 822 326 portus
867 246 1169 323 Herculis,
1215 246 1509 308 Metaurus
1540 246 1754 322 amnis,
1793 246 2194 311 Tauroentum

178 335 472 412 oppidum,
504 341 705 411 portus
730 330 954 391 Orestis
986 340 1044 390 et
1064 330 1312 391 Medma.
1346 329 1620 408 oppidum
1646 329 2014 408 Scyllaeum,
2050 330 2190 394 Cra-

175 419 321 478 tacis
351 417 586 492 fluvius,
618 423 802 475 mater
836 416 927 493 (ut
955 414 1190 493 dixere)
1224 413 1484 488 Scyllae.
1542 413 1678 473 dein
1710 410 2000 475 Columna
2032 416 2190 477 Rhe·

175 502 268 577 gia
284 545 310 576 „
349 500 603 561 Siculum
647 499 855 559 fretum
886 516 955 559 ac
989 498 1101 557 duo
1148 498 1396 558 adversa
1429 498 1863 574 promontoria,
1914 517 1993 558 ex
2024 498 2193 561 Italia

178 583 438 659 Caenys,
480 602 557 644 ex
587 582 784 642 Sicilia
817 581 1119 657 Pelorum,
1155 580 1465 641 duodecim
1497 580 1814 640 stadiorum
1849 582 2193 659 intervallo,
2213 603 2238 641 s

94 679 162 733 74
177 668 328 727 unde
356 667 641 744 Rhegium
663 665 772 726 XII
795 665 853 724 M
872 664 923 724 D
998 682 1112 724 ass.
1164 664 1305 724 Inde
1331 661 1664 741 Appennini
1696 664 1848 724 silva
1867 664 2019 741 Sila,
2041 684 2193 744 pro-

177 752 515 811 montorium
545 750 909 827 Leucopetra
1060 746 1120 806 Μ
1143 765 1326 827 pas5.,
1379 746 1452 806 ab
1485 745 1556 807 e'a
1585 745 1761 806 Locri
1794 751 2196 824 cognominati

178 854 211 896 a
243 835 634 913 promontorio
668 832 985 912 Zephyrio,
1022 831 1227 890 absunt
1261 849 1294 891 a
1327 830 1520 891 Silaro
1546 827 1785 891 CCCIII
1806 830 1869 891 M
1888 850 2197 910 passuum,

179 928 238 979 et
278 918 581 992 includitur
619 916 894 994 Europae
936 917 1092 973 sinus
1125 916 1359 993 primus.
1428 913 1494 973 In
1528 930 1605 973 eo
1634 914 1817 976 maria
1850 932 2193 995 nuncupan-

175 1012 285 1079 tur,
320 1000 468 1060 unde
500 1001 787 1077 inrumpit,
820 998 1198 1072 Atlanticum,
1233 997 1306 1056 ab
1338 998 1467 1057 aliis
1496 1015 1784 1074 magnum.
1845 997 1960 1077 (pa
1991 1000 2199 1077 intrat,
2216 1020 2262 1059 ιο

176 1085 479 1146 Porthmos
508 1102 541 1143 a
573 1083 832 1158 Graecis,
865 1100 898 1141 a
929 1081 1099 1141 nobis
1131 1081 1468 1142 Gaditanum
1498 1081 1726 1144 fretum.
1768 1100 1898 1141 cum
1930 1084 2196 1161 intravit,

174 1167 488 1245 Hispanum
517 1176 797 1244 quatenus
816 1165 1124 1244 Hispanias
1152 1164 1330 1224 adluit
1363 1163 1436 1225 ab
1467 1164 1598 1223 aliis
1627 1163 1923 1226 Ibericum
1956 1176 2055 1226 aut
2081 1166 2197 1227 Ba-

176 1250 453 1311 liaricum.
505 1267 642 1310 mox
674 1248 953 1309 Gallicum
985 1256 1117 1307 ante
1151 1245 1595 1307 Narbonensem
1631 1250 2015 1326 provinciam.
2051 1250 2197 1312 hino

93 1343 160 1397 75
174 1333 537 1411 Ligusticum.
573 1333 645 1393 ab
669 1350 742 1394 eo
773 1332 845 1394 ad
869 1332 1122 1392 Siciliam
1145 1330 1397 1392 insulam
1412 1330 1683 1414 Tuscum,
1719 1332 1879 1409 quod
1902 1350 1980 1392 ex
2004 1332 2196 1394 Grae·

179 1418 264 1478 cis
313 1418 409 1478 alii
452 1416 681 1478 Notium
721 1416 820 1475 alii
861 1415 1212 1490 Tyrrenum,
1271 1434 1305 1476 e
1355 1416 1570 1473 nostris
1629 1415 1881 1493 plurumi
1938 1416 2198 1478 inferum
2219 1427 2262 1467 ¹5

174 1510 403 1563 vocant.
456 1500 604 1561 ultra
638 1500 890 1560 Siciliam
931 1499 1087 1577 quod
1134 1507 1224 1558 est
1253 1498 1326 1558 ad
1358 1493 1690 1557 Salentinos
1721 1498 2049 1560 Ausonium
2077 1499 2196 1561 Po·

177 1584 367 1659 lybius
415 1584 704 1663 appellat,
745 1582 1167 1643 Eratosthenes
1222 1590 1410 1641 autem
1442 1582 1591 1642 inter
1631 1583 1841 1641 ostium
1873 1584 2092 1644 oceani
2135 1591 2201 1645 et

177 1663 493 1729 Sardiniam
524 1667 796 1745 quidquid
828 1674 918 1725 est
949 1666 1251 1739 Sardoum,
1287 1666 1420 1725 inde
1454 1666 1527 1725 ad
1552 1664 1810 1725 Siciliam
1835 1666 2197 1742 Tyrrenum,

178 1751 249 1810 ab
284 1752 394 1811 hac
426 1748 656 1810 Cretam
684 1768 869 1828 usque
904 1749 1181 1825 Siculum,
1215 1748 1288 1808 ab
1322 1766 1392 1807 ea
1425 1747 1739 1809 Creticum.

96 1846 162 1901 76
300 1836 468 1914 (11.)
514 1834 741 1894 Insulae
790 1852 897 1913 per
948 1834 1097 1895 haec
1150 1834 1328 1893 maria
1383 1834 1602 1911 primae
1652 1834 1908 1894 omnium
1959 1833 2262 1910 Pityus-ao

179 1936 280 1977 sae
329 1937 362 1978 a
407 1918 645 1979 Graecis
698 1918 884 1977 dictae
931 1936 965 1976 a
1004 1918 1213 1977 frutice
1268 1917 1463 1994 pineo.
1527 1935 1680 1976 nuuc
1724 1916 1961 1977 Ebusus
2005 1936 2196 1979 voca·

179 2011 270 2061 tur
312 2011 584 2079 utraque,
633 2002 868 2060 civitate
912 2001 1247 2074 foederata,
1295 2010 1538 2076 angusto
1584 2000 1739 2059 freto
1786 2000 2196 2062 interfluente.

179 2084 381 2145 Patent
419 2083 598 2144 XLVI
626 2083 686 2143 M
723 2102 913 2163 pass.,
963 2085 1234 2144 absunt‘a
1267 2082 1477 2143 Dianio
1524 2085 1915 2161 septingentis
1959 2085 2196 2159 stadiis,

177 2169 415 2230 totidem
447 2167 710 2228 Dianium
743 2186 852 2245 per
880 2168 1265 2227 continentem
1295 2185 1327 2226 a
1360 2163 1715 2243 Carthagine
1748 2184 1921 2228 nova.
1960 2177 2199 2229 tantun·

182 2252 311 2311 dem
344 2272 374 2311 a
409 2252 683 2326 Pityussis
725 2252 781 2310 in
822 2252 996 2311 altum
1028 2251 1291 2310 Baliares
1335 2250 1482 2310 duae
1520 2260 1579 2310 et
1608 2252 1934 2311 Sucronem
1974 2259 2269 2312 versus²⁵

98 2341 163 2397 77
182 2333 540 2396 Colubraria.
604 2335 863 2395 Baliares
901 2334 1075 2394 funda
1117 2334 1437 2395 bellicosas
1469 2332 1684 2394 Graeci
1726 2334 2074 2409 Gymnasias
2110 2335 2201 2396 di·

180 2437 345 2477 xere.
404 2421 586 2479 maior
627 2428 852 2478 centum
897 2418 1013 2478 mil.
1058 2436 1329 2495 passuum
1376 2427 1467 2476 est
1500 2416 1895 2494 longitudine,
1940 2419 2202 2480 circuitu

179 2519 324 2561 vero
365 2499 773 2562 CCCCLXXV
805 2501 879 2561 M.
933 2502 1147 2579 oppida
1180 2498 1357 2560 habet
1392 2502 1602 2561 civium
1633 2500 2028 2562 Romanorum
2061 2501 2200 2562 Pal-

179 2603 324 2644 mam
363 2595 418 2646 et
460 2586 831 2660 Pollentiam,
865 2584 1060 2644 Latina
1093 2582 1311 2644 Cinium
1347 2593 1405 2644 et
1439 2584 1670 2660 Tucim,
1716 2594 1791 2645 et·
1819 2585 2203 2647 foederatum

179 2667 540 2731 Bocchorum
569 2671 692 2731 fuit.
763 2668 834 2729 ab
880 2687 950 2727 ea
978 2665 1145 2726 XXX
1173 2667 1231 2727 M
1263 2686 1417 2746 pass.
1465 2669 1639 2727 distat
1666 2669 1891 2744 minor,
1936 2669 2199 2746 longitu-
2221 2686 2271 2729 aa

182 2750 311 2811 dine
345 2752 442 2812 XL
474 2754 565 2830 M,
622 2755 858 2813 circuitu
890 2749 980 2810 CL
1011 2751 1068 2810 M
1101 2769 1255 2828 pass.
1319 2753 1587 2811 civitates
1619 2751 1798 2811 habet
1829 2751 2201 2829 lamnonem,

99 2836 167 2892 78
182 2833 537 2912 Saniseram,
570 2837 893 2914 Magonem.
954 2834 1007 2892 A
1040 2835 1260 2895 maiore
1291 2832 1401 2894 XII
1430 2833 1490 2894 M
1521 2852 1677 2913 pass.
1716 2836 1777 2894 in
1809 2835 1987 2896 altum
2016 2835 2206 2897 abest

184 2913 461 2995 Capraria
492 2922 764 2981 insidiosa
785 2918 1118 2994 naufragiis,
1153 2926 1214 2977 et
1243 2937 1277 2976 e
1308 2919 1555 2995 regione
1580 2918 1813 2979 Palmae
1843 2918 2006 2978 urbis
2028 2917 2202 2979 Mae-

182 3002 375 3062 nariae
402 3023 469 3064 ac
494 3005 782 3084 Tiquadra
806 3012 864 3063 et
881 2998 1064 3079 parva
1085 3000 1438 3061 Hannibalis.
1492 3000 1675 3062 Ebusi
1701 3010 1862 3063 terra
1892 3003 2205 3080 serpentis

181 3080 373 3159 fugat,
418 3084 798 3148 Colubrariae
832 3087 1013 3163 parit,
1066 3084 1203 3144 ideo
1234 3084 1442 3155 infesta
1478 3085 1741 3145 omnibus
1775 3087 1887 3145 nisi
1918 3084 2271 3147 Ebusita-³⁵

183 3181 313 3224 nam
344 3176 551 3230 terram
581 3169 979 3230 inferentibus.
1035 3168 1242 3229 Graeci
1275 3167 1620 3245 Ophiussam
1650 3168 1879 3230 dixere.
1931 3187 2048 3229 nec
2096 3188 2202 3230 cu-

103 3251 169 3306 79
189 3247 409 3308 uiculos
431 3250 660 3317 Ebusus
683 3254 866 3329 gignit
896 3251 1226 3329 populantis
1248 3251 1553 3311 Baliarium
1580 3254 1815 3313 messis.
1868 3253 2013 3312 Sunt
2036 3252 2203 3314 aliae

183 3325 294 3390 XX
323 3331 504 3397 ferme
539 3354 751 3421 parvae
787 3336 929 3395 mari
960 3334 1206 3400 vadoso.
1242 3334 1475 3396 Galliae·
1500 3345 1690 3397 autem
1713 3353 1818 3399 ora
1840 3338 1896 3397 in
1918 3335 2203 3398 Rhodani
