2320 3650
152 90 268 152 158
551 61 560 68 ⁸
880 101 940 150 c,
982 102 1176 150 pum
1212 100 1512 149 sneunm

89 315 94 322 .
147 258 369 319 Achaia
397 256 561 317 VIIII
606 258 876 316 montium
906 258 1183 317 Scioessa
1225 257 1586 333 notissimus,
1631 256 1761 318 fons
1802 255 2156 332 Cymothoe.

149 344 296 403 ultra
338 341 538 402 Patras
583 341 857 419 oppidum
900 339 1176 417 Olenum,
1224 341 1453 400 colonia
1484 340 1705 417 Dyme,
1753 342 1884 402 loca
1930 340 2158 421 Bupra-

152 429 315 501 sium,
352 426 643 501 Hyrmine,
680 427 1131 502 promontorium
1165 424 1422 499 Araxus,
1459 422 1759 499 Cyllenius
1791 428 1980 502 sinus,
2018 443 2159 504 pro-

149 512 488 569 montorium
522 508 903 584 Chelonates,
953 510 1104 568 unde
1136 506 1423 583 Cyllenen
1451 508 1505 567 V
1535 507 1594 568 M
1622 525 1778 587 pass.
1798 555 1815 586 ,
1849 510 2159 571 castellum

150 593 378 669 Phlius,
428 612 576 672 quae
609 595 775 669 regio
810 591 881 651 ab
912 591 1168 662 Homero
1200 591 1566 666 Araethyrea
1597 593 1749 668 dicta
1784 601 1906 668 est,
1939 602 2158 672 postea
2179 617 2206 657 5

68 685 135 739 14
149 677 383 755 Asopis.
436 677 575 736 Inde
601 675 857 736 Eliorum
881 694 1045 753 ager,
1079 677 1177 753 qui
1205 685 1372 735 autea
1396 673 1586 753 Epioe
1610 675 1987 736 vocabantur.
2024 679 2155 757 ipsa

148 760 272 819 Elis
318 763 374 819 in
408 761 835 819 mediterraneo
880 768 938 819 et
981 777 1012 818 a
1042 759 1187 833 Pylo
1222 758 1331 819 XII
1372 758 1433 817 M
1482 777 1763 837 passuum·
1792 752 1941 820 intus
1985 761 2152 821 deln-

147 845 310 904 brum
346 843 597 921 Olympii
648 843 802 902 Iovis
848 843 1112 903 ludorum
1155 842 1417 902 claritate
1461 843 1646 902 fastos
1679 843 1960 904 Graeciae
2011 861 2152 904 con·

146 929 413 1006 plexum,
467 928 801 987 Pisaeorum
844 928 1130 1005 quondam
1165 926 1470 1004 oppidum,
1518 928 1876 1006 praefluente
1908 926 2149 1007 Alpheo

148 1030 333 1072 amne.
388 1020 444 1071 at
475 1012 530 1068 in
562 1023 662 1070 ora
694 1012 1142 1089 promontorium
1176 1009 1428 1084 Ichthys.
1484 1012 1661 1080 amnis
1692 1011 1957 1089 Alpheus
1986 1013 2145 1072 navi-
2170 1028 2222 1071 ιο

149 1104 316 1171 gatur
339 1093 497 1154 VIM
527 1113 681 1171 pass.
730 1093 958 1172 Oppida
988 1093 1201 1169 Aulon,
1234 1092 1505 1171 Leprion.
1539 1096 1991 1172 promontorium
2017 1094 2151 1156 Pla-

69 1179 410 1241 15tanodes.
466 1179 652 1236 omnia
695 1178 843 1237 haec
888 1178 960 1237 ad
1005 1194 1277 1252 occasum
1311 1195 1503 1237 versa.
1568 1176 1693 1257 (7.)
1740 1179 1811 1238 ad
1844 1179 2148 1252 meridiem

149 1270 339 1321 autem
382 1257 748 1338 Cyparissius
790 1262 943 1319 sinus
994 1279 1122 1319 cum
1162 1259 1310 1319 urbe
1348 1258 1660 1338 Cyparissa
1690 1259 1898 1320 LXXII
1928 1262 2149 1321 milium

149 1363 419 1423 passuum
452 1346 709 1403 circuitu.
766 1345 977 1422 oppida
1009 1344 1207 1419 PyloS,
1241 1342 1533 1418 Methone,
1567 1345 1733 1403 locus
1763 1343 1968 1428 Helos,
2006 1362 2147 1422 pro·

147 1430 486 1488 montorium
522 1427 780 1503 Acritas,
832 1429 987 1486 sinus
1018 1428 1306 1486 Asinaeus
1339 1426 1411 1486 ab
1444 1428 1662 1505 oppido
1695 1427 1908 1503 Asine,
1959 1426 2144 1489 Coro·
2169 1447 2219 1490 15

150 1530 331 1571 naeus
371 1530 403 1571 a
437 1509 687 1570 Corone.
749 1512 1020 1571 liniuntur·
1056 1511 1320 1570 Taenaro
1366 1511 1780 1589 promontorio.
1845 1509 1933 1570 Ibi
1972 1515 2147 1589 regio

151 1594 442 1655 Messenia
482 1594 671 1654 XVIII
714 1597 1001 1654 montium.
1058 1596 1236 1654 amnis
1271 1593 1544 1654 Pamisus.
1603 1596 1751 1653 intus
1794 1604 1986 1654 autem
2016 1598 2146 1675 ipsa

151 1677 445 1754 Messene,
470 1678 712 1754 Ithome,
745 1677 1043 1754 Oechalia,
1074 1678 1294 1751 Arene,
1320 1677 1583 1754 Pteleon,
1610 1677 1863 1753 Thryon,
1894 1678 2145 1754 Dorion,
2209 1678 2213 1681 ’

154 1761 389 1838 Zancle,
420 1763 595 1822 variis
626 1762 781 1843 clara
812 1762 1188 1840 temporibus.
1238 1761 1414 1821 Huius
1445 1763 1599 1822 sinus
1633 1763 1903 1827 clrcuitus
1930 1760 2147 1823 LXXX

150 1844 208 1904 M
244 1864 422 1924 pass.,
457 1848 730 1905 traiectus
759 1864 902 1906 vero
933 1846 1098 1905 XXX
1131 1846 1208 1905 Μ.
2162 1867 2217 1908 20

67 1933 133 1988 16
268 1928 394 2008 (8.)
427 1928 654 1988 Dehinc
685 1947 717 1988 a
748 1929 1011 1989 Taenaro
1044 1948 1188 2006 ager
1215 1929 1539 1989 Laconicus
1569 1929 1795 1990 liberae
1825 1932 2043 2008 gentis,
2079 1940 2141 1990 et

149 2014 303 2071 sinus
337 2013 575 2072 circuitu
604 2009 732 2071 CVI
756 2011 833 2087 M,
864 2015 1108 2073 traiectu
1140 2011 1439 2072 XXXVIII
1468 2013 1699 2073 milium.
1746 2015 1963 2092 oppida
1993 2013 2146 2076 Tae·

146 2114 364 2171 narum,
391 2094 692 2169 Amyclae,
718 2095 962 2171 Pherae,
994 2095 1258 2172 Leuctra,
1292 2098 1519 2156 etintus'
1541 2098 1769 2175 Sparta,
1806 2096 2145 2175 Therapne,

147 2188 318 2257 atque
349 2179 446 2238 ubi
477 2179 641 2239 fuere
675 2177 1051 2255 Cardamyle,
1084 2180 1351 2255 Pithane,
1388 2179 1643 2256 Anthea,
1688 2181 1854 2239 locus
1884 2179 2145 2257 Thyrea,

149 2261 412 2322 Gerania.
468 2281 631 2322 mons
668 2262 1003 2339 Taygetus,
1048 2265 1226 2322 amnis
1257 2262 1538 2339 Eurotas,
1586 2264 1743 2323 sinus
1785 2263 2219 2340 Aegilodes,2⁵

147 2345 1033 2489 ‘tetiffizifflgtisffiz
1067 2344 1526 2489 &stimma
1539 2347 1757 2490 ‘2¹:323
1775 2348 2145 2510 §ffie‘lussrl‘l

145 2514 429 2571 montorio
460 2513 838 2572 includuntur.

66 2597 130 2652 17
265 2597 391 2675 (9.)
437 2595 546 2668 Qui
590 2599 848 2675 sequitur
890 2598 1046 2655 sinus
1094 2596 1169 2656 ad
1201 2597 1531 2672 Scyllaeum
1582 2596 1896 2674 Argolicus
1936 2599 2142 2677 appel·

144 2680 311 2755 latur,
348 2681 590 2740 traiectu
624 2679 667 2739 L
694 2677 754 2738 M
775 2697 953 2757 pass.,
991 2681 1141 2740 idem
1173 2680 1384 2740 ambitu
1408 2679 1608 2740 CLXII
1638 2679 1868 2741 milium.
1920 2683 2141 2761 oppida
2164 2696 2218 2738 so

142 2762 323 2838 Boea,
350 2762 674 2841 Epidaurus
697 2761 920 2823 Limera
943 2767 1310 2840 cognomine,
1339 2764 1547 2841 Zarax,
1582 2762 1627 2823 C
1675 2763 1883 2842 phanta
1913 2775 2140 2844 portus.

144 2864 340 2906 amnes
371 2846 646 2923 Inachus,
680 2845 983 2923 Erasinus,
1027 2848 1177 2907 inter
1211 2864 1358 2926 quos
1391 2847 1587 2925 Argos
1670 2848 1886 2926 ippium
1919 2866 2159 2926 cogno-⁴

144 2931 432 2999 minatum,
458 2948 633 3008 supra
678 2930 869 3003 locum
914 2930 1142 3012 Lernen
1184 2950 1217 2991 a
1258 2932 1398 2991 mari
1443 2930 1561 2993 MM
1610 2949 1764 3011 pass.
1808 2949 2144 3011 novemque

144 3014 351 3072 additis
381 3013 609 3074 milibus
640 3013 922 3088 Mycenae
956 3023 1015 3074 et
1043 3014 1140 3073 ubi
1173 3016 1352 3075 fuisse
1385 3015 1655 3090 Tiryntha
1696 3016 1926 3075 tradunt
1957 3025 2017 3076 et
2052 3016 2142 3076 lo-

141 3114 243 3156 cus
275 3095 582 3156 Mantinea.
635 3097 1254 3173 montes‘Artemisius,
1288 3097 1636 3176 Apesan'tus,
1669 3099 1967 3176 Asterion,
1998 3099 2139 3160 Par-
2164 3116 2219 3159 ³5

143 3196 316 3258 parus
340 3179 551 3256 aliique
575 3179 658 3239 XI
679 3194 935 3240 numero.
980 3181 1174 3241 fontes
1196 3182 1409 3257 Niobe,
1435 3182 1775 3259 Amymone,
1807 3181 2138 3243 Psamatbe.

57 3261 191 3324 leA
223 3261 496 3336 Scyllaeo
530 3261 599 3321 ad
625 3262 894 3323 Isthmum
922 3262 1231 3325 CLXXVII
1253 3266 1311 3326 M
1340 3284 1497 3344 pass.
1546 3264 1777 3345 Oppida
1798 3264 2140 3343 Hermione,

139 3342 926 3426 moenem-coryphasium,
973 3349 1444 3432 appellatumque
1468 3350 1635 3413 alias
1668 3350 1961 3414 Inachium
1992 3350 2146 3413 alias
