<?xml version="1.0" encoding="UTF-8"?>
<!DOCTYPE html PUBLIC "-//W3C//DTD XHTML 1.0 Transitional//EN"
    "http://www.w3.org/TR/xhtml1/DTD/xhtml1-transitional.dtd">
<html xmlns="http://www.w3.org/1999/xhtml" xml:lang="en" lang="en">
 <head>
  <title>
</title>
<meta http-equiv="Content-Type" content="text/html;charset=utf-8" />
  <meta name='ocr-system' content='tesseract 3.04.00' />
  <meta name='ocr-capabilities' content='ocr_page ocr_carea ocr_par ocr_line ocrx_word'/>
</head>
<body>
  <div class='ocr_page' id='page_1' title='image "./cplinisecundina00eldegoog_0507.png"; bbox 0 0 2320 3650; ppageno 0'>
   <div class='ocr_carea' id='block_1_1' title="bbox 239 103 1548 215">
    <p class='ocr_par' dir='ltr' id='par_1_1' title="bbox 239 103 1548 215">
     <span class='ocr_line' id='line_1_1' title="bbox 239 103 1548 215; baseline -0.009 -11"><span class='ocrx_word' id='word_1_1' title='bbox 239 141 358 204; x_wconf 85' lang='lat'><strong>164</strong></span> <span class='ocrx_word' id='word_1_2' title='bbox 935 144 994 215; x_wconf 80' lang='lat' dir='ltr'><strong>c.</strong></span> <span class='ocrx_word' id='word_1_3' title='bbox 1028 145 1220 194; x_wconf 77' lang='lat' dir='ltr'><strong>Pum</strong></span> <span class='ocrx_word' id='word_1_4' title='bbox 1246 103 1548 194; x_wconf 72' lang='lat' dir='ltr'><strong>snctmm</strong></span> 
     </span>
    </p>
   </div>
   <div class='ocr_carea' id='block_1_2' title="bbox 148 301 2268 3505">
    <p class='ocr_par' dir='ltr' id='par_1_2' title="bbox 237 301 2267 797">
     <span class='ocr_line' id='line_1_2' title="bbox 238 301 2232 383; baseline -0.003 -14"><span class='ocrx_word' id='word_1_5' title='bbox 238 309 328 374; x_wconf 83' lang='lat' dir='ltr'><strong>dis</strong></span> <span class='ocrx_word' id='word_1_6' title='bbox 366 306 515 368; x_wconf 72' lang='lat' dir='ltr'><strong>favis</strong></span> <span class='ocrx_word' id='word_1_7' title='bbox 544 303 880 368; x_wconf 82' lang='lat' dir='ltr'><strong>necessaria</strong></span> <span class='ocrx_word' id='word_1_8' title='bbox 922 301 1317 379; x_wconf 80' lang='lat' dir='ltr'><strong>dispensatio,</strong></span> <span class='ocrx_word' id='word_1_9' title='bbox 1363 301 1634 379; x_wconf 82' lang='lat' dir='ltr'><strong>quoniam</strong></span> <span class='ocrx_word' id='word_1_10' title='bbox 1664 301 1864 379; x_wconf 88' lang='lat' dir='ltr'><strong>inopia</strong></span> <span class='ocrx_word' id='word_1_11' title='bbox 1896 303 2021 363; x_wconf 80' lang='lat' dir='ltr'><strong>eibi</strong></span> <span class='ocrx_word' id='word_1_12' title='bbox 2050 304 2232 383; x_wconf 66' lang='lat' dir='ltr'><strong>despe</strong></span> 
     </span>
     <span class='ocr_line' id='line_1_3' title="bbox 237 384 2235 465; baseline -0.002 -13"><span class='ocrx_word' id='word_1_13' title='bbox 237 398 362 456; x_wconf 82' lang='lat' dir='ltr'><strong>rant</strong></span> <span class='ocrx_word' id='word_1_14' title='bbox 399 389 834 465; x_wconf 66' lang='lat' dir='ltr'><strong>moriunturque</strong></span> <span class='ocrx_word' id='word_1_15' title='bbox 864 395 958 446; x_wconf 90' lang='lat' dir='ltr'><strong>aut</strong></span> <span class='ocrx_word' id='word_1_16' title='bbox 1004 384 1334 461; x_wconf 81' lang='lat' dir='ltr'><strong>diffugiunt,</strong></span> <span class='ocrx_word' id='word_1_17' title='bbox 1377 393 1582 444; x_wconf 85' lang='lat' dir='ltr'><strong>contra</strong></span> <span class='ocrx_word' id='word_1_18' title='bbox 1628 385 1805 463; x_wconf 86' lang='lat' dir='ltr'><strong>copia</strong></span> <span class='ocrx_word' id='word_1_19' title='bbox 1847 387 2135 463; x_wconf 83' lang='lat' dir='ltr'><strong>ignaviam</strong></span> <span class='ocrx_word' id='word_1_20' title='bbox 2161 389 2235 447; x_wconf 87' lang='lat' dir='ltr'><strong>ad·</strong></span> 
     </span>
     <span class='ocr_line' id='line_1_4' title="bbox 237 467 2239 549; baseline -0.002 -13"><span class='ocrx_word' id='word_1_21' title='bbox 237 476 386 549; x_wconf 73' lang='lat' dir='ltr'><strong>fert,</strong></span> <span class='ocrx_word' id='word_1_22' title='bbox 428 492 499 536; x_wconf 81' lang='lat' dir='ltr'><strong>ac</strong></span> <span class='ocrx_word' id='word_1_23' title='bbox 538 467 649 536; x_wconf 79' lang='lat' dir='ltr'><strong>iam</strong></span> <span class='ocrx_word' id='word_1_24' title='bbox 684 470 894 547; x_wconf 88' lang='lat' dir='ltr'><strong>melle,</strong></span> <span class='ocrx_word' id='word_1_25' title='bbox 925 488 1040 540; x_wconf 89' lang='lat' dir='ltr'><strong>non</strong></span> <span class='ocrx_word' id='word_1_26' title='bbox 1070 469 1364 544; x_wconf 77' lang='lat' dir='ltr'><strong>erithace,</strong></span> <span class='ocrx_word' id='word_1_27' title='bbox 1415 478 1749 548; x_wconf 87' lang='lat' dir='ltr'><strong>pascuntur.</strong></span> <span class='ocrx_word' id='word_1_28' title='bbox 1820 487 1975 547; x_wconf 81' lang='lat' dir='ltr'><strong>ergo</strong></span> <span class='ocrx_word' id='word_1_29' title='bbox 2027 472 2239 549; x_wconf 75' lang='lat' dir='ltr'><strong>diligen·</strong></span> 
     </span>
     <span class='ocr_line' id='line_1_5' title="bbox 237 552 2240 634; baseline -0.004 -14"><span class='ocrx_word' id='word_1_30' title='bbox 237 560 419 620; x_wconf 76' lang='lat' dir='ltr'><strong>tiores</strong></span> <span class='ocrx_word' id='word_1_31' title='bbox 463 576 558 622; x_wconf 77' lang='lat' dir='ltr'><strong>,ex</strong></span> <span class='ocrx_word' id='word_1_32' title='bbox 601 553 742 616; x_wconf 77' lang='lat' dir='ltr'><strong>‘hac</strong></span> <span class='ocrx_word' id='word_1_33' title='bbox 807 553 1095 622; x_wconf 83' lang='lat' dir='ltr'><strong>vindemia</strong></span> <span class='ocrx_word' id='word_1_34' title='bbox 1160 566 1275 613; x_wconf 82' lang='lat' dir='ltr'><strong>xv.</strong></span> <span class='ocrx_word' id='word_1_35' title='bbox 1337 562 1563 631; x_wconf 82' lang='lat' dir='ltr'><strong>partem</strong></span> <span class='ocrx_word' id='word_1_36' title='bbox 1626 552 1837 631; x_wconf 86' lang='lat' dir='ltr'><strong>apibus</strong></span> <span class='ocrx_word' id='word_1_37' title='bbox 1914 555 2240 634; x_wconf 79' lang='lat' dir='ltr'><strong>relinquont.</strong></span> 
     </span>
     <span class='ocr_line' id='line_1_6' title="bbox 238 637 2267 716; baseline -0.005 -11"><span class='ocrx_word' id='word_1_38' title='bbox 238 643 364 706; x_wconf 74' lang='lat' dir='ltr'><strong>dies</strong></span> <span class='ocrx_word' id='word_1_39' title='bbox 396 651 579 704; x_wconf 74' lang='lat' dir='ltr'><strong>status</strong></span> <span class='ocrx_word' id='word_1_40' title='bbox 610 639 1006 715; x_wconf 83' lang='lat' dir='ltr'><strong>inchoandae,</strong></span> <span class='ocrx_word' id='word_1_41' title='bbox 1038 647 1096 697; x_wconf 92' lang='lat' dir='ltr'><strong>ut</strong></span> <span class='ocrx_word' id='word_1_42' title='bbox 1129 638 1376 716; x_wconf 85' lang='lat' dir='ltr'><strong>quadam</strong></span> <span class='ocrx_word' id='word_1_43' title='bbox 1407 637 1544 715; x_wconf 76' lang='lat' dir='ltr'><strong>leg-e</strong></span> <span class='ocrx_word' id='word_1_44' title='bbox 1578 646 1818 697; x_wconf 88' lang='lat' dir='ltr'><strong>naturae</strong></span> <span class='ocrx_word' id='word_1_45' title='bbox 1840 682 1858 713; x_wconf 89' lang='lat'><strong>,</strong></span> <span class='ocrx_word' id='word_1_46' title='bbox 1906 641 1964 698; x_wconf 89' lang='lat' dir='ltr'><strong>si</strong></span> <span class='ocrx_word' id='word_1_47' title='bbox 1996 642 2145 699; x_wconf 88' lang='lat' dir='ltr'><strong>scire</strong></span> <span class='ocrx_word' id='word_1_48' title='bbox 2170 649 2267 699; x_wconf 70' lang='grc'><strong>11111</strong></span> 
     </span>
     <span class='ocr_line' id='line_1_7' title="bbox 239 717 2243 797; baseline -0.001 -10"><span class='ocrx_word' id='word_1_49' title='bbox 239 727 562 790; x_wconf 80' lang='lat' dir='ltr'><strong>observare</strong></span> <span class='ocrx_word' id='word_1_50' title='bbox 599 724 862 785; x_wconf 86' lang='lat' dir='ltr'><strong>homines</strong></span> <span class='ocrx_word' id='word_1_51' title='bbox 919 720 1173 797; x_wconf 85' lang='lat' dir='ltr'><strong>vellent,</strong></span> <span class='ocrx_word' id='word_1_52' title='bbox 1216 723 1545 782; x_wconf 87' lang='lat' dir='ltr'><strong>tricesimus</strong></span> <span class='ocrx_word' id='word_1_53' title='bbox 1590 720 1663 780; x_wconf 88' lang='lat' dir='ltr'><strong>ab</strong></span> <span class='ocrx_word' id='word_1_54' title='bbox 1710 717 1934 782; x_wconf 85' lang='lat' dir='ltr'><strong>educto</strong></span> <span class='ocrx_word' id='word_1_55' title='bbox 1987 726 2243 794; x_wconf 72' lang='lat' dir='ltr'><strong>examine,</strong></span> 
     </span>
    </p>

    <p class='ocr_par' dir='ltr' id='par_1_3' title="bbox 153 806 2268 1226">
     <span class='ocr_line' id='line_1_8' title="bbox 153 806 2243 890; baseline -0.004 -14"><span class='ocrx_word' id='word_1_56' title='bbox 153 811 486 890; x_wconf 54' lang='lat' dir='ltr'><strong>&amp;fereque</strong></span> <span class='ocrx_word' id='word_1_57' title='bbox 519 808 671 870; x_wconf 78' lang='lat' dir='ltr'><strong>Maio</strong></span> <span class='ocrx_word' id='word_1_58' title='bbox 719 826 919 868; x_wconf 88' lang='lat' dir='ltr'><strong>mense</strong></span> <span class='ocrx_word' id='word_1_59' title='bbox 961 806 1274 868; x_wconf 79' lang='lat' dir='ltr'><strong>includitur</strong></span> <span class='ocrx_word' id='word_1_60' title='bbox 1302 806 1451 865; x_wconf 90' lang='lat' dir='ltr'><strong>haec</strong></span> <span class='ocrx_word' id='word_1_61' title='bbox 1480 806 1786 867; x_wconf 88' lang='lat' dir='ltr'><strong>vindemia.</strong></span> <span class='ocrx_word' id='word_1_62' title='bbox 1868 806 2140 867; x_wconf 81' lang='lat' dir='ltr'><strong>Alterum</strong></span> <span class='ocrx_word' id='word_1_63' title='bbox 2167 826 2243 885; x_wconf 75' lang='lat' dir='ltr'><strong>ge·</strong></span> 
     </span>
     <span class='ocr_line' id='line_1_9' title="bbox 238 889 2244 971; baseline -0.002 -15"><span class='ocrx_word' id='word_1_64' title='bbox 238 915 344 958; x_wconf 78' lang='lat' dir='ltr'><strong>uus</strong></span> <span class='ocrx_word' id='word_1_65' title='bbox 373 904 466 958; x_wconf 84' lang='lat' dir='ltr'><strong>est</strong></span> <span class='ocrx_word' id='word_1_66' title='bbox 493 893 681 958; x_wconf 80' lang='lat' dir='ltr'><strong>mellis</strong></span> <span class='ocrx_word' id='word_1_67' title='bbox 712 891 958 967; x_wconf 84' lang='lat' dir='ltr'><strong>aestivi,</strong></span> <span class='ocrx_word' id='word_1_68' title='bbox 1001 889 1156 970; x_wconf 89' lang='lat' dir='ltr'><strong>quod</strong></span> <span class='ocrx_word' id='word_1_69' title='bbox 1202 890 1338 949; x_wconf 90' lang='lat' dir='ltr'><strong>ideo</strong></span> <span class='ocrx_word' id='word_1_70' title='bbox 1369 900 1616 951; x_wconf 80' lang='lat' dir='ltr'><strong>vocatur</strong></span> <span class='ocrx_word' id='word_1_71' title='bbox 1656 890 1931 951; x_wconf 84' lang='lat' dir='ltr'><strong>horaeon</strong></span> <span class='ocrx_word' id='word_1_72' title='bbox 1976 910 2014 953; x_wconf 88' lang='lat' dir='ltr'><strong>a</strong></span> <span class='ocrx_word' id='word_1_73' title='bbox 2058 901 2244 971; x_wconf 79' lang='lat' dir='ltr'><strong>tempe·</strong></span> 
     </span>
     <span class='ocr_line' id='line_1_10' title="bbox 239 974 2243 1057; baseline -0.003 -16"><span class='ocrx_word' id='word_1_74' title='bbox 239 980 487 1041; x_wconf 79' lang='lat' dir='ltr'><strong>stivitate</strong></span> <span class='ocrx_word' id='word_1_75' title='bbox 521 977 858 1057; x_wconf 87' lang='lat' dir='ltr'><strong>praecipua,</strong></span> <span class='ocrx_word' id='word_1_76' title='bbox 890 977 1021 1054; x_wconf 91' lang='lat' dir='ltr'><strong>ipso</strong></span> <span class='ocrx_word' id='word_1_77' title='bbox 1040 977 1193 1048; x_wconf 48' lang='lat' dir='ltr'><strong>⁶sirio</strong></span> <span class='ocrx_word' id='word_1_78' title='bbox 1219 974 1754 1053; x_wconf 77' lang='lat' dir='ltr'><strong>exsplendescente</strong></span> <span class='ocrx_word' id='word_1_79' title='bbox 1787 986 1936 1052; x_wconf 85' lang='lat' dir='ltr'><strong>post</strong></span> <span class='ocrx_word' id='word_1_80' title='bbox 1968 975 2243 1038; x_wconf 61' lang='lat' dir='ltr'><strong>solstitium</strong></span> 
     </span>
     <span class='ocr_line' id='line_1_11' title="bbox 239 1059 2268 1126; baseline -0.003 -2"><span class='ocrx_word' id='word_1_81' title='bbox 239 1063 447 1125; x_wconf 88' lang='lat' dir='ltr'><strong>diebus</strong></span> <span class='ocrx_word' id='word_1_82' title='bbox 497 1063 731 1126; x_wconf 83' lang='lat' dir='ltr'><strong>tricenis</strong></span> <span class='ocrx_word' id='word_1_83' title='bbox 788 1059 935 1119; x_wconf 82' lang='lat' dir='ltr'><strong>fere.</strong></span> <span class='ocrx_word' id='word_1_84' title='bbox 1000 1061 1260 1120; x_wconf 87' lang='lat' dir='ltr'><strong>inmensa</strong></span> <span class='ocrx_word' id='word_1_85' title='bbox 1314 1060 1468 1119; x_wconf 89' lang='lat' dir='ltr'><strong>circa</strong></span> <span class='ocrx_word' id='word_1_86' title='bbox 1511 1059 1626 1119; x_wconf 87' lang='lat' dir='ltr'><strong>hoc</strong></span> <span class='ocrx_word' id='word_1_87' title='bbox 1685 1059 1990 1122; x_wconf 78' lang='lat' dir='ltr'><strong>subtilitas</strong></span> <span class='ocrx_word' id='word_1_88' title='bbox 2042 1070 2268 1122; x_wconf 64' lang='lat' dir='ltr'><strong>naturaei</strong></span> 
     </span>
     <span class='ocr_line' id='line_1_12' title="bbox 238 1142 2245 1226; baseline -0.003 -16"><span class='ocrx_word' id='word_1_89' title='bbox 238 1145 573 1210; x_wconf 77' lang='lat' dir='ltr'><strong>mortalibus</strong></span> <span class='ocrx_word' id='word_1_90' title='bbox 607 1143 900 1224; x_wconf 81' lang='lat' dir='ltr'><strong>patefacta</strong></span> <span class='ocrx_word' id='word_1_91' title='bbox 933 1152 1044 1221; x_wconf 91' lang='lat' dir='ltr'><strong>est,</strong></span> <span class='ocrx_word' id='word_1_92' title='bbox 1077 1144 1186 1203; x_wconf 89' lang='lat' dir='ltr'><strong>nisi</strong></span> <span class='ocrx_word' id='word_1_93' title='bbox 1228 1142 1387 1203; x_wconf 81' lang='lat' dir='ltr'><strong>fraus</strong></span> <span class='ocrx_word' id='word_1_94' title='bbox 1426 1143 1717 1203; x_wconf 88' lang='lat' dir='ltr'><strong>hominum</strong></span> <span class='ocrx_word' id='word_1_95' title='bbox 1747 1154 1970 1206; x_wconf 86' lang='lat' dir='ltr'><strong>cuncta</strong></span> <span class='ocrx_word' id='word_1_96' title='bbox 2017 1148 2245 1226; x_wconf 83' lang='lat' dir='ltr'><strong>pernicie</strong></span> 
     </span>
    </p>

    <p class='ocr_par' dir='ltr' id='par_1_4' title="bbox 153 1227 2245 1393">
     <span class='ocr_line' id='line_1_13' title="bbox 153 1227 2245 1311; baseline -0.002 -19"><span class='ocrx_word' id='word_1_97' title='bbox 153 1240 221 1297; x_wconf 79' lang='lat'><strong>37</strong></span> <span class='ocrx_word' id='word_1_98' title='bbox 242 1239 658 1310; x_wconf 71' lang='lat' dir='ltr'><strong>corrumperet.</strong></span> <span class='ocrx_word' id='word_1_99' title='bbox 734 1246 982 1307; x_wconf 85' lang='lat' dir='ltr'><strong>namque</strong></span> <span class='ocrx_word' id='word_1_100' title='bbox 1033 1227 1104 1290; x_wconf 89' lang='lat' dir='ltr'><strong>ab</strong></span> <span class='ocrx_word' id='word_1_101' title='bbox 1154 1237 1361 1288; x_wconf 89' lang='lat' dir='ltr'><strong>exortu</strong></span> <span class='ocrx_word' id='word_1_102' title='bbox 1408 1227 1621 1288; x_wconf 89' lang='lat' dir='ltr'><strong>sideris</strong></span> <span class='ocrx_word' id='word_1_103' title='bbox 1663 1230 2127 1311; x_wconf 73' lang='lat' dir='ltr'><strong>cuiuscumque,</strong></span> <span class='ocrx_word' id='word_1_104' title='bbox 2164 1228 2245 1290; x_wconf 82' lang='lat' dir='ltr'><strong>sed</strong></span> 
     </span>
     <span class='ocr_line' id='line_1_14' title="bbox 239 1312 2244 1393; baseline -0.002 -17"><span class='ocrx_word' id='word_1_105' title='bbox 239 1315 512 1382; x_wconf 82' lang='lat' dir='ltr'><strong>nobilium</strong></span> <span class='ocrx_word' id='word_1_106' title='bbox 550 1332 847 1388; x_wconf 76' lang='lat' dir='ltr'><strong>maxume,</strong></span> <span class='ocrx_word' id='word_1_107' title='bbox 885 1322 982 1373; x_wconf 85' lang='lat' dir='ltr'><strong>aut</strong></span> <span class='ocrx_word' id='word_1_108' title='bbox 1019 1312 1294 1373; x_wconf 88' lang='lat' dir='ltr'><strong>caelestis</strong></span> <span class='ocrx_word' id='word_1_109' title='bbox 1325 1330 1529 1387; x_wconf 88' lang='lat' dir='ltr'><strong>arcus,</strong></span> <span class='ocrx_word' id='word_1_110' title='bbox 1573 1314 1624 1372; x_wconf 92' lang='lat' dir='ltr'><strong>si</strong></span> <span class='ocrx_word' id='word_1_111' title='bbox 1654 1315 1781 1372; x_wconf 81' lang='lat' dir='ltr'><strong>&#39;non</strong></span> <span class='ocrx_word' id='word_1_112' title='bbox 1813 1325 2145 1393; x_wconf 81' lang='lat' dir='ltr'><strong>sequantur</strong></span> <span class='ocrx_word' id='word_1_113' title='bbox 2169 1315 2244 1373; x_wconf 78' lang='lat' dir='ltr'><strong>iin-</strong></span> 
     </span>
    </p>

    <p class='ocr_par' dir='ltr' id='par_1_5' title="bbox 179 1396 2268 1899">
     <span class='ocr_line' id='line_1_15' title="bbox 179 1396 2246 1476; baseline -0.003 -14"><span class='ocrx_word' id='word_1_114' title='bbox 179 1455 188 1462; x_wconf 39' lang='lat'>2</span> <span class='ocrx_word' id='word_1_115' title='bbox 240 1400 382 1464; x_wconf 76' lang='lat' dir='ltr'><strong>bren</strong></span> <span class='ocrx_word' id='word_1_116' title='bbox 414 1400 523 1462; x_wconf 88' lang='lat' dir='ltr'><strong>sed</strong></span> <span class='ocrx_word' id='word_1_117' title='bbox 565 1416 665 1459; x_wconf 89' lang='lat' dir='ltr'><strong>ros</strong></span> <span class='ocrx_word' id='word_1_118' title='bbox 699 1406 969 1476; x_wconf 87' lang='lat' dir='ltr'><strong>tepescat</strong></span> <span class='ocrx_word' id='word_1_119' title='bbox 1002 1397 1146 1458; x_wconf 87' lang='lat' dir='ltr'><strong>solis</strong></span> <span class='ocrx_word' id='word_1_120' title='bbox 1177 1397 1390 1472; x_wconf 91' lang='lat' dir='ltr'><strong>radiis,</strong></span> <span class='ocrx_word' id='word_1_121' title='bbox 1434 1396 1897 1474; x_wconf 85' lang='lat' dir='ltr'><strong>medicamenta,</strong></span> <span class='ocrx_word' id='word_1_122' title='bbox 1954 1418 2077 1460; x_wconf 91' lang='lat' dir='ltr'><strong>non</strong></span> <span class='ocrx_word' id='word_1_123' title='bbox 2105 1398 2246 1459; x_wconf 81' lang='lat' dir='ltr'><strong>mella</strong></span> 
     </span>
     <span class='ocr_line' id='line_1_16' title="bbox 236 1481 2268 1563; baseline -0.003 -19"><span class='ocrx_word' id='word_1_124' title='bbox 236 1481 838 1563; x_wconf 75' lang='lat' dir='ltr'><strong>gignuntur,&#39;oculis,</strong></span> <span class='ocrx_word' id='word_1_125' title='bbox 872 1481 1168 1542; x_wconf 89' lang='lat' dir='ltr'><strong>ulceribus</strong></span> <span class='ocrx_word' id='word_1_126' title='bbox 1202 1481 1558 1558; x_wconf 85' lang='lat' dir='ltr'><strong>internisque</strong></span> <span class='ocrx_word' id='word_1_127' title='bbox 1580 1481 1919 1542; x_wconf 87' lang='lat' dir='ltr'><strong>visceribus</strong></span> <span class='ocrx_word' id='word_1_128' title='bbox 1953 1485 2109 1546; x_wconf 81' lang='lat' dir='ltr'><strong>dona</strong></span> <span class='ocrx_word' id='word_1_129' title='bbox 2140 1498 2268 1544; x_wconf 81' lang='lat' dir='ltr'><strong>cae-1</strong></span> 
     </span>
     <span class='ocr_line' id='line_1_17' title="bbox 237 1565 2243 1647; baseline -0.002 -15"><span class='ocrx_word' id='word_1_130' title='bbox 237 1570 427 1632; x_wconf 81' lang='lat' dir='ltr'><strong>lestia.</strong></span> <span class='ocrx_word' id='word_1_131' title='bbox 500 1568 654 1646; x_wconf 88' lang='lat' dir='ltr'><strong>quod</strong></span> <span class='ocrx_word' id='word_1_132' title='bbox 699 1569 748 1626; x_wconf 86' lang='lat' dir='ltr'><strong>si</strong></span> <span class='ocrx_word' id='word_1_133' title='bbox 795 1576 1065 1625; x_wconf 87' lang='lat' dir='ltr'><strong>servetur</strong></span> <span class='ocrx_word' id='word_1_134' title='bbox 1118 1565 1234 1625; x_wconf 90' lang='lat' dir='ltr'><strong>hoc</strong></span> <span class='ocrx_word' id='word_1_135' title='bbox 1276 1567 1415 1625; x_wconf 91' lang='lat' dir='ltr'><strong>sirio</strong></span> <span class='ocrx_word' id='word_1_136' title='bbox 1461 1567 1768 1625; x_wconf 86' lang='lat' dir='ltr'><strong>exoriente</strong></span> <span class='ocrx_word' id='word_1_137' title='bbox 1818 1584 2091 1647; x_wconf 80' lang='lat' dir='ltr'><strong>casuque</strong></span> <span class='ocrx_word' id='word_1_138' title='bbox 2135 1585 2243 1629; x_wconf 83' lang='lat' dir='ltr'><strong>con·</strong></span> 
     </span>
     <span class='ocr_line' id='line_1_18' title="bbox 234 1647 2244 1730; baseline -0.004 -14"><span class='ocrx_word' id='word_1_139' title='bbox 234 1662 405 1730; x_wconf 70' lang='lat' dir='ltr'><strong>gruat</strong></span> <span class='ocrx_word' id='word_1_140' title='bbox 434 1654 496 1714; x_wconf 86' lang='lat' dir='ltr'><strong>in</strong></span> <span class='ocrx_word' id='word_1_141' title='bbox 515 1652 766 1714; x_wconf 84' lang='lat' dir='ltr'><strong>eundem</strong></span> <span class='ocrx_word' id='word_1_142' title='bbox 797 1649 969 1726; x_wconf 87' lang='lat' dir='ltr'><strong>diem,</strong></span> <span class='ocrx_word' id='word_1_143' title='bbox 1004 1660 1062 1710; x_wconf 90' lang='lat' dir='ltr'><strong>ut</strong></span> <span class='ocrx_word' id='word_1_144' title='bbox 1090 1668 1296 1728; x_wconf 85' lang='lat' dir='ltr'><strong>saepe,</strong></span> <span class='ocrx_word' id='word_1_145' title='bbox 1327 1648 1578 1712; x_wconf 84' lang='lat' dir='ltr'><strong>Veneris</strong></span> <span class='ocrx_word' id='word_1_146' title='bbox 1614 1659 1710 1709; x_wconf 89' lang='lat' dir='ltr'><strong>aut</strong></span> <span class='ocrx_word' id='word_1_147' title='bbox 1744 1647 1909 1711; x_wconf 81' lang='lat' dir='ltr'><strong>Iovis</strong></span> <span class='ocrx_word' id='word_1_148' title='bbox 1944 1651 2244 1714; x_wconf 66' lang='lat' dir='ltr'><strong>mercurive</strong></span> 
     </span>
     <span class='ocr_line' id='line_1_19' title="bbox 237 1733 2243 1813; baseline -0 -16"><span class='ocrx_word' id='word_1_149' title='bbox 237 1746 499 1812; x_wconf 82' lang='lat' dir='ltr'><strong>exortus,</strong></span> <span class='ocrx_word' id='word_1_150' title='bbox 531 1751 646 1796; x_wconf 88' lang='lat' dir='ltr'><strong>non</strong></span> <span class='ocrx_word' id='word_1_151' title='bbox 676 1735 791 1795; x_wconf 89' lang='lat' dir='ltr'><strong>alia</strong></span> <span class='ocrx_word' id='word_1_152' title='bbox 820 1738 1073 1795; x_wconf 88' lang='lat' dir='ltr'><strong>suavitas</strong></span> <span class='ocrx_word' id='word_1_153' title='bbox 1099 1736 1307 1813; x_wconf 84' lang='lat' dir='ltr'><strong>visque</strong></span> <span class='ocrx_word' id='word_1_154' title='bbox 1339 1733 1667 1795; x_wconf 87' lang='lat' dir='ltr'><strong>mortalium</strong></span> <span class='ocrx_word' id='word_1_155' title='bbox 1690 1734 1862 1794; x_wconf 87' lang='lat' dir='ltr'><strong>malis</strong></span> <span class='ocrx_word' id='word_1_156' title='bbox 1896 1753 1934 1797; x_wconf 84' lang='lat' dir='ltr'><strong>a</strong></span> <span class='ocrx_word' id='word_1_157' title='bbox 1964 1748 2150 1800; x_wconf 76' lang='lat' dir='ltr'><strong>morte</strong></span> <span class='ocrx_word' id='word_1_158' title='bbox 2175 1754 2243 1796; x_wconf 82' lang='lat' dir='ltr'><strong>re·</strong></span> 
     </span>
     <span class='ocr_line' id='line_1_20' title="bbox 237 1818 1364 1899; baseline -0.002 -19"><span class='ocrx_word' id='word_1_159' title='bbox 237 1821 516 1881; x_wconf 88' lang='lat' dir='ltr'><strong>vocandis</strong></span> <span class='ocrx_word' id='word_1_160' title='bbox 555 1839 721 1899; x_wconf 85' lang='lat' dir='ltr'><strong>quam</strong></span> <span class='ocrx_word' id='word_1_161' title='bbox 751 1818 925 1887; x_wconf 83' lang='lat' dir='ltr'><strong>divini</strong></span> <span class='ocrx_word' id='word_1_162' title='bbox 957 1820 1212 1883; x_wconf 86' lang='lat' dir='ltr'><strong>nectaris</strong></span> <span class='ocrx_word' id='word_1_163' title='bbox 1249 1820 1364 1880; x_wconf 83' lang='lat' dir='ltr'><strong>fiat.</strong></span> 
     </span>
    </p>

    <p class='ocr_par' dir='ltr' id='par_1_6' title="bbox 151 1902 2266 2408">
     <span class='ocr_line' id='line_1_21' title="bbox 151 1902 2266 1988; baseline -0.003 -18"><span class='ocrx_word' id='word_1_164' title='bbox 151 1916 232 1970; x_wconf 85' lang='grc'><strong>38-</strong></span> <span class='ocrx_word' id='word_1_165' title='bbox 368 1905 463 1965; x_wconf 88' lang='lat'><strong>15.</strong></span> <span class='ocrx_word' id='word_1_166' title='bbox 513 1904 682 1982; x_wconf 85' lang='lat'>(15.)</span> <span class='ocrx_word' id='word_1_167' title='bbox 721 1902 838 1964; x_wconf 81' lang='lat' dir='ltr'><strong>Mel</strong></span> <span class='ocrx_word' id='word_1_168' title='bbox 873 1904 1191 1982; x_wconf 88' lang='lat' dir='ltr'><strong>plenilunio</strong></span> <span class='ocrx_word' id='word_1_169' title='bbox 1224 1904 1461 1964; x_wconf 90' lang='lat' dir='ltr'><strong>uberius</strong></span> <span class='ocrx_word' id='word_1_170' title='bbox 1491 1905 1736 1984; x_wconf 90' lang='lat' dir='ltr'><strong>capitur,</strong></span> <span class='ocrx_word' id='word_1_171' title='bbox 1772 1923 2003 1968; x_wconf 87' lang='lat' dir='ltr'><strong>serena</strong></span> <span class='ocrx_word' id='word_1_172' title='bbox 2028 1908 2121 1968; x_wconf 90' lang='lat' dir='ltr'><strong>die</strong></span> <span class='ocrx_word' id='word_1_173' title='bbox 2146 1905 2266 1988; x_wconf 71' lang='lat' dir='ltr'><strong>pin-1</strong></span> 
     </span>
     <span class='ocr_line' id='line_1_22' title="bbox 232 1981 2248 2072; baseline 0.001 -23"><span class='ocrx_word' id='word_1_174' title='bbox 232 1991 421 2066; x_wconf 75' lang='lat' dir='ltr'><strong>guius.</strong></span> <span class='ocrx_word' id='word_1_175' title='bbox 453 1981 518 2050; x_wconf 86' lang='lat' dir='ltr'><strong>In</strong></span> <span class='ocrx_word' id='word_1_176' title='bbox 542 1990 694 2049; x_wconf 86' lang='lat' dir='ltr'><strong>omni</strong></span> <span class='ocrx_word' id='word_1_177' title='bbox 717 1987 891 2050; x_wconf 90' lang='lat' dir='ltr'><strong>melle</strong></span> <span class='ocrx_word' id='word_1_178' title='bbox 911 1989 1065 2067; x_wconf 85' lang='lat' dir='ltr'><strong>quod</strong></span> <span class='ocrx_word' id='word_1_179' title='bbox 1091 2007 1202 2067; x_wconf 89' lang='lat' dir='ltr'><strong>per</strong></span> <span class='ocrx_word' id='word_1_180' title='bbox 1224 2008 1290 2049; x_wconf 87' lang='lat' dir='ltr'><strong>se</strong></span> <span class='ocrx_word' id='word_1_181' title='bbox 1316 1989 1479 2049; x_wconf 84' lang='lat' dir='ltr'><strong>fluxit</strong></span> <span class='ocrx_word' id='word_1_182' title='bbox 1502 1998 1561 2048; x_wconf 86' lang='lat' dir='ltr'><strong>ut</strong></span> <span class='ocrx_word' id='word_1_183' title='bbox 1581 1998 1832 2050; x_wconf 89' lang='lat' dir='ltr'><strong>mustum</strong></span> <span class='ocrx_word' id='word_1_184' title='bbox 1859 1991 2248 2072; x_wconf 82' lang='lat' dir='ltr'><strong>oleumque—</strong></span> 
     </span>
     <span class='ocr_line' id='line_1_23' title="bbox 234 2072 2246 2154; baseline -0.002 -17"><span class='ocrx_word' id='word_1_185' title='bbox 234 2074 824 2154; x_wconf 37' lang='lat' dir='ltr'><strong>appellaturxacetum</strong></span> <span class='ocrx_word' id='word_1_186' title='bbox 853 2106 939 2117; x_wconf 93' lang='grc'>-</span> <span class='ocrx_word' id='word_1_187' title='bbox 968 2091 1233 2133; x_wconf 82' lang='lat' dir='ltr'><strong>maxume</strong></span> <span class='ocrx_word' id='word_1_188' title='bbox 1278 2072 1572 2134; x_wconf 90' lang='lat' dir='ltr'><strong>laudabile</strong></span> <span class='ocrx_word' id='word_1_189' title='bbox 1605 2082 1716 2133; x_wconf 71' lang='lat' dir='ltr'><strong>est,</strong></span> <span class='ocrx_word' id='word_1_190' title='bbox 1768 2077 2070 2137; x_wconf 85' lang='lat' dir='ltr'><strong>aestivom</strong></span> <span class='ocrx_word' id='word_1_191' title='bbox 2106 2092 2246 2138; x_wconf 81' lang='lat' dir='ltr'><strong>omne</strong></span> 
     </span>
     <span class='ocr_line' id='line_1_24' title="bbox 235 2157 2246 2233; baseline -0.001 -15"><span class='ocrx_word' id='word_1_192' title='bbox 235 2159 499 2233; x_wconf 73' lang='lat' dir='ltr'><strong>rutilum,</strong></span> <span class='ocrx_word' id='word_1_193' title='bbox 545 2167 605 2218; x_wconf 89' lang='lat' dir='ltr'><strong>ut</strong></span> <span class='ocrx_word' id='word_1_194' title='bbox 639 2157 984 2223; x_wconf 81' lang='lat' dir='ltr'><strong>siccioribus</strong></span> <span class='ocrx_word' id='word_1_195' title='bbox 1020 2157 1349 2218; x_wconf 85' lang='lat' dir='ltr'><strong>confectum</strong></span> <span class='ocrx_word' id='word_1_196' title='bbox 1379 2157 1605 2219; x_wconf 91' lang='lat' dir='ltr'><strong>diebus.</strong></span> <span class='ocrx_word' id='word_1_197' title='bbox 1672 2157 1873 2219; x_wconf 88' lang='lat' dir='ltr'><strong>album</strong></span> <span class='ocrx_word' id='word_1_198' title='bbox 1914 2162 2038 2221; x_wconf 87' lang='lat' dir='ltr'><strong>mel</strong></span> <span class='ocrx_word' id='word_1_199' title='bbox 2071 2177 2179 2221; x_wconf 91' lang='lat' dir='ltr'><strong>non</strong></span> <span class='ocrx_word' id='word_1_200' title='bbox 2202 2159 2246 2218; x_wconf 79' lang='lat' dir='ltr'><strong>iit</strong></span> 
     </span>
     <span class='ocr_line' id='line_1_25' title="bbox 234 2240 2246 2322; baseline -0 -19"><span class='ocrx_word' id='word_1_201' title='bbox 234 2242 338 2303; x_wconf 87' lang='lat' dir='ltr'><strong>ubi</strong></span> <span class='ocrx_word' id='word_1_202' title='bbox 374 2242 628 2318; x_wconf 78' lang='lat' dir='ltr'><strong>thymum</strong></span> <span class='ocrx_word' id='word_1_203' title='bbox 677 2250 813 2317; x_wconf 64' lang='lat' dir='ltr'><strong>est,</strong></span> <span class='ocrx_word' id='word_1_204' title='bbox 845 2240 952 2302; x_wconf 85' lang='lat' dir='ltr'><strong>sed</strong></span> <span class='ocrx_word' id='word_1_205' title='bbox 993 2240 1183 2302; x_wconf 87' lang='lat' dir='ltr'><strong>oculis</strong></span> <span class='ocrx_word' id='word_1_206' title='bbox 1222 2250 1283 2302; x_wconf 90' lang='lat' dir='ltr'><strong>et</strong></span> <span class='ocrx_word' id='word_1_207' title='bbox 1324 2240 1621 2302; x_wconf 82' lang='lat' dir='ltr'><strong>ulceribus</strong></span> <span class='ocrx_word' id='word_1_208' title='bbox 1660 2244 2035 2322; x_wconf 87' lang='lat' dir='ltr'><strong>aptissimum</strong></span> <span class='ocrx_word' id='word_1_209' title='bbox 2078 2245 2246 2306; x_wconf 70' lang='lat' dir='ltr'><strong>existi-</strong></span> 
     </span>
     <span class='ocr_line' id='line_1_26' title="bbox 233 2325 2266 2408; baseline 0 -22"><span class='ocrx_word' id='word_1_210' title='bbox 233 2337 415 2386; x_wconf 86' lang='lat' dir='ltr'><strong>matur</strong></span> <span class='ocrx_word' id='word_1_211' title='bbox 444 2345 478 2386; x_wconf 91' lang='lat' dir='ltr'><strong>e</strong></span> <span class='ocrx_word' id='word_1_212' title='bbox 509 2326 729 2402; x_wconf 78' lang='lat' dir='ltr'><strong>thymo,</strong></span> <span class='ocrx_word' id='word_1_213' title='bbox 763 2325 985 2385; x_wconf 91' lang='lat' dir='ltr'><strong>coloris</strong></span> <span class='ocrx_word' id='word_1_214' title='bbox 1016 2326 1200 2401; x_wconf 86' lang='lat' dir='ltr'><strong>aurei,</strong></span> <span class='ocrx_word' id='word_1_215' title='bbox 1232 2327 1464 2405; x_wconf 88' lang='lat' dir='ltr'><strong>saporis</strong></span> <span class='ocrx_word' id='word_1_216' title='bbox 1487 2327 1824 2404; x_wconf 81' lang='lat' dir='ltr'><strong>gratissimi.</strong></span> <span class='ocrx_word' id='word_1_217' title='bbox 1891 2331 2056 2408; x_wconf 78' lang='lat' dir='ltr'><strong>quod</strong></span> <span class='ocrx_word' id='word_1_218' title='bbox 2080 2331 2142 2390; x_wconf 81' lang='lat' dir='ltr'><strong>fit</strong></span> <span class='ocrx_word' id='word_1_219' title='bbox 2166 2336 2266 2408; x_wconf 48' lang='lat' dir='ltr'><strong>pa*</strong></span> 
     </span>
    </p>

    <p class='ocr_par' dir='ltr' id='par_1_7' title="bbox 149 2409 2264 2832">
     <span class='ocr_line' id='line_1_27' title="bbox 149 2409 2245 2489; baseline -0.001 -18"><span class='ocrx_word' id='word_1_220' title='bbox 149 2411 348 2476; x_wconf 83' lang='lat' dir='ltr'><strong>39lam</strong></span> <span class='ocrx_word' id='word_1_221' title='bbox 380 2409 615 2471; x_wconf 87' lang='lat' dir='ltr'><strong>doliolis</strong></span> <span class='ocrx_word' id='word_1_222' title='bbox 651 2411 886 2489; x_wconf 78' lang='lat' dir='ltr'><strong>pingue,</strong></span> <span class='ocrx_word' id='word_1_223' title='bbox 920 2411 1141 2475; x_wconf 82' lang='lat' dir='ltr'><strong>marino</strong></span> <span class='ocrx_word' id='word_1_224' title='bbox 1177 2429 1211 2469; x_wconf 91' lang='lat' dir='ltr'><strong>e</strong></span> <span class='ocrx_word' id='word_1_225' title='bbox 1241 2427 1378 2470; x_wconf 91' lang='lat' dir='ltr'><strong>rore</strong></span> <span class='ocrx_word' id='word_1_226' title='bbox 1412 2412 1681 2489; x_wconf 85' lang='lat' dir='ltr'><strong>spissum.</strong></span> <span class='ocrx_word' id='word_1_227' title='bbox 1743 2412 1906 2489; x_wconf 81' lang='lat' dir='ltr'><strong>quod</strong></span> <span class='ocrx_word' id='word_1_228' title='bbox 1942 2414 2245 2476; x_wconf 80' lang='lat' dir='ltr'><strong>concrescit</strong></span> 
     </span>
     <span class='ocr_line' id='line_1_28' title="bbox 219 2494 2244 2579; baseline -0.002 -20"><span class='ocrx_word' id='word_1_229' title='bbox 219 2503 426 2559; x_wconf 82' lang='lat' dir='ltr'><strong>‚autem</strong></span> <span class='ocrx_word' id='word_1_230' title='bbox 452 2496 698 2557; x_wconf 88' lang='lat' dir='ltr'><strong>minume</strong></span> <span class='ocrx_word' id='word_1_231' title='bbox 729 2494 1011 2557; x_wconf 85' lang='lat' dir='ltr'><strong>laudatur.</strong></span> <span class='ocrx_word' id='word_1_232' title='bbox 1077 2494 1405 2569; x_wconf 76' lang='lat' dir='ltr'><strong>thymosum</strong></span> <span class='ocrx_word' id='word_1_233' title='bbox 1436 2512 1553 2555; x_wconf 92' lang='lat' dir='ltr'><strong>non</strong></span> <span class='ocrx_word' id='word_1_234' title='bbox 1597 2497 1717 2556; x_wconf 88' lang='lat' dir='ltr'><strong>coit</strong></span> <span class='ocrx_word' id='word_1_235' title='bbox 1749 2505 1808 2555; x_wconf 85' lang='lat' dir='ltr'><strong>et</strong></span> <span class='ocrx_word' id='word_1_236' title='bbox 1837 2507 2007 2559; x_wconf 88' lang='lat' dir='ltr'><strong>tactu</strong></span> <span class='ocrx_word' id='word_1_237' title='bbox 2042 2507 2244 2579; x_wconf 83' lang='lat' dir='ltr'><strong>praete·</strong></span> 
     </span>
     <span class='ocr_line' id='line_1_29' title="bbox 211 2579 2248 2657; baseline 0.001 -20"><span class='ocrx_word' id='word_1_238' title='bbox 211 2579 491 2643; x_wconf 70' lang='grc'><strong>,1111101110</strong></span> <span class='ocrx_word' id='word_1_239' title='bbox 517 2579 722 2653; x_wconf 88' lang='lat' dir='ltr'><strong>mittit,</strong></span> <span class='ocrx_word' id='word_1_240' title='bbox 771 2579 927 2656; x_wconf 89' lang='lat' dir='ltr'><strong>quod</strong></span> <span class='ocrx_word' id='word_1_241' title='bbox 956 2579 1197 2657; x_wconf 89' lang='lat' dir='ltr'><strong>primum</strong></span> <span class='ocrx_word' id='word_1_242' title='bbox 1225 2579 1530 2657; x_wconf 80' lang='lat' dir='ltr'><strong>gravitatis</strong></span> <span class='ocrx_word' id='word_1_243' title='bbox 1552 2590 1963 2657; x_wconf 82' lang='lat' dir='ltr'><strong>argumentum</strong></span> <span class='ocrx_word' id='word_1_244' title='bbox 1996 2592 2108 2643; x_wconf 89' lang='lat' dir='ltr'><strong>est.</strong></span> <span class='ocrx_word' id='word_1_245' title='bbox 2166 2581 2248 2642; x_wconf 76' lang='lat' dir='ltr'><strong>ab·</strong></span> 
     </span>
     <span class='ocr_line' id='line_1_30' title="bbox 234 2662 2247 2743; baseline 0 -19"><span class='ocrx_word' id='word_1_246' title='bbox 234 2666 421 2743; x_wconf 89' lang='lat' dir='ltr'><strong>rumpi</strong></span> <span class='ocrx_word' id='word_1_247' title='bbox 444 2666 631 2724; x_wconf 89' lang='lat' dir='ltr'><strong>statim</strong></span> <span class='ocrx_word' id='word_1_248' title='bbox 665 2670 725 2721; x_wconf 90' lang='lat' dir='ltr'><strong>et</strong></span> <span class='ocrx_word' id='word_1_249' title='bbox 754 2662 986 2727; x_wconf 87' lang='lat' dir='ltr'><strong>resilire</strong></span> <span class='ocrx_word' id='word_1_250' title='bbox 1015 2672 1208 2739; x_wconf 82' lang='lat' dir='ltr'><strong>guttas</strong></span> <span class='ocrx_word' id='word_1_251' title='bbox 1244 2663 1483 2724; x_wconf 88' lang='lat' dir='ltr'><strong>vilitatis</strong></span> <span class='ocrx_word' id='word_1_252' title='bbox 1529 2663 1807 2727; x_wconf 87' lang='lat' dir='ltr'><strong>indicium</strong></span> <span class='ocrx_word' id='word_1_253' title='bbox 1839 2665 2115 2733; x_wconf 82' lang='lat' dir='ltr'><strong>habetur.</strong></span> <span class='ocrx_word' id='word_1_254' title='bbox 2170 2682 2247 2725; x_wconf 67' lang='lat' dir='ltr'><strong>ce·</strong></span> 
     </span>
     <span class='ocr_line' id='line_1_31' title="bbox 234 2747 2264 2832; baseline 0 -23"><span class='ocrx_word' id='word_1_255' title='bbox 234 2767 417 2828; x_wconf 81' lang='lat' dir='ltr'><strong>quens</strong></span> <span class='ocrx_word' id='word_1_256' title='bbox 463 2747 730 2827; x_wconf 84' lang='lat' dir='ltr'><strong>probatio</strong></span> <span class='ocrx_word' id='word_1_257' title='bbox 780 2756 841 2806; x_wconf 90' lang='lat' dir='ltr'><strong>ut</strong></span> <span class='ocrx_word' id='word_1_258' title='bbox 886 2747 961 2807; x_wconf 89' lang='lat' dir='ltr'><strong>sit</strong></span> <span class='ocrx_word' id='word_1_259' title='bbox 1003 2747 1307 2808; x_wconf 88' lang='lat' dir='ltr'><strong>odoratum</strong></span> <span class='ocrx_word' id='word_1_260' title='bbox 1354 2757 1413 2807; x_wconf 85' lang='lat' dir='ltr'><strong>et</strong></span> <span class='ocrx_word' id='word_1_261' title='bbox 1468 2766 1543 2808; x_wconf 88' lang='lat' dir='ltr'><strong>ex</strong></span> <span class='ocrx_word' id='word_1_262' title='bbox 1593 2748 1750 2809; x_wconf 88' lang='lat' dir='ltr'><strong>dulci</strong></span> <span class='ocrx_word' id='word_1_263' title='bbox 1788 2766 1977 2828; x_wconf 87' lang='lat' dir='ltr'><strong>acre,</strong></span> <span class='ocrx_word' id='word_1_264' title='bbox 2020 2751 2264 2832; x_wconf 72' lang='lat' dir='ltr'><strong>glutino-²</strong></span> 
     </span>
    </p>

    <p class='ocr_par' dir='ltr' id='par_1_8' title="bbox 148 2832 2264 3230">
     <span class='ocr_line' id='line_1_32' title="bbox 148 2832 2245 2913; baseline -0 -20"><span class='ocrx_word' id='word_1_265' title='bbox 148 2844 378 2909; x_wconf 64' lang='lat' dir='ltr'><strong>meum,</strong></span> <span class='ocrx_word' id='word_1_266' title='bbox 409 2832 789 2912; x_wconf 85' lang='lat' dir='ltr'><strong>perlucidum.</strong></span> <span class='ocrx_word' id='word_1_267' title='bbox 858 2833 1082 2892; x_wconf 83' lang='lat' dir='ltr'><strong>aestiva</strong></span> <span class='ocrx_word' id='word_1_268' title='bbox 1099 2833 1437 2893; x_wconf 85' lang='lat' dir='ltr'><strong>mellatione</strong></span> <span class='ocrx_word' id='word_1_269' title='bbox 1461 2832 1762 2893; x_wconf 87' lang='lat' dir='ltr'><strong>decumam</strong></span> <span class='ocrx_word' id='word_1_270' title='bbox 1792 2845 2035 2913; x_wconf 79' lang='lat' dir='ltr'><strong>partem</strong></span> <span class='ocrx_word' id='word_1_271' title='bbox 2068 2834 2245 2898; x_wconf 69' lang='lat' dir='ltr'><strong>cunio</strong></span> 
     </span>
     <span class='ocr_line' id='line_1_33' title="bbox 231 2915 2245 2996; baseline -0.001 -17"><span class='ocrx_word' id='word_1_272' title='bbox 231 2918 516 2994; x_wconf 77' lang='lat' dir='ltr'><strong>Dionysio</strong></span> <span class='ocrx_word' id='word_1_273' title='bbox 552 2915 762 2994; x_wconf 87' lang='lat' dir='ltr'><strong>apibus</strong></span> <span class='ocrx_word' id='word_1_274' title='bbox 809 2916 1057 2995; x_wconf 88' lang='lat' dir='ltr'><strong>relinqui</strong></span> <span class='ocrx_word' id='word_1_275' title='bbox 1100 2918 1334 2995; x_wconf 87' lang='lat' dir='ltr'><strong>placet,</strong></span> <span class='ocrx_word' id='word_1_276' title='bbox 1376 2918 1425 2976; x_wconf 92' lang='lat' dir='ltr'><strong>si</strong></span> <span class='ocrx_word' id='word_1_277' title='bbox 1483 2917 1696 2996; x_wconf 90' lang='lat' dir='ltr'><strong>plenae</strong></span> <span class='ocrx_word' id='word_1_278' title='bbox 1741 2917 1973 2980; x_wconf 81' lang='lat' dir='ltr'><strong>fuerint</strong></span> <span class='ocrx_word' id='word_1_279' title='bbox 2015 2920 2148 2985; x_wconf 77' lang='lat' dir='ltr'><strong>alvi.</strong></span> <span class='ocrx_word' id='word_1_280' title='bbox 2209 2919 2245 2978; x_wconf 84' lang='lat' dir='ltr'><strong>si</strong></span> 
     </span>
     <span class='ocr_line' id='line_1_34' title="bbox 233 3002 2240 3081; baseline -0.002 -20"><span class='ocrx_word' id='word_1_281' title='bbox 233 3004 450 3077; x_wconf 83' lang='lat' dir='ltr'><strong>minus,</strong></span> <span class='ocrx_word' id='word_1_282' title='bbox 484 3018 591 3078; x_wconf 80' lang='lat' dir='ltr'><strong>pro</strong></span> <span class='ocrx_word' id='word_1_283' title='bbox 623 3010 746 3062; x_wconf 83' lang='lat' dir='ltr'><strong>rata</strong></span> <span class='ocrx_word' id='word_1_284' title='bbox 776 3002 1048 3080; x_wconf 89' lang='lat' dir='ltr'><strong>portione</strong></span> <span class='ocrx_word' id='word_1_285' title='bbox 1091 3011 1188 3061; x_wconf 87' lang='lat' dir='ltr'><strong>aut</strong></span> <span class='ocrx_word' id='word_1_286' title='bbox 1209 3046 1226 3077; x_wconf 99' lang='lat'><strong>,</strong></span> <span class='ocrx_word' id='word_1_287' title='bbox 1273 3003 1323 3060; x_wconf 88' lang='lat' dir='ltr'><strong>si</strong></span> <span class='ocrx_word' id='word_1_288' title='bbox 1355 3002 1585 3076; x_wconf 88' lang='lat' dir='ltr'><strong>inanes,</strong></span> <span class='ocrx_word' id='word_1_289' title='bbox 1622 3003 1860 3062; x_wconf 89' lang='lat' dir='ltr'><strong>omnino</strong></span> <span class='ocrx_word' id='word_1_290' title='bbox 1900 3022 2027 3069; x_wconf 80' lang='lat' dir='ltr'><strong>non</strong></span> <span class='ocrx_word' id='word_1_291' title='bbox 2051 3004 2240 3081; x_wconf 60' lang='lat' dir='ltr'><strong>aufugi.</strong></span> 
     </span>
     <span class='ocr_line' id='line_1_35' title="bbox 234 3085 2241 3171; baseline 0.001 -28"><span class='ocrx_word' id='word_1_292' title='bbox 234 3085 368 3144; x_wconf 78' lang='lat' dir='ltr'><strong>huic</strong></span> <span class='ocrx_word' id='word_1_293' title='bbox 411 3085 766 3171; x_wconf 56' lang='lat' dir='ltr'><strong>vindemiae,</strong></span> <span class='ocrx_word' id='word_1_294' title='bbox 791 3086 970 3145; x_wconf 85' lang='lat' dir='ltr'><strong>Attici</strong></span> <span class='ocrx_word' id='word_1_295' title='bbox 1011 3087 1235 3163; x_wconf 83' lang='lat' dir='ltr'><strong>signum</strong></span> <span class='ocrx_word' id='word_1_296' title='bbox 1278 3086 1496 3146; x_wconf 89' lang='lat' dir='ltr'><strong>dedere</strong></span> <span class='ocrx_word' id='word_1_297' title='bbox 1544 3087 1765 3146; x_wconf 89' lang='lat' dir='ltr'><strong>initium</strong></span> <span class='ocrx_word' id='word_1_298' title='bbox 1825 3089 2133 3168; x_wconf 66' lang='lat' dir='ltr'><strong>caprifici,</strong></span> <span class='ocrx_word' id='word_1_299' title='bbox 2170 3086 2241 3149; x_wconf 78' lang='lat' dir='ltr'><strong>alii</strong></span> 
     </span>
     <span class='ocr_line' id='line_1_36' title="bbox 238 3166 2264 3230; baseline -0 -4"><span class='ocrx_word' id='word_1_300' title='bbox 238 3166 388 3226; x_wconf 89' lang='lat' dir='ltr'><strong>diem</strong></span> <span class='ocrx_word' id='word_1_301' title='bbox 407 3170 686 3229; x_wconf 86' lang='lat' dir='ltr'><strong>¹Volcano</strong></span> <span class='ocrx_word' id='word_1_302' title='bbox 727 3188 975 3230; x_wconf 88' lang='lat' dir='ltr'><strong>sacrum.</strong></span> <span class='ocrx_word' id='word_1_303' title='bbox 1896 3207 1905 3210; x_wconf 31' lang='grc' dir='ltr'><em>ψ</em></span> <span class='ocrx_word' id='word_1_304' title='bbox 2252 3180 2264 3225; x_wconf 73' lang='lat'>³</span> 
     </span>
    </p>

    <p class='ocr_par' dir='ltr' id='par_1_9' title="bbox 151 3251 2240 3505">
     <span class='ocr_line' id='line_1_37' title="bbox 151 3251 2238 3335; baseline 0.008 -26"><span class='ocrx_word' id='word_1_305' title='bbox 151 3257 217 3310; x_wconf 79' lang='grc'><strong>41</strong></span> <span class='ocrx_word' id='word_1_306' title='bbox 367 3251 461 3310; x_wconf 89' lang='grc'><strong>16.</strong></span> <span class='ocrx_word' id='word_1_307' title='bbox 522 3251 778 3314; x_wconf 87' lang='lat' dir='ltr'><strong>Tertium</strong></span> <span class='ocrx_word' id='word_1_308' title='bbox 834 3273 1020 3332; x_wconf 79' lang='lat' dir='ltr'><strong>genus</strong></span> <span class='ocrx_word' id='word_1_309' title='bbox 1074 3255 1266 3315; x_wconf 90' lang='lat' dir='ltr'><strong>mellis</strong></span> <span class='ocrx_word' id='word_1_310' title='bbox 1313 3257 1560 3319; x_wconf 89' lang='lat' dir='ltr'><strong>minume</strong></span> <span class='ocrx_word' id='word_1_311' title='bbox 1601 3255 1918 3335; x_wconf 86' lang='lat' dir='ltr'><strong>probatum</strong></span> <span class='ocrx_word' id='word_1_312' title='bbox 1962 3260 2238 3331; x_wconf 44' lang='lat' dir='ltr'><strong>‚silvosus</strong></span> 
     </span>
     <span class='ocr_line' id='line_1_38' title="bbox 238 3331 2240 3421; baseline 0.007 -33"><span class='ocrx_word' id='word_1_313' title='bbox 238 3331 393 3408; x_wconf 82' lang='lat' dir='ltr'><strong>quod</strong></span> <span class='ocrx_word' id='word_1_314' title='bbox 425 3336 716 3397; x_wconf 89' lang='lat' dir='ltr'><strong>ericaeum</strong></span> <span class='ocrx_word' id='word_1_315' title='bbox 745 3350 977 3420; x_wconf 82' lang='lat' dir='ltr'><strong>vocant.</strong></span> <span class='ocrx_word' id='word_1_316' title='bbox 1044 3342 1387 3401; x_wconf 85' lang='lat' dir='ltr'><strong>convehitur</strong></span> <span class='ocrx_word' id='word_1_317' title='bbox 1418 3351 1555 3421; x_wconf 89' lang='lat' dir='ltr'><strong>post</strong></span> <span class='ocrx_word' id='word_1_318' title='bbox 1597 3343 1821 3421; x_wconf 88' lang='lat' dir='ltr'><strong>primos</strong></span> <span class='ocrx_word' id='word_1_319' title='bbox 1858 3338 2136 3407; x_wconf 71' lang='lat' dir='ltr'><strong>‘autumni</strong></span> <span class='ocrx_word' id='word_1_320' title='bbox 2170 3344 2240 3403; x_wconf 76' lang='lat' dir='ltr'><strong>in·</strong></span> 
     </span>
     <span class='ocr_line' id='line_1_39' title="bbox 237 3414 2237 3505; baseline 0.009 -34"><span class='ocrx_word' id='word_1_321' title='bbox 237 3414 393 3489; x_wconf 89' lang='lat' dir='ltr'><strong>bris,</strong></span> <span class='ocrx_word' id='word_1_322' title='bbox 427 3433 553 3475; x_wconf 88' lang='lat' dir='ltr'><strong>cum</strong></span> <span class='ocrx_word' id='word_1_323' title='bbox 584 3423 744 3481; x_wconf 86' lang='lat' dir='ltr'><strong>erice</strong></span> <span class='ocrx_word' id='word_1_324' title='bbox 776 3424 905 3484; x_wconf 89' lang='lat' dir='ltr'><strong>sola</strong></span> <span class='ocrx_word' id='word_1_325' title='bbox 950 3424 1122 3484; x_wconf 84' lang='lat' dir='ltr'><strong>floret</strong></span> <span class='ocrx_word' id='word_1_326' title='bbox 1163 3427 1220 3485; x_wconf 92' lang='lat' dir='ltr'><strong>in</strong></span> <span class='ocrx_word' id='word_1_327' title='bbox 1250 3427 1453 3505; x_wconf 90' lang='lat' dir='ltr'><strong>silvis,</strong></span> <span class='ocrx_word' id='word_1_328' title='bbox 1507 3426 1581 3488; x_wconf 91' lang='lat' dir='ltr'><strong>ob</strong></span> <span class='ocrx_word' id='word_1_329' title='bbox 1616 3428 1673 3491; x_wconf 92' lang='lat' dir='ltr'><strong>id</strong></span> <span class='ocrx_word' id='word_1_330' title='bbox 1717 3424 2033 3492; x_wconf 84' lang='lat' dir='ltr'><strong>harenoso</strong></span> <span class='ocrx_word' id='word_1_331' title='bbox 2066 3427 2237 3493; x_wconf 74' lang='lat' dir='ltr'><strong>simile.</strong></span> 
     </span>
    </p>
   </div>
  </div>
 </body>
</html>
