2320 3650
243 110 363 172 102
679 155 684 158 -
924 122 983 168 c.
1022 123 1214 168 PLINI
1246 121 1547 170 SECUNDI

230 278 441 338 tabulis
485 294 556 335 ac
596 292 907 335 numeroso
953 286 1117 335 suctu
1146 275 1351 351 trahit,
1387 294 1517 335 cum
1572 277 1629 336 in
1665 278 1983 353 naufragos
2021 281 2224 340 urinan-

229 364 377 421 tisve
411 363 683 438 impetum
718 362 891 438 cepit.
953 359 1059 419 sed
1091 361 1140 417 si
1176 362 1513 435 invertatur,
1564 360 1934 437 elanguescit
1960 363 2072 422 vis,
2143 382 2225 423 ex-

229 446 530 523 porrigunt
562 445 712 502 enim
743 463 809 502 se
840 445 1177 521 resupinati.
1241 452 1440 503 cetera
1491 461 1639 521 quae
1673 445 1834 504 idem
1860 445 2066 508 retulit
2086 465 2226 510 mu·

143 540 211 593 92
236 540 356 589 stro
409 530 688 607 propiora
722 537 968 606 possunt
1011 528 1219 588 videri.
1291 526 1565 589 Carteiae
1592 529 1650 587 in
1694 531 1931 588 cetariis
1974 530 2226 592 adsuetus

230 615 394 672 exire
427 632 460 672 e
488 614 629 672 mari
661 614 717 671 iu
753 612 914 672 lacus
952 629 1152 671 eorum
1183 622 1420 690 apertos
1451 622 1627 691 atque
1653 612 1736 672 ibi
1757 613 2113 676 salsamenta
2138 632 2255 694 βοή

228 698 437 776 pulari‚
463 732 545 740 —
567 697 712 755 mire
748 696 1011 755 omnibus
1039 696 1273 756 marinis
1299 696 1712 774 expetentibus
1743 697 1993 758 odorem
2014 716 2225 778 quoque

229 800 449 856 eorum,
485 800 596 859 qua
628 781 701 840 de
733 799 907 840 causa
940 790 999 839 et
1026 782 1213 840 nassis
1253 782 1473 841 muriae
1504 781 1836 856 inlinuntur,
1877 816 1953 825 -—-
2000 800 2223 844 conver-

226 867 292 924 tit
324 869 380 925 in
415 883 481 924 se
525 864 825 924 custodum
878 865 1335 941 indignationem
1373 864 1720 925 adsiduitate
1766 865 1908 926 furti
1954 868 2221 930 inmodici.

226 969 441 1029 saepes
474 958 637 1008 erant
666 949 975 1023 obiectae,
1021 949 1125 1009 sed
1156 950 1269 1009 has·
1306 949 1760 1010 transcendebat
1804 968 1913 1029 per
1951 950 2221 1024 arboren,

227 1053 339 1093 nec
372 1032 733 1111 deprehendi
777 1035 963 1110 potuit
1014 1034 1123 1092 nisi
1172 1052 1372 1093 canum
1414 1035 1754 1110 sagacitate.
1814 1034 1875 1093 bi
1903 1035 2262 1096 redeuntemss

155 1150 160 1156 ·
227 1120 653 1178 circumvasere
695 1125 913 1192 noctu,
965 1119 1297 1196 concitique
1354 1118 1628 1178 custodes
1676 1137 1981 1196 expavere
2031 1122 2223 1179 novita-

226 1211 360 1261 tem.
418 1202 661 1279 primum
704 1202 951 1260 omnium
992 1201 1325 1278 magnitudo
1348 1195 1598 1263 inaudita
1625 1212 1771 1262 erat.
1834 1202 2050 1263 deinde
2083 1204 2225 1264 color

227 1287 411 1345 muria
453 1285 617 1344 obliti
661 1285 847 1345 odore
891 1286 1019 1345 diri.
1083 1289 1211 1363 quis
1253 1286 1333 1345 ibi
1377 1285 1657 1364 polypum
1701 1297 2115 1365 exspectasset
2146 1296 2223 1350 aut
2268 1241 2274 1314 l

117 1395 130 1402 ·
228 1373 308 1430 ita
341 1366 777 1447 cognosceret?
811 1388 938 1428 cum
967 1380 1227 1429 monstro
1257 1370 1531 1430 dimicare
1560 1369 1671 1429 sibi
1695 1370 2062 1436 videbantur.
2094 1389 2222 1431 nam·

229 1473 343 1533 que
376 1465 434 1513 et
465 1454 678 1515 adflatu
717 1454 964 1513 terribili
1005 1472 1182 1516 canes
1211 1451 1445 1530 agebat,
1486 1473 1638 1514 nunc
1674 1457 1959 1516 extremis
1992 1455 2263 1516 crinibusu

228 1539 592 1615 flagellatos,
635 1556 786 1596 nunc
825 1535 1250 1597 robustioribus
1298 1537 1586 1598 bracchiis
1631 1538 1930 1599 clavarum
1957 1542 2129 1600 modo
2157 1539 2224 1600 h-

143 1632 212 1687 93
238 1640 474 1696 cassos,
535 1639 834 1700 aegreque
891 1622 1083 1681 multis
1123 1621 1464 1682 tridentibus
1522 1623 1732 1682 confici
1781 1626 1994 1701 potuit.
2055 1633 2220 1684 osten·
2272 1659 2273 1674 ι

230 1708 372 1767 dere
404 1706 645 1767 Lucullo
679 1715 852 1784 caput
894 1707 1044 1768 eius
1059 1706 1179 1766 doti
1214 1705 1602 1783 magnitudine
1633 1704 2043 1785 amphorarum
2088 1710 2219 1790 quia·
2272 1719 2273 1722 ’

228 1791 417 1851 decim
473 1808 661 1888 capax
708 1800 906 1869 atque,
940 1799 1000 1851 ut
1050 1791 1234 1869 ipsius
1285 1790 1465 1850 Trebi
1511 1789 1707 1851 verbis
1760 1800 1925 1868 utar,
1972 1792 2220 1855 barbas

232 1893 412 1952 quas
456 1877 578 1932 vix
625 1886 947 1953 utroque
996 1875 1354 1935 bracchio
1402 1876 1796 1953 conplecti
1846 1887 2064 1937 esset
2103 1877 2263 1939 clau

227 1967 480 2019 varum
502 1959 1057 2033 modoffltorosaffi
1084 1959 1354 2035 longas
1380 1960 1642 2036 pedum
1667 1962 2062 2035 tricenum,
2089 1979 2218 2024 ace·

229 2042 522 2102 tabulis
571 2044 742 2102 sive·
784 2043 1141 2103 caliculis
1186 2043 1580 2103 urnalibus
1626 2044 1966 2121 pelvium
2019 2044 2216 2113 modo,

230 2127 478 2186 dentis
524 2127 1022 2204 magnitudini
1079 2128 1630 2204 respondentis,
1699 2128 1998 2206 reliquiae
2053 2128 2217 2191 adser-

226 2222 398 2272 vatae
428 2212 709 2271 miraculo
752 2212 1094 2290 pependere
1143 2211 1334 2289 pondo
1391 2224 1550 2272 DCC.
1610 2213 1863 2290 Saepias
1906 2231 2135 2292 quoque
2174 2218 2218 2268 et

229 2296 526 2373 lolligines
572 2296 834 2355 eiusdem
871 2296 1276 2372 magnitudinis
1319 2295 1593 2373 expulsas
1637 2297 1693 2354 in
1738 2297 1875 2357 litus
1922 2297 2069 2359 illud
2096 2296 2262 2357 ideas

229 2390 432 2439 auctor
462 2390 571 2440 est.
632 2382 688 2438 in
741 2389 943 2439 nostro
983 2381 1125 2439 mari
1172 2379 1477 2457 lolligines,
1512 2381 1745 2458 quinum
1775 2381 2106 2441 cubitorum
2132 2397 2214 2438 ca·

230 2465 479 2541 piuntur
514 2466 753 2542 saepiae
784 2463 992 2523 binum.
1038 2483 1229 2542 neque
1263 2464 1351 2523 his
1383 2463 1592 2525 bimatu
1624 2463 1861 2563 longior
1896 2468 2036 2526 vita.
2126 2514 2129 2521 ,

143 2556 212 2610 94
363 2548 531 2626 (49.)
589 2546 940 2624 Naviget-am
984 2548 1406 2607 similitudinem
1461 2557 1519 2606 et
1569 2548 1740 2608 aliam
1772 2550 1845 2607 in
1888 2545 2215 2629 Propontide

228 2633 410 2691 visam
434 2631 544 2691 sibi
587 2631 841 2711 prodidit
871 2632 1181 2692 Mutianus:
1232 2632 1511 2693 concham
1555 2651 1688 2693 esse
1715 2635 1906 2693 acatii
1932 2634 2107 2694 modo
2139 2647 2214 2693 ca·

226 2719 502 2791 rinatam‚
549 2717 761 2777 mssexa
792 2733 1025 2815 puppe,
1070 2734 1247 2795 prora
1298 2726 1607 2776 rostrata.
1638 2719 1705 2783 in
1740 2716 1857 2777 hac
1896 2719 2073 2779 condi
2102 2733 2214 2779 nan·
2229 2726 2267 2767 ³⁰

226 2802 440 2881 plium‚
485 2800 695 2861 animal
728 2803 970 2879 saepiae
1002 2801 1223 2874 simile,
1266 2800 1499 2862 ludendi
1538 2798 1828 2863 societate
1882 2802 2037 2863 sola.
2098 2800 2216 2862 duo·

226 2886 335 2945 bus
367 2885 485 2945 hoc
528 2885 654 2944 fieri
696 2885 1032 2961 generibus.
1092 2885 1403 2963 tranquillo
1452 2886 1609 2944 enim
1635 2878 1947 2945 vectorem
1983 2882 2218 2946 demissis

228 2969 493 3048 palmulis
527 2970 708 3029 ferire
739 2978 801 3028 ut
831 2971 1026 3045 remis»,
1062 2971 1111 3029 si
1144 2987 1289 3028 vero
1324 2968 1499 3029 flatus
1524 2969 1747 3044 invitet,
1776 2969 2068 3031 easdem'
2050 2988 2109 3030 ιιι
2135 2981 2217 3029 usu

226 3053 607 3128 gubernaculi
651 3054 874 3133 porrigi
914 3054 1206 3132 pandique
1250 3053 1560 3115 buccarum
1598 3055 1763 3115 sinus
1811 3071 2045 3125 aurae.
2076 3050 2217 3115 haim

217 3135 585 3235 voluptatem
625 3156 761 3197 esse
803 3146 866 3197 ut
897 3138 1080 3212 ferat,
1132 3138 1287 3197 illius
1318 3146 1379 3197 ut
1419 3146 1619 3214 regat,
1665 3137 1961 3216 simulque
1992 3156 2121 3201 eam
2138 3133 2257 3199 &²⁶

231 3217 517 3276 scendere
558 3222 614 3278 in
659 3220 771 3280 duo
808 3240 986 3280 sensu
1023 3223 1311 3296 carentia,
1354 3222 1463 3280 nisi
1504 3221 1662 3283 forte
1693 3220 1842 3280 tristi
1877 3257 1963 3268 —
1982 3221 2067 3283 id
2097 3218 2214 3287 eni·
2272 3228 2273 3235 ’

233 3305 457 3353 constat
488 3333 569 3345 —-
599 3306 788 3362 omine
822 3304 1208 3381 navigantium
1240 3304 1480 3365 humana
1507 3305 1803 3388 calamitas
1839 3307 1898 3364 in
1932 3308 2211 3373 causaest

145 3382 213 3434 95
354 3377 520 3455 (50)
566 3381 849 3445 Locustae
880 3398 1072 3450 crusta
1099 3388 1292 3464 fragili
1314 3390 1637 3453 muniuntur
1656 3390 1719 3457 in
1744 3407 1819 3448 eo
1837 3408 2069 3468 genere
2088 3380 2215 3467 quod
