2320 3650
812 68 974 114 NAT.
1006 68 1188 115 HIST.
1223 69 1343 115 vn.
1380 66 1432 117 2.
1468 54 1577 139 (2.)
2128 59 2166 119 5

154 222 422 300 potuisse
454 222 709 295 tradunt,
758 208 1164 300 conditumque
1198 222 1393 283 loculo
1426 225 1481 282 in
1515 223 1750 302 temple.
1842 224 2165 304 Praecipue
2183 236 2250 289 21

152 305 311 365 India
357 304 826 382 Aethiopumque
871 314 1086 365 tractus
1135 308 1428 367 miraculis
1471 317 1713 367 scatent.
1805 326 2067 368 maxuma
2111 309 2168 369 in

151 389 310 449 India
345 390 655 466 gignuntur
685 389 965 449 animalia.
1027 386 1237 450 indicio
1270 401 1400 450 sunt
1427 410 1601 452 canes
1633 391 1976 472 grandiores
2010 402 2165 453 cete·

150 476 251 533 ris.
316 472 562 532 arbores
596 474 826 551 quidem
863 483 1052 533 tantae
1084 477 1455 553 proceritatis
1484 477 1808 550 traduntur,
1847 485 1907 534 ut
1938 479 2165 553 sagittis

92 588 126 627 5
151 555 445 635 superiaci
490 567 831 637 nequeant.·
884 567 944 617 et
987 559 1126 618 facit
1169 559 1405 620 ubertas
1448 561 1594 634 soli,
1639 562 1955 638 temperies
1993 561 2164 637 caeli,

149 659 425 719 aquarum
470 641 844 716 abundantia,
894 643 945 700 si
985 643 1164 704 libeat
1204 644 1487 720 credere,
1534 654 1592 703 ut
1630 644 1736 703 sub
1763 652 1873 703 una'
1907 644 2019 704 fico
2051 654 2165 704 tur—

146 745 279 785 mae
314 725 934 803 condanturequitum.
1003 726 1353 787 harundines
1388 746 1533 788 vero
1567 738 1757 788 tantae
1794 730 2167 806 proceritatis

146 818 211 869 ut
236 809 461 886 singula
487 807 810 869 internodia
837 811 1007 869 alveo
1114 811 1353 888 vigabili
1375 822 1573 871 ternos
1600 814 1883 873 interdum
1905 811 2165 884 homines

147 894 386 953 ferant·
426 895 636 953 multos
666 893 742 953 ibi
766 897 942 972 ‘quina
977 829 1169 958 offla
1203 905 1426 957 constat
1454 898 1812 975 longitudine
1845 896 2250 972 excedere,22

59 1002 125 1045 10
151 995 268 1037 non
319 995 644 1056 exspuere,
707 996 820 1037 non
869 980 1073 1056 capitis
1125 990 1221 1039 ant
1273 981 1522 1041 dentium
1570 991 1664 1062 aut
1704 981 2005 1057 oculorum
2046 981 2165 1040 ullo
2215 999 2226 1006 ‘

90 1095 100 1108 .
148 1063 358 1123 dolore
403 1059 603 1138 adlici,
649 1081 784 1123 raro
827 1063 1063 1122 aliarum
1096 1067 1363 1142 corporis
1399 1068 1674 1144 partium,
1723 1075 1834 1125 tam
1867 1065 2166 1126 moderato

148 1147 296 1206 solis
326 1164 547 1225 vapore
583 1147 793 1207 durari.
884 1146 1271 1228 philosophos
1304 1166 1537 1225 eorum,
1576 1167 1723 1228 quos
1756 1149 2167 1227 gymnosophi-

149 1240 272 1289 stas
296 1240 541 1307 vocant,
576 1227 657 1290 ab'
682 1240 888 1290 exortu
922 1232 991 1290 ad
1026 1250 1301 1292 occasum
1325 1243 1592 1311 perstare
1623 1235 1947 1294 contuentis
1982 1234 2167 1293 solem

148 1313 520 1374 inmobilibus
554 1314 774 1390 oculis,
819 1316 1179 1375 ferventibus
1213 1317 1443 1376 harenis
1487 1327 1611 1376 toto
1646 1318 1738 1376 die
1783 1318 2019 1377 alternis
2066 1336 2166 1395 pe·

65 1425 124 1464 15
153 1398 322 1458 dibus
357 1401 648 1458 insistere.
727 1402 782 1459 in
816 1409 1008 1459 monte
1054 1402 1146 1459 cui
1179 1418 1386 1460 nomen
1430 1411 1519 1460 est
1549 1401 1700 1460 Nulo
1739 1401 1999 1461 homines
2033 1420 2167 1460 esse

148 1485 374 1543 aversis
407 1483 617 1561 plantis
649 1493 895 1542 octonos
924 1485 1135 1561 digitos
1168 1486 1225 1544 in
1260 1485 1501 1562 singulis
1532 1485 1798 1545 habentis
1844 1495 2047 1545 auctor
2079 1495 2169 1544 est

146 1566 586 1643 MegastheneS,
678 1570 734 1627 in
768 1568 958 1627 multis
994 1578 1182 1627 autem
1212 1570 1498 1629 montibus
1532 1587 1717 1648 genus
1754 1570 2041 1629 hominum
2074 1588 2166 1628 ca·
2185 1577 2254 1630 23

149 1651 366 1730 pitibns
413 1653 631 1711 caninis
682 1652 933 1711 ferarum
987 1652 1241 1731 pellibus
1285 1654 1506 1729 velari,
1561 1672 1667 1732 pro
1714 1671 1862 1714 voce
1905 1654 2169 1716 latratum

41 1739 49 1745 ’
151 1736 368 1811 edere,
413 1736 699 1812 unguibus
744 1747 1018 1796 armatum
1061 1747 1273 1797 venatu
1322 1749 1379 1797 et
1422 1740 1670 1817 aucupio
1707 1739 1891 1797 vesci.
1966 1738 2168 1797 horum

64 1846 125 1886 20
152 1838 327 1897 supra
365 1830 592 1880 centum
631 1821 830 1898 viginti
862 1821 1014 1882 milia
1047 1822 1228 1882 fuisse
1260 1823 1546 1902 prodente
1583 1843 1649 1884 se
1684 1820 1911 1884 Ctesias
1944 1823 2165 1898 scribit,

150 1914 212 1963 et
243 1904 299 1963 in
331 1904 574 1983 quadam
609 1915 785 1983 gente
814 1906 1008 1966 Indiae
1042 1906 1283 1967 feminas
1313 1909 1495 1967 semel
1528 1911 1585 1968 in
1615 1910 1728 1967 vita
1766 1926 1975 1986 parere
2003 1909 2168 1984 geni-

52 1986 59 1993 '
149 1997 362 2067 tosque
405 1990 711 2050 confestim
757 2008 1096 2050 canescere.
1189 1992 1340 2051 idem
1375 1993 1662 2053 hominum
1697 2011 1885 2068 genus
1911 1986 2014 2071 ‘qui
2046 1990 2167 2052 Μο-

146 2073 347 2133 nocoli
376 2084 726 2134 vocarentur
757 2075 996 2151 singulis
1030 2074 1325 2150 cruribuS,
1360 2078 1538 2137 mirae
1561 2078 1920 2155 pernicitatis
1952 2076 2022 2136 ad
2056 2076 2168 2135 sal·

150 2167 302 2232 tum,
363 2159 722 2238 eosdemque
769 2158 1091 2236 Sciapodas
1143 2162 1375 2235 vocari,
1439 2160 1594 2239 quod
1645 2163 1700 2220 in
1756 2162 1959 2220 maiori
2004 2169 2167 2218 aestu

65 2273 125 2311 25
149 2242 306 2300 humi
361 2243 620 2303 iacentes
686 2244 943 2322 resupini
999 2243 1198 2302 umbra
1251 2262 1316 2302 se
1374 2245 1582 2322 pedum
1635 2253 1964 2323 protegant.
2055 2261 2168 2302 non

150 2325 329 2402 longe
364 2344 468 2385 eos
504 2345 535 2387 a
560 2326 916 2405 Trogodytis
949 2325 1194 2403 abesse,
1229 2346 1545 2406 rursusque
1579 2328 1650 2387 ab
1683 2328 1771 2387 his
1805 2328 2167 2401 occidentem

148 2428 359 2469 versus
393 2411 673 2490 quosdam
706 2413 829 2471 sine
857 2414 1091 2471 cervice
1117 2413 1323 2471 oculos
1347 2415 1403 2471 in
1433 2415 1645 2471 umeris
1678 2412 1962 2472 habentis
2024 2414 2165 2471 Sunt
2184 2418 2255 2471 24

130 2502 211 2574 ‚et
248 2497 427 2568 satyri
472 2495 797 2554 subsolanis
841 2494 1108 2555 Indorum
1154 2494 1441 2556 montibus
1500 2494 2050 2575 (Catharcludorum
2087 2497 2166 2556 di-

153 2579 303 2637 citur
351 2580 586 2658 regio),
647 2580 1202 2658 perniciosissimum
1270 2579 1495 2641 animal.
1581 2590 1698 2639 tum
1752 2581 2165 2658 quadripedeS,

66 2688 125 2728 30
152 2671 273 2720 tum
304 2672 467 2722 recte
495 2674 795 2723 currentes
826 2663 1066 2723 humana
1104 2664 1302 2741 efligie
1322 2711 1339 2740 ,
1380 2674 1624 2744 propter
1654 2664 2028 2724 velocitatem
2060 2666 2166 2723 nisi

152 2762 328 2804 senes
387 2757 483 2806 aut
538 2750 702 2826 aegri
765 2765 880 2806 non
932 2751 1250 2827 capiuntur.
1355 2748 1882 2810 choromandarum
1932 2757 2167 2824 gentem

148 2837 328 2888 vocat
381 2824 610 2891 Tauron
669 2832 1029 2908 silvestrem,
1093 2834 1217 2892 sine
1277 2852 1428 2892 voce
1451 2880 1467 2909 ,
1541 2834 1805 2894 stridoris
1869 2830 2166 2907 horrendi,

149 2913 316 2972 hirtis
348 2916 733 2994 corporibuS,
776 2916 964 2981 oculis
994 2915 1251 2994 glauciS,
1298 2918 1568 2977 dentibus
1590 2918 1828 2977 caniniS.
1889 2915 2166 2976 Eudoxus

149 3000 207 3056 in
243 2999 570 3060 meridianis
594 3000 790 3061 Indiae
821 3002 959 3060 viris
982 3003 1210 3080 plantas
1244 3020 1379 3061 esse
1414 3002 1713 3075 cubitalis,
1755 3001 1983 3059 feminis
2018 2999 2166 3059 adeo

67 3114 126 3152 35
150 3080 362 3161 parvas
407 3094 467 3143 ut
513 3085 943 3164 Struthopodes
995 3085 1379 3164 appellentur.
1471 3084 1883 3163 Megasthenes
1935 3093 2167 3162 gentem
2184 3093 2252 3144 25

151 3169 304 3225 inter
336 3164 628 3229 Nomadas
655 3168 828 3241 Indos
861 3171 1078 3241 narium
1116 3170 1250 3228 loco
1283 3170 1559 3229 foramina
1591 3178 1805 3229 tantum
1836 3168 2165 3243 habentem,

149 3254 419 3327 anguium
450 3253 624 3312 modo
653 3230 1013 3332 lfflpss‘d‘em
1051 3255 1251 3312 vocari
1275 3255 1554 3328 Scyritas.
1616 3253 1687 3314 ad
1716 3262 2015 3313 extremos
2043 3250 2168 3311 finis

147 3333 351 3395 Indiae
378 3334 449 3396 ab
477 3338 699 3396 oriente
727 3339 883 3396 circa
909 3338 1126 3396 fontem
1153 3336 1367 3414 Gangis
1392 3337 1762 3397 Astomorum
1785 3347 2018 3415 gentem
2043 3338 2167 3396 sine
