2320 3650
188 103 309 166 248
858 118 919 167 c.
959 119 1148 167 Pmm
1178 118 1475 168 saeuum

62 269 67 276 ’
182 272 451 336 adcolunt
477 272 823 334 Attalimitae
860 273 1076 353 oppido
1106 274 1364 334 eiusdem
1393 273 1654 351 nominis,
1706 273 1775 333 iis
1801 275 1978 335 iuncti
2010 273 2167 337 Cha-

182 358 425 420 culatae.
509 357 776 436 oppidum
823 357 943 422 Sibi
992 356 1146 437 quod
1193 355 1399 417 Graeci
1438 356 1665 436 Apaten
1704 367 1944 435 vocant,
1999 360 2162 436 Arsi,

183 441 418 518 Codani,
462 439 637 500 Varei
672 442 885 520 oppido
917 457 1145 518 magno,
1178 437 1536 517 Barasasaei,
1579 440 1872 516 Lechieni,
1898 444 2180 520 sygaros,

179 525 360 585 insula
392 543 554 603 quam
591 542 764 584 canes
813 542 926 583 non
972 526 1177 585 intrant
1221 525 1587 608 expositique
1630 527 1782 606 circa
1837 525 2006 587 litora
2063 545 2161 587 er-

96 619 197 674 156
212 609 386 669 raudo
416 611 743 668 moriuntur.
826 610 993 668 Sinus
1033 610 1273 668 intumus
1303 609 1358 667 in
1390 624 1501 686 quo
1532 608 1869 685 Laeanitae,
1917 611 2013 689 qui
2053 627 2161 670 no·
2182 628 2208 666 5

175 712 305 753 men
334 695 388 752 ei
420 693 654 753 dedere.
714 694 874 769 regia
906 710 1101 752 eorum
1143 691 1303 768 Agra
1334 701 1391 770 et
1430 693 1486 751 in
1516 692 1642 751 sinu
1670 692 1893 752 Laeana
1923 694 2053 770 vel,
2097 701 2158 753 nt

176 778 301 854 alii,
346 776 587 837 Aelana.
642 793 769 836 nam
810 784 868 835 et
896 779 1079 854 ipsum
1107 777 1287 835 sinum
1316 777 1496 836 nostri
1525 775 1939 853 Aelaniticum,
1986 777 2153 837 Arte-

173 862 424 921 midorus
455 860 830 934 Aleniticum,
876 858 1014 920 Iuba
1053 859 1419 920 Laeniticum.
1498 857 1782 920 Circuitus
1825 859 2075 920 Arabiae
2119 878 2154 920 a

177 943 435 1005 Charace
465 943 697 1021 Laeana·
721 942 1002 1020 colligere
1031 944 1290 1022 proditur
1317 945 1498 1011 ffv’i.
1529 942 1682 1003 LXX
1705 943 1784 1019 M,
1808 943 1945 1004 Iuba
1978 944 2149 1023 paulo

172 1030 353 1087 minus
384 1028 492 1092 Χῖ.
516 1025 576 1085 Μ
598 1035 775 1105 putat.
848 1027 1118 1087 latissima
1153 1036 1243 1087 est
1278 1045 1309 1087 a
1345 1028 1737 1106 septentrione
1758 1028 1909 1087 inter
1937 1028 2147 1107 oppida
2172 1049 2223 1091 ιο

92 1120 191 1175 15Ί
207 1112 493 1171 Heroeum
527 1119 585 1169 et
617 1107 949 1170 Characem.
1033 1109 1198 1170 Nunc
1230 1120 1287 1171 et
1317 1112 1538 1189 reliqua
1579 1111 1991 1171 mediterranea
2024 1112 2150 1170 eius

175 1195 449 1254 dicantur.
500 1192 812 1254 Nabataeis
836 1194 1179 1255 Thimaneos
1208 1196 1507 1255 iunxerant
1537 1205 1791 1255 veteres.
1846 1211 1990 1255 nunc
2017 1203 2151 1255 sunt

174 1278 408 1355 Taveni,
453 1276 729 1353 Suelleni,
775 1277 1074 1354 Arraceni,
1115 1278 1399 1356 Anageni,
1437 1279 1707 1358 oppidum
1737 1280 1794 1338 in
1823 1296 1933 1357 quo
1965 1280 2150 1338 omnis

172 1363 486 1438 negotiatio
519 1363 642 1426 eius
686 1364 969 1423 convenit.
1052 1361 1398 1438 Hemnatae,
1443 1362 1741 1439 Aualitae,
1786 1362 1996 1442 oppida
2024 1361 2146 1422 Do-

168 1454 336 1523 mata,
380 1445 591 1524 Hegra.
678 1445 1003 1521 Tamudaei,
1047 1446 1319 1525 oppidum
1361 1445 1704 1507 Badauatha.
1778 1444 1995 1523 Carrei,
2041 1463 2218 1525 op-is

170 1529 359 1607 pidum
393 1527 649 1590 Carriati.
735 1528 1011 1605 Achoali,
1056 1530 1326 1608 oppidum
1358 1528 1535 1606 Foth,
1581 1548 1650 1590 ac
1680 1529 1881 1589 Minaei
1925 1548 1956 1589 a
1999 1548 2145 1612 rege

172 1612 381 1673 Cretae
427 1613 650 1689 Minoe,
694 1622 753 1673 ut
798 1614 1178 1689 existumant,
1215 1615 1494 1690 originem
1535 1613 1859 1688 trahentes,
1906 1630 2146 1691 quorum

171 1694 450 1757 Carmaei.
510 1696 777 1775 oppidum
811 1694 969 1755 XIIII
996 1696 1112 1756 mil.
1145 1714 1414 1775 passuum
1456 1696 1737 1776 Marippa,
1766 1696 2146 1757 Palmalacum

89 1787 190 1843 158
204 1789 261 1839 et
294 1782 475 1860 ipsum
509 1797 622 1839 non
656 1779 1055 1859 spernendum,
1090 1780 1223 1841 item
1257 1778 1499 1841 Carnon.
1545 1780 1887 1842 Rhadamaei
1921 1780 2012 1859 (et
2039 1780 2143 1841 ho-

169 1882 289 1922 rum
321 1866 484 1941 origo
514 1862 970 1924 Rhadamanthus
1000 1873 1261 1942 putatur,
1305 1865 1483 1926 frater
1511 1864 1769 1944 Minois),
1812 1865 2142 1925 Homeritae
2161 1878 2228 1924 20·-

169 1946 417 2008 Massala
450 1947 686 2026 oppido,
729 1945 998 2021 Hamirei,
1044 1946 1405 2023 Gedranitae,
1436 1947 1787 2027 Amphi-yae,
1830 1946 2141 2025 Ilisanitae,

167 2030 509 2106 Bachilitae,
555 2031 848 2106 Samnaei,
895 2029 1138 2091 Amitaei
1185 2032 1413 2111 oppidis
1444 2030 1629 2092 Nessa
1672 2040 1731 2091 et
1772 2028 2141 2108 Gennesseri,

169 2113 463 2173 Zamareni
500 2115 726 2194 oppidis
758 2115 1029 2191 Sagiatta,
1063 2113 1383 2191 Canthace,
1415 2114 1765 2191 Bacascami,
1795 2114 2144 2193 Riphearina

169 2197 1246 2355 23323⁰¹¹¹a132{’.33÷⁰²3⁰¹?d3⁰33.th
1276 2197 2212 2347 aaliz?..1⁴:¹3312..ff3¹;‘2v⁵22.

169 2364 302 2442 pido
337 2327 443 2424 ix
484 2366 599 2426 mil.
646 2300 933 2444 passuffi,
978 2367 1033 2425 in
1068 2384 1183 2444 qno
1225 2327 1354 2425 fons
1385 2364 1840 2441 Aenuscabales,
1888 2365 2041 2444 quod
2064 2301 2140 2424 gi·

87 2457 184 2510 159
198 2448 427 2524 gnificat
452 2449 795 2509 camelorum
827 2450 1111 2527 oppidum.
1157 2449 1497 2528 Ampelome
1522 2449 1748 2510 colonia
1764 2449 2138 2525 Milesiorum,

168 2530 402 2591 Athrida
435 2533 725 2611 oppidum,
772 2531 1048 2610 Calingii,
1093 2548 1329 2610 quorum
1366 2532 1580 2593 Mariba
1624 2534 1893 2611 oppidum
1925 2532 2140 2610 signifi-

171 2623 261 2674 cat
304 2615 561 2674 dominos
604 2618 880 2692 omnium,
927 2615 1138 2694 oppida
1184 2616 1393 2692 Palon,
1431 2616 1797 2677 Murannimal
1836 2618 1987 2676 iuxta
2033 2616 2139 2676 flu-

163 2716 293 2756 men
328 2715 435 2776 per
464 2700 613 2777 quod
648 2699 977 2784 Euphraten
1023 2717 1324 2776 emergere
1360 2709 1586 2779 putant,
1626 2708 1831 2776 gentes
1863 2699 2043 2775 Agrei
2077 2710 2138 2759 et
2159 2718 2210 2760 ao

167 2781 482 2858 Ammonii,
529 2784 798 2861 oppidum
836 2782 1131 2858 Athenae,
1179 2781 1515 2859 Caunaravi,
1558 2782 1708 2861 quod
1744 2783 2025 2859 significat
2054 2782 2140 2842 di-

165 2866 417 2924 tissimos
468 2873 759 2940 arment0,
819 2863 1155 2941 Coranitae,
1213 2864 1457 2941 Oesani,
1518 2864 1694 2926 Ciani.
1796 2867 2023 2925 fuerunt
2079 2875 2141 2926 et

169 2947 388 3010 Graeca
423 2948 632 3027 oppida
661 2947 979 3024 Arethusa,
1023 2948 1252 3024 Larisa,
1292 2947 1540 3024 ChalciS,
1587 2949 1775 3008 deleta
1805 2950 1979 3009 variis
2011 2947 2141 3008 bel-

84 3031 287 3095 160lis.
318 3030 597 3092 Romana
632 3046 783 3092 arma
816 3032 973 3092 solus
1005 3033 1061 3091 in
1101 3051 1226 3091 eam
1265 3041 1473 3092 terram
1506 3033 1688 3093 adhuc
1720 3033 1902 3092 intulit
1935 3032 2142 3091 Aelius

170 3113 365 3173 Gallus
416 3134 489 3174 ex
540 3116 792 3192 equestri
840 3116 1057 3175 ordine.
1142 3133 1270 3174 nam
1324 3112 1387 3174 C.
1435 3114 1651 3175 Caesar
1683 3112 1935 3193 'Augusti
1987 3115 2211 3175 filinsas

165 3197 469 3275 prospexit
497 3206 704 3258 tantum
733 3196 1019 3258 Arabiam.
1102 3197 1299 3258 Gallus
1341 3199 1553 3277 oppida
1598 3199 1766 3260 diruit
1804 3216 1917 3258 non
1957 3200 2138 3258 nomi·

165 3289 291 3338 nata
341 3280 665 3339 auctoribus
718 3284 811 3359 qui
858 3290 986 3340 ante
1030 3282 1411 3359 scripserant,
1462 3280 1819 3359 Negranam,
1875 3281 2058 3343 Nestu

84 3388 150 3423 m
172 3359 417 3421 Nescam
435 3366 458 3439 ,'
483 3360 811 3439 Masugum,
842 3360 1198 3425 Caminacum
1220 3407 1236 3440 ,
1268 3363 1600 3443 Labeciam,
1648 3374 1705 3425 et
1735 3383 1904 3444 supra
1931 3365 2085 3426 dicta

41 3538 85 3562 k.
