2320 3650
693 95 852 141 NAT.
886 94 1067 141 ms‘r.
1101 95 1247 141 v111.
1283 92 1449 145 1—4.
1490 47 1762 162 (ι-“-5.)Δ
1951 51 1958 58 ’
2123 86 2203 145 43

208 268 324 348 que
348 249 576 308 homine
599 248 859 307 tricliniis
882 247 1254 308 adcubitum
1237 268 1362 309 iere
1388 268 1495 327 per
1525 250 1714 310 lectos
1743 252 1820 311 ita
1847 251 2069 312 libratis
2104 270 2203 310 ve-

207 335 417 410 stigiis,
451 350 522 390 ne
558 333 684 411 quis
717 327 1028 409 potantium
1062 334 1457 409 attingeretur.

333 416 389 479 3.
424 415 548 494 (3.)
585 413 818 475 Certum
844 425 934 475 est
962 435 1133 475 unum
1160 418 1473 477 tardioris
1455 419 1652 496 ingeni
1676 418 2029 496 accipiendis
2062 437 2210 496 quae
2241 428 2275 482 6

206 499 579 560 tradebantur
608 501 839 577 saepius
886 502 1225 576 castigatum
1271 501 1619 562 verberibus
1663 502 1868 561 eadem
1903 502 2208 562 illamedi-

157 600 185 640 5
210 594 423 644 tantem
463 593 636 643 noctu
678 593 994 661 repertum.
1055 586 1255 644 mirum
1300 604 1562 645 maxume
1600 596 1670 645 et=
1685 585 1946 645 adversis
1983 586 2211 663 quidem

196 668 434 728 funibus
467 667 699 743 subire,
744 668 848 727 sed
879 668 1114 743 regredi
1171 670 1351 745 magis
1396 672 1591 747 utique
1627 668 1859 747 pronis.
1925 668 2210 728 Mutianus

202 762 295 813 ter
326 752 530 812 consul
553 761 753 810 auctor
777 761 866 810 est
886 751 1139 829 aliquem
1162 770 1237 811 ex
1260 752 1348 811 bis
1380 763 1437 813 et
1462 754 1777 813 litterarum
1799 752 2005 811 ductus
2031 751 2211 812 Grae·

205 854 402 895 carum
433 836 706 895 didicisse
744 835 1089 912 solitumque
1135 836 1509 913 perscribere
1553 839 1676 896 eius
1723 837 1953 912 linguae
1983 836 2208 895 verbis:

203 920 378 998 Ipse
420 936 556 995 ego
601 918 784 978 haec
815 920 1104 996 scripsi·
1141 928 1215 978 et
1267 921 1527 999 ⁸spolia
1571 919 1869 981 Celtica
1941 921 2209 993 dicavi,

129 1010 184 1050 10
202 1006 457 1081 itemque
493 1021 558 1061 se
584 1003 815 1064 vidente
837 1002 1117 1077 Puteolis,
1151 1022 1279 1064 cum
1304 1005 1531 1065 advecti
1562 1024 1597 1064 e
1622 1023 1768 1064 nave
1802 1004 2009 1080 egredi
2034 1021 2211 1081 coge·

204 1096 424 1161 rentur,
458 1086 692 1145 territos
720 1088 907 1164 spatio
939 1088 1130 1164 pontis
1164 1089 1370 1164 procul
1403 1107 1435 1148 a
1469 1090 1799 1148 continente
1828 1089 2107 1166 porrecti,
2153 1097 2214 1148 ut

203 1190 342 1231 sese
388 1170 819 1248 longinquitatis
875 1173 1291 1231 aestumatione
1343 1172 1649 1248 fallerent,
1703 1188 1948 1235 aversos
1993 1180 2211 1231 retror-

204 1273 306 1314 sus
340 1256 499 1313 isse.

331 1338 453 1417 (4.)
495 1337 819 1397 Praedam
802 1339 913 1479 nisi
944 1338 999 1396 in
1035 1355 1100 1396 se
1135 1338 1519 1416 expetendam
1552 1340 1740 1398 sciunt
1774 1339 1959 1398 solam
1991 1356 2127 1398 esse
2157 1338 2214 1396 in
2239 1340 2277 1399 7

127 1433 184 1499 35
208 1423 381 1482 armis
416 1424 555 1497 suis,
603 1439 751 1498 quae
780 1421 843 1480 Iu
887 1439 919 1484 a
948 1437 1164 1481 ‘cornua
1201 1422 1478 1500 appellat,
1521 1421 1852 1482 Herodotus
1884 1431 2040 1481 tanto
2072 1423 2212 1481 anti-

207 1508 376 1584 quior
409 1515 466 1565 et
500 1506 856 1565 consuetudo
888 1506 1093 1564 melius
1125 1506 1332 1566 dentis.
1362 1507 1735 1583 quamobrem
1764 1506 2043 1566 deciduos
2075 1524 2214 1565 casu

207 1590 403 1667 aliquo
441 1589 536 1648 vel
572 1599 809 1648 senecta
840 1588 1157 1649 defodiunt.·
1217 1591 1330 1650 hoc
1364 1591 1553 1650 solum
1583 1589 1728 1650 ebur
1758 1600 1865 1649 est.
1903 1591 2129 1649 'cetero
2158 1598 2215 1647 et

207 1675 266 1731 in
306 1672 394 1737 his
445 1690 676 1751 quoque
734 1692 845 1752 qua
891 1690 1104 1751 corpus
1154 1676 1359 1733 intexit
1388 1674 1578 1734 vilitas
1612 1691 1807 1748 ossea,
1874 1690 2213 1751 quamquam
2274 1663 2286 1706 '·

204 1774 393 1836 nuper
421 1774 557 1816 ossa
592 1758 761 1816 etiam
793 1758 850 1815 in
880 1757 1095 1817 lamnas
1126 1759 1318 1833 secari
1354 1775 1610 1837 coepere
1646 1759 1967 1837 paenuria.
2002 1758 2212 1835 etenim

127 1858 185 1899 20
204 1860 336 1902 rara
365 1838 682 1940 amplitudo
717 1844 828 1902 iam
862 1842 1110 1901 dentium
1141 1852 1548 1921 praeterquam
1585 1862 1662 1902 ex
1699 1842 1860 1903 India
1891 1842 2210 1939 reperitur,

206 1935 407 1986 cetera
436 1927 493 1983 in
526 1933 726 1984 nostro
759 1926 904 1986 orbe
943 1944 1181 1986 cessere
1217 1927 1498 1988 luxuriae.
1562 1927 1814 1987 dentium
1844 1927 2098 1986 candore
2129 1928 2210 1984 in-
2238 1922 2274 1984 8

204 2009 504 2108 tellegitur
538 2011 785 2069 iuventa.
842 2012 996 2070 circa
1023 2009 1131 2069 hos
1153 2011 1343 2070 beluis
1376 2029 1591 2070 summa
1626 2030 1782 2072 cura.
1826 2011 2064 2071 alterius
2094 2029 2211 2069 mu·

206 2096 367 2152 croni
410 2103 673 2171 parcunt,
711 2112 783 2152 ne
820 2094 891 2152 sit
937 2094 1181 2171 proeliis
1225 2095 1443 2170 hebes,
1491 2096 1729 2154 alterius
1782 2096 2056 2173 operario
2108 2111 2212 2151 usu

204 2178 429 2237 fodiunt
462 2177 725 2253 radiceS,
772 2174 1056 2255 inpellunt
1090 2177 1280 2242 molis.
1353 2174 1844 2256 circumventique
1892 2196 1926 2237 a
1955 2175 2211 2236 venanti-

128 2277 185 2318 25
206 2260 313 2321 bus
342 2261 559 2338 primos
593 2262 937 2321 constituunt
974 2260 1178 2339 quibus
1214 2271 1343 2320 sunt
1364 2264 1611 2337 minumi,
1650 2280 1724 2320 ne
1759 2263 1898 2320 tanti
1929 2260 2213 2338 proelium

206 2355 464 2425 putetur,
515 2356 720 2424 postea
768 2347 908 2405 fessi
938 2347 1204 2424 inpactos
1239 2345 1432 2404 arbori
1476 2345 1743 2421 frangunt
1779 2344 2115 2422 praedaque
2146 2362 2211 2402 se

204 2429 506 2491 redimunt.

331 2515 389 2572 4.
431 2513 546 2591 (5.)
587 2512 789 2573 Mirum
819 2515 874 2572 in
918 2509 1217 2591 plerisque
1251 2512 1571 2571 animalium
1603 2513 1756 2571 scire
1799 2531 1976 2590 quare
2021 2520 2219 2589 pet-an·
2245 2518 2277 2572 9

204 2606 327 2671 tur,
373 2597 479 2658 sed
531 2616 638 2674 per
684 2606 888 2657 cuncta
933 2597 1066 2674 quid
1111 2605 1373 2656 caveant.
1432 2596 1715 2673 elephans
1754 2595 1984 2655 homine
2038 2595 2211 2657 obvio

131 2696 187 2737 30
207 2680 358 2739 forte
395 2682 450 2739 in
480 2681 788 2741 solitudine
835 2689 893 2739 et
923 2680 1266 2759 simpliciter
1295 2679 1603 2739 oberrante
1630 2680 1887 2739 clemens
1920 2679 2211 2757 placidus·

208 2782 322 2841 que
365 2766 535 2824 etiam
581 2766 980 2824 demonstrare
1012 2764 1162 2822 viam
1193 2764 1476 2838 traditur,
1505 2763 1657 2823 idem
1686 2764 1938 2840 vestigio
1968 2762 2214 2821 bominis

206 2847 608 2908 animadverso
634 2851 793 2926 prius
819 2866 987 2926 quam
1010 2847 1238 2906 homine
1262 2847 1659 2909 intremiscere
1683 2847 2011 2907 insidiarum
2035 2855 2213 2920 metu,

205 2931 552 3007 subsistere,
585 2932 908 3003 abolfactu
941 2932 1456 3008 circumspectare,
1490 2932 1606 2990 iras
1640 2930 1917 3008 proflare,
1955 2928 2215 2988 neexcal-

207 3033 365 3090 care,
401 3016 507 3075 sed
539 3027 758 3075 erutum
792 3031 1077 3094 proxumo
1110 3012 1365 3088 tradere,
1397 3014 1557 3073 illum
1588 3016 1876 3093 sequenti.
1912 3014 2107 3073 nuntio
2141 3031 2215 3072 si-

130 3116 185 3157 35
204 3099 322 3159 mili
356 3117 543 3176 usque
589 3100 658 3159 ad
694 3108 1042 3173 extremum,
1116 3106 1250 3157 tunc
1301 3112 1508 3174 agmen
1545 3099 1836 3172 circumag
1900 3106 1957 3156 et
1998 3098 2214 3157 reverti

208 3182 512 3261 aciemque
566 3184 754 3260 dirigi.
845 3183 995 3243 adeo
1055 3182 1298 3262 omnium
1369 3182 1534 3241 odori
1580 3181 1786 3242 durare
1862 3182 2018 3241 virus
2073 3179 2215 3240 illud

150 3334 179 3351 ..
206 3267 425 3325 maiore
485 3286 560 3326 ex
616 3277 780 3345 parte
832 3285 904 3325 ne
936 3265 1215 3324 nudorum
1260 3264 1488 3343 quidem
1531 3265 1758 3343 pedum.
1825 3266 1925 3324 Sic
1959 3275 2016 3324 et
2046 3265 2208 3341 tigris
2235 3273 2306 3324 10

209 3350 380 3408 etiam
420 3349 562 3409 feris
609 3351 824 3409 ceteris
879 3350 1205 3409 truculenta
1252 3357 1424 3427 atque
1469 3350 1596 3428 ipsa
1640 3350 1935 3429 elephanti
1982 3365 2213 3428 quoqu
2177 3376 2320 3564 Δ
