2320 3650
154 99 279 164 232
843 112 902 161 c,
935 113 1125 161 Pmm
1163 113 1461 162 seersum

147 268 206 328 hi
252 266 359 328 sub
401 284 547 345 rege
591 266 934 346 elephantos
973 268 1100 327 non‘
1135 267 1293 326 alunt
1339 266 1544 326 fiducia
1573 267 1828 346 'equitum
1869 266 2161 346 peditum·
2238 327 2258 337 χ

151 368 284 430 que,
328 349 731 426 OdonbeoreS,
759 350 1113 410 Arabastrae
1144 358 1204 409 et
1234 348 1498 409 Horacae
1530 350 1671 410 urbe
1700 351 1939 430 pulchra
1971 348 2161 411 fossis

152 435 504 513 palustribus
545 435 754 493 munita
798 452 907 512 per
944 452 1087 512 quas
1133 433 1414 493 crocodili
1457 433 1682 493 humani
1724 437 1990 512 corporis
2031 437 2160 495 avi·

148 512 367 601 dissimi
391 519 600 578 aditum
630 519 738 577 nisi
769 527 947 595 ponte
979 534 1093 576 non
1124 517 1275 576 dant.
1336 524 1394 576 et
1424 516 1576 577 aliud
1603 518 1754 601 apud
1789 516 1923 578 illos
1953 518 2158 578 lauda-

152 611 242 661 tur
272 602 543 680 oppidum
573 601 912 677 Automula,
958 601 1267 678 inpositum
1298 601 1486 676 litori,
1529 600 1583 658 V
1606 603 1849 661 amnium
1894 603 1951 663 in
1982 618 2159 661 unum
2183 618 2216 664 -5
2319 610 2320 619 ’

153 684 478 745 confluente
519 692 838 759 concursu,
889 686 1147 763 emporio
1190 683 1388 743 nobili.
1462 686 1589 760 regi
1626 695 1830 745 eorum‘
1856 683 2161 764 elephanti

150 766 353 843 MDC,
388 768 641 846 peditum
673 765 764 827 CL
802 767 881 842 M,
929 770 1181 846 equitum
1216 766 1270 825 V
1297 765 1373 825 Μ.
1435 771 1751 845 pauperior
1783 767 2160 828 Charmarum
2193 808 2203 816 -
2319 788 2320 791 ¹

69 861 139 917 76
162 869 270 911 rex
304 852 645 929 elephantos
672 850 784 910 «LX
823 869 1166 929 parvasque·
1194 849 1449 927 reliquas
1480 851 1619 911 viris
1659 851 1854 911 habet.
1935 850 2171 922 Abhis

154 953 299 1013 gens
333 934 595 1009 Pandae,
640 935 767 994 sola
809 933 1076 994 Indorum
1107 938 1347 1010 regnata
1399 934 1643 994 feminis.
1720 952 1886 995 unam
1915 933 2160 993 Herculi

153 1036 329 1078 sexus
369 1018 494 1078 eius
536 1019 791 1095 genitam
834 1017 1021 1078 ferunt
1078 1018 1154 1077 ob
1211 1017 1385 1094 idque
1427 1019 1775 1094 gratiorem,
1829 1018 2154 1096 praecipuo
2184 1026 2234 1067 1⁰

151 1119 336 1178 regno
373 1101 653 1179 donatam.
725 1101 797 1159 ab
831 1119 900 1160 ea
935 1101 1289 1161 deducentes
1332 1102 1613 1176 originem
1649 1103 1974 1179 imperitant
2005 1098 2179 1160 CCC‘

154 1185 405 1264 oppidis,
438 1184 609 1262 pedit,
722 1182 812 1244 CL
843 1184 919 1259 M,
955 1184 1277 1264 elephantis
1305 1183 1382 1258 D,
1414 1193 1550 1260 post
1573 1203 1739 1263 qnam
1754 1182 1901 1244 CCC
1929 1183 2160 1243 urbium
2209 1202 2226 1209 2
2319 1180 2320 1239 ἐ

156 1268 366 1342 seriem
395 1201 735 1411 Βατεῇς
752 1267 1079 1345 Posingae,
1114 1269 1324 1342 Butae,
1364 1265 1685 1353 Gogaraei,
1720 1267 1995 1342 Umbrae,
2036 1265 2158 1326 Ne·

156 1369 330 1426 reae,
401 1350 552 1411 Bran
592 1368 595 1369 ⁷
626 1402 627 1405 ,
692 1396 711 1428 ,
763 1351 1118 1428 Nobundae,
1174 1350 1519 1427 Cocondae,
1580 1351 1793 1427 Nesei,
1852 1351 2167 1424 Palatitae,
2319 1364 2320 1409 l

154 1434 552 1512 Salobriasae,
596 1434 865 1495 Olostrac
899 1433 1155 1513 Patalam,
1196 1434 1437 1494 insulam
1481 1437 1862 1512 attingentes,
1911 1451 1944 1493 a
1979 1433 2232 1492 *cuiusss

156 1528 413 1579 extremo
447 1520 617 1579 litore
662 1519 735 1579 ad
776 1516 1018 1597 Caspias
1058 1528 1258 1596 portas
1291 1535 1500 1588 XV1111.
1532 1518 1694 1578 XXV
1729 1518 1789 1579 M
1817 1516 2153 1596 produntur.

71 1612 136 1668 77
161 1603 304 1662 Hinc
330 1602 540 1664 deinde
574 1603 845 1663 adcolunt
868 1602 1064 1662 Indum
1094 1602 1542 1663 adversus·eum
1575 1602 1887 1662 scandente
1918 1600 2155 1660 demon·

158 1687 432 1746 stratione
477 1685 742 1759 Athoae,
793 1685 1109 1762 Bolingae,
1153 1684 1555 1763 Gallitalutae,
1602 1686 1853 1761 Dimuri,
1905 1682 2153 1760 Megari,

154 1767 458 1847 Ardabae,
493 1767 712 1829 Mesae.
782 1767 854 1829 ab
886 1768 973 1829 his
1004 1768 1139 1846 Uri,
1185 1771 1373 1845 Silae,
1405 1788 1541 1832 mox
1571 1770 1803 1831 deserta
1834 1770 1889 1828 in
1922 1764 2067 1827 CCL
2096 1764 2155 1824 Μ

155 1870 442 1932 passuum.
502 1852 706 1930 quibus
748 1854 1109 1931 exsuperatis
1140 1852 1521 1931 Organagae,
1557 1853 1837 1927 Abortae,
1874 1850 2229 1932 Bassueg·²⁰

157 1946 293 2011 tae,
327 1945 386 1996 et
425 1934 496 1996 ab
540 1935 630 1994 his
672 1935 1012 1996 solitudines
1049 1938 1335 2014 prfflribus
1378 1938 1602 2017 pares.v
1640 1937 1773 1997 dein
1803 1934 2153 2010 Sorofages,

157 2018 387 2094 Arbae,
427 2017 888 2097 Marogomatrae
937 2019 1403 2099 Umbrittaeque,
1456 2039 1696 2100 quorum
1738 2017 2155 2098 Xllgnatioues
2194 2033 2218 2056 ⁹

160 2103 517 2180 singulisque
549 2102 718 2162 binae
736 2102 954 2179 urbeS,
1000 2105 1164 2164 Asini
1201 2106 1368 2164 trium
1411 2105 1634 2164 urbium
1682 2102 1931 2162 incolae.
1980 2109 2159 2178 caput

159 2203 359 2246 eorum
389 2186 722 2265 Bucephala
746 2186 1061 2248 Alexandri
1094 2189 1255 2265 regis
1286 2205 1438 2265 equo
1465 2189 1555 2247 cui
1584 2186 1772 2246 fuerat
1801 2185 1915 2245 hoc
1945 2199 2158 2243 nomen

75 2278 144 2333 78
167 2270 245 2330 ibi
280 2269 512 2348 sepulto
556 2270 864 2330 conditum.
937 2273 1187 2331 montani
1231 2289 1411 2349 super
1450 2272 1558 2331 hos
1596 2269 1859 2344 Caucaso
1903 2266 2154 2328 subiecti
2171 2279 2224 2321 ²⁵

157 2354 477 2428 Soseadae,
509 2353 791 2429 Sondrae,
822 2355 1321 2434 transgressisque
1351 2354 1547 2415 Indum
1582 2355 1643 2414 et'
1678 2371 1805 2413 cum
1837 2369 1913 2411 eo
1948 2349 2155 2409 decur-

156 2436 413 2496 rentibus
444 2436 875 2513 Samarabriae,
913 2438 1319 2513 Sambraceni,
1349 2437 1760 2509 Bisambritae,
1793 2434 1946 2509 Orsi,
1991 2433 2156 2493 Anti·

158 2521 315 2595 xeni,
357 2518 595 2580 Taxilae
629 2538 757 2579 cum
788 2520 933 2581 urbe
969 2521 1226 2598 celebri,
1258 2523 1367 2581 iam
1400 2524 1458 2580 in
1485 2521 1657 2599 plana
1689 2520 1941 2580 demisso
1969 2525 2157 2577 tractu
2319 2591 2320 2598 ἵ

156 2604 249 2665 cui
279 2604 550 2663 universo
592 2609 801 2663 nomen
834 2603 1148 2664 Amendae.
1215 2605 1749 2683 populiquattuor,
1792 2600 2154 2676 Peucolitae,
2317 2609 2320 2640 ⁴

158 2687 558 2764 Arsagalitae,
603 2686 889 2763 Geretae,
922 2687 1118 2746 Assoi.
1201 2689 1409 2747 etenim
1447 2688 1712 2768 plerique
1743 2684 1815 2744 ab
1845 2683 2154 2744 occidente
2174 2693 2227 2736 ³0

159 2787 273 2830 non
301 2769 443 2830 Indo
475 2787 638 2830 amne
678 2770 1086 2847 determinant,
1128 2771 1235 2831 sed
1270 2773 1517 2832 adiciunt
1549 2778 1818 2848 quattuor
1846 2768 2162 2846 satrapias,

159 2854 479 2929 Gedrusos,
513 2852 861 2930 Arachotas,
894 2854 1100 2930 Arios,
1131 2854 1631 2934 Paropanisiadas,
1662 2852 1868 2912 ultimo.
1892 2851 2005 2910 fine
2039 2848 2154 2910 Co·

157 2938 332 3016 ph'ete
363 2937 562 3012 fluvio,
599 2954 748 3014 quae
781 2939 965 2996 omnia
995 2938 1262 2998 Ariorum
1288 2956 1420 2998 esse
1447 2938 1590 2997 aliis
1609 2937 1821 3015 placet.

74 3030 141 3085 79
309 3018 408 3078 21.
485 3018 611 3093 Nec
655 3033 769 3078 non
811 3029 881 3081 et
902 3019 1116 3096 Nysam
1157 3021 1360 3081 urbem
1400 3022 1667 3099 plerique
1697 3018 1893 3085 Indiae
1937 3015 2154 3076 adscri-

156 3085 295 3161 hffln
322 3109 699 3181 montemque.
719 3102 936 3163 Merum
959 3103 1173 3164 Libero
1204 3105 1358 3165 Patri
1389 3121 1645 3179 sacrum,
1680 3102 1831 3161 unde
1869 3101 2036 3177 origo
2067 3099 2151 3159 fa·
2173 3118 2225 3161 ss

159 3183 330 3244 bulae
361 3184 514 3244 Iovis
560 3186 771 3245 femine
805 3187 1036 3247 editum.
1104 3189 1241 3247 item
1269 3195 1615 3266 Aspaganos
1649 3189 1881 3262 gentem
1915 3184 2047 3242 vitis
2093 3192 2152 3242 et

158 3267 301 3326 lauri
357 3265 415 3327 et
457 3267 592 3327 buxi
643 3285 1058 3349 pomorumque
1110 3272 1357 3331 omnium
1407 3271 1463 3329 iu
1512 3269 1753 3330 Graecia
1797 3267 2151 3327 nascentium

159 3349 430 3411 fertilem.
496 3368 643 3429 quae
690 3353 1056 3415 memoranda
1100 3363 1160 3414 et
1202 3370 1390 3434 prope
1440 3351 1705 3446 fabulosa
1748 3352 1820 3413 de
1852 3333 2148 3411 ferfllitate
