2320 3650
686 105 845 154 uxr.
881 105 1061 153 ms‘r.
1097 104 1190 152 v1.
1221 102 1310 156 29.
1348 93 1644 175 (34—35.)
1883 46 1887 51 ἦ
2010 91 2134 154 253

144 260 504 342 temporibus
539 259 686 319 duce
731 257 792 318 P.
833 256 1102 317 Petronio
1149 266 1208 317 et
1249 258 1377 336 ipso
1410 259 1696 336 equestris
1726 259 1939 319 ordinis
1969 278 2137 339 prae-

99 336 106 345 ’
143 347 302 409 fecto
327 344 608 421 Aegypti.
695 342 745 400 is
776 340 990 420 oppida
1022 359 1220 401 eorum
1253 343 1605 420 expugnavit
1636 360 1783 425 quae
1819 343 1945 403 sola
1981 346 2134 403 inve-

142 433 327 492 nimus
371 444 490 506 quo
524 426 776 485 dicemus
807 424 1035 483 ordine:
1089 424 1367 499 Pselcim,
1414 425 1650 499 Primin,
1692 423 1981 501 Bocchin,
2026 426 2137 488 Fo-

145 531 301 588 rum,
351 509 643 583 Cabusin,
688 506 1004 581 Attemam,
1045 504 1359 582 Stadasim‚
1405 507 1503 567 ubi
1544 507 1707 567 Nilus
1753 511 2138 589 praecipitans
2174 534 2177 539 ·

101 616 128 656 ε
147 615 213 658 se
241 596 486 671 fragore
519 592 767 652 auditum
799 590 1021 651 adcolis
1049 590 1258 651 aufert.
1327 591 1556 669 diripuit
1589 600 1647 650 et
1675 590 1914 669 Napata.
1962 595 2103 654 ·lon-
2124 606 2224 659 182

146 681 387 760 gissime
416 686 605 737 autem
639 692 672 735 a
702 676 893 750 Syene
930 691 1280 752 progressus
1311 684 1400 734 est
1431 671 1841 734 DCCCCLXX
1861 675 1975 735 mil.
2010 696 2139 756 pas—

146 781 333 825 suum.
421 778 535 820 nec
584 767 772 818 tamen
824 776 978 818 arma
1029 757 1284 817 Romana
1328 757 1407 817 ibi
1445 758 1807 818 solitudinem
1856 759 2138 835 fecerunt,

146 845 573 924 Aegyptiorum
602 841 774 902 bellis
810 842 997 902 attrita
1030 850 1120 902 est
1144 841 1454 919 Aethiopia
1480 842 1733 901 vicissim
1763 844 2139 920 imperitando

149 928 583 1007 serviendoque
602 970 620 1001 ‚
668 926 824 986 clara
865 933 925 984 et
955 933 1165 1003 potens
1193 925 1363 984 etiam
1393 943 1576 1003 usque
1607 926 1674 985 ad
1712 924 1956 987 Troiana
1984 927 2142 988 bella

86 1013 464 1085 ioMemnone
513 1019 811 1086 regnante.
903 1016 962 1069 et
992 1009 1198 1083 Syriae
1240 1009 1603 1086 imperitasse
1650 1027 1776 1068 eam
1826 1019 2142 1089 nostroque

149 1097 308 1158 litori
341 1104 536 1157 aetate
565 1094 724 1171 regis
759 1090 980 1172 Cephei
1012 1099 1170 1170 patet
1197 1090 1597 1152 Andromedae
1629 1093 1858 1153 fabulis.
1931 1095 2111 1154 Simili
2126 1104 2230 1159 183

150 1181 328 1241 modo
376 1188 436 1239 et
477 1178 551 1238 de
602 1194 868 1237 mensura
914 1176 1039 1234 eius
1083 1176 1244 1236 varia
1287 1175 1629 1254 prodidere,
1678 1177 1891 1253 primus
1936 1178 2145 1238 Dalion

150 1265 305 1326 ultra
334 1262 578 1322 Meroen
622 1262 798 1337 longe
846 1259 1188 1334 subvectus,
1232 1276 1368 1318 mox
1398 1259 1776 1320 Aristocreon
1818 1270 1876 1320 et
1916 1260 2143 1337 Basilis,

156 1346 488 1408 Simonides
522 1347 704 1404 minor
735 1344 905 1403 etiam
939 1344 1323 1422 quinquennio
1363 1343 1422 1401 in
1457 1341 1657 1402 Meroe
1696 1352 1979 1419 moratuS‚
2021 1363 2147 1404 cum

87 1440 138 1485 ιε
160 1430 234 1492 de
260 1430 578 1507 Aethiopia
606 1425 906 1487 scriberet.
975 1444 1103 1485 nam
1126 1425 1528 1486 Timosthenes
1564 1426 1829 1495 classium
1864 1427 2146 1488 Philadel-

135 1514 257 1595 ¹phi
284 1512 623 1591 praefectus
660 1512 784 1570 sine
814 1527 1079 1570 mensura
1105 1508 1324 1568 dierum
1352 1507 1450 1568 LX
1493 1528 1525 1571 a
1550 1511 1742 1586 Syene
1773 1510 2012 1570 Meroen
2040 1513 2149 1571 iter

157 1597 445 1678 prodidit,
490 1592 908 1677 Eratosthenes
940 1590 1211 1652 DCXXV
1251 1592 1389 1667 mih,
1436 1592 1832 1653 Artemidorus
1868 1593 1972 1653 DC
2006 1595 2145 1671 mil.,

158 1681 426 1743 Sebosus
451 1679 548 1739 ‘ab
591 1677 850 1757 Aegypti
892 1677 1163 1737 extremis
1215 1693 1397 1743 LXVI.
1438 1675 1646 1737 Lxxv
1679 1677 1809 1737 mil.
1855 1695 2145 1756 passuum,

159 1765 311 1827 unde
352 1779 630 1844 proxume
662 1762 801 1822 dicti
828 1761 964 1828 351?
989 1760 1031 1819 L
1060 1759 1136 1819 M.
1203 1778 1403 1820 verum
1435 1762 1614 1821 omnis
1652 1756 1801 1821 haec
1834 1762 1988 1822 finita
2017 1782 2114 1822 nu·
2133 1771 2235 1828 184

94 1865 271 1930 aper
306 1848 616 1928 disputatio
660 1855 783 1922 est,
829 1846 1092 1924 quoniam
1125 1863 1158 1905 a
1191 1846 1386 1921 Syene
1422 1843 1811 1906 DCCCLXXI
1840 1847 1996 1908 milia
2027 1846 2144 1907 Ne—

141 1934 319 1995 Tonis
351 1932 758 2009 exploratores
804 1927 1205 1990 renuntiavere
1245 1929 1349 1989 his*
1374 1929 1587 1990 modis:
1641 1948 1673 1990 a
1710 1931 1902 2005 Syene
1935 1930 2149 1991 Hieran

160 2016 498 2091 sycaminon
527 2011 677 2074 LIIII
705 2013 820 2072 mil.
846 2030 1027 2091 pass.‚
1070 2012 1203 2072 inde
1244 2011 1418 2073 Tama
1452 2011 1658 2073 LXXII
1688 2015 1803 2073 mil.
1831 2032 2011 2093 pass.‚
2057 2033 2149 2073 re-

129 2100 394 2178 ¹gionem
430 2097 813 2172 Evonymiton
854 2096 1203 2174 Aethiopum
1238 2098 1472 2175 primam
1504 2094 1693 2172 CXX,
1735 2096 1973 2157 Acinam
2001 2096 2153 2157 LIIII

159 2183 301 2258 mih,
327 2181 597 2241 Pittaram
625 2179 807 2256 XXV,
833 2178 1162 2257 Tergedum
1180 2177 1308 2240 CVI
1336 2180 1508 2240 milia.
1568 2179 1806 2239 insulam
1842 2180 2153 2257 Gagauden

98 2275 295 2328 nesse
319 2266 378 2324 in
406 2264 601 2324 medio
631 2272 835 2323 tractu.
900 2263 1033 2323 inde
1064 2266 1301 2341 primum
1328 2264 1483 2322 visas
1515 2263 1636 2322 avis
1667 2264 1946 2341 psittacos
1991 2272 2049 2324 et
2080 2262 2149 2325 ab

160 2348 377 2424 altera,
423 2365 573 2427 quae
601 2356 842 2407 vocatur
870 2346 1150 2421 Articula,
1195 2346 1398 2407 animal
1429 2345 1767 2425 sphingion‚
1815 2365 1847 2407 a
1877 2346 2152 2425 Tergedo

162 2431 616 2511 cynocephalos.
679 2430 811 2491 inde
829 2429 1051 2509 Napata
1079 2428 1288 2489 LXXX
1314 2430 1486 2489 milia.
1530 2430 1803 2509 oppidum
1834 2431 1891 2491 id
1913 2447 2151 2508 parvom

160 2515 307 2578 inter
336 2516 636 2597 praedicta
670 2513 874 2574 solum.
922 2513 994 2575 ab
1028 2530 1100 2574 eo
1124 2514 1195 2573 ad
1228 2513 1465 2574 insulam
1489 2513 1730 2573 Meroen
1761 2512 2011 2574 CCCLX
2038 2513 2114 2572 M.
2140 2522 2235 2576 185

161 2597 375 2662 herbas
414 2600 573 2659 circa
603 2597 842 2658 Meroen
871 2597 1097 2657 demum
1129 2597 1459 2673 viridiores,
1506 2598 1773 2658 silvarum
1808 2597 2022 2676 aliquid
2054 2596 2150 2657 ad-

101 2686 427 2764 aeparuisse
471 2690 533 2742 et
561 2682 986 2742 rhinocerotum
1033 2680 1582 2760 elephantorumque
1620 2683 1885 2759 vestigia.
1969 2682 2154 2760 ipsum

161 2768 437 2847 oppidum
465 2762 706 2825 Meroen
735 2764 806 2825 ab
846 2766 1075 2825 introitu
1119 2764 1339 2825 insulae
1378 2765 1589 2825 abesse
1619 2764 1773 2825 LXX
1815 2764 1931 2824 mil.
1976 2783 2159 2843 pass,

157 2849 435 2929 iuxtaque
462 2849 629 2909 aliam
660 2849 898 2909 insulam
929 2848 1088 2909 Tadu
1119 2849 1326 2909 dextro
1359 2848 1731 2909 subeuntibus
1761 2849 1954 2925 alve0,
2008 2866 2154 2926 quae

157 2944 402 3079 artum
433 2933 677 2994 faceret.
743 2925 1003 2993 aedificia
1050 2933 1250 3012 oppidi
1297 2951 1500 3012 pauca.
1566 2950 1813 3010 regnare
1858 2932 2240 2996 feminam186

241 3036 471 3096 nagen,
517 3017 672 3094 quod
713 3033 938 3076 nomen·
966 3015 1159 3076 multis
1202 3018 1310 3076 iam
1347 3018 1508 3076 annis
1536 3016 1608 3078 ad
1650 3018 1882 3093 reginas
1912 3018 2150 3077 transiit.

93 3100 464 3163 ”delubrum
493 3099 818 3162 Hammonis
854 3109 911 3160 et
940 3098 1018 3159 ibi
1059 3100 1396 3177 religiosum
1438 3109 1498 3160 et
1532 3110 1655 3161 toto
1699 3108 1884 3159 tractu
1914 3101 2153 3161 sacella.

157 3193 364 3246 cetero
414 3202 543 3245 cum
585 3185 903 3263 potirentur
952 3199 1143 3243 rerum
1172 3183 1534 3262 Aethiopes,
1580 3184 1761 3244 insula
1802 3202 1873 3244 ea
1913 3203 2155 3261 magnae

157 3268 439 3331 claritatis
470 3267 592 3334 fuit.
645 3267 870 3330 tradunt
899 3276 1238 3327 armatorum
1265 3265 1406 3326 CCL
1435 3267 1552 3326 mil.
1578 3269 1717 3327 dare
1751 3268 1997 3343 solitam,
2023 3270 2152 3328 arti-

157 3350 330 3415 ficum
358 3350 474 3414 1111
501 3349 562 3412 M
581 3350 760 3412 alere.
804 3368 982 3428 reges
1005 3349 1351 3429 Aethiopum
1374 3349 1524 3411 XLV
1550 3359 1607 3412 et
1634 3351 1806 3414 hodie
1843 3352 2149 3413 traduntur.

2176 3507 2224 3549 Δ
