2320 3650
197 146 277 207 22
549 124 570 136 “
888 212 891 217 ,
934 154 994 202 6.
1026 154 1220 202 PLINI
1249 154 1551 203 SECUNDI

201 315 315 376 cibi
346 315 536 374 exitus
566 329 681 372 non
717 320 825 370 est.
883 311 1028 390 (41)
1066 310 1308 386 Tineae,
1344 311 1732 386 cantharides,
1768 302 2011 372 culiceS.
2065 314 2237 374 nivis

201 398 426 460 animal.
493 397 635 476 (42)
682 397 893 473 ignium
937 395 1176 470 animal,
1233 395 1455 474 pyralis
1486 399 1611 455 sive
1660 406 1991 475 pyraustes.
2065 399 2232 478 (43)

199 482 599 565 hemerobion.
656 480 970 561 (44—97)
1001 479 1345 539 Animalium
1370 481 1618 540 omnium
1642 498 1751 558 per
1776 478 2002 558 singula
2034 501 2233 543 mem-

114 628 117 635 ,
201 569 304 630 bra
347 577 582 627 naturae
630 576 688 626 et
724 564 1029 625 historiae.
1107 564 1254 644 (44)
1300 583 1449 644 quae
1486 564 2005 643 apiceshabeant,
2059 585 2232 646 quae

148 674 153 687 ⁸
200 655 422 713 cristas.
486 651 630 729 (45)
669 667 941 710 cornuum
971 666 1212 725 genera.
1269 649 1478 727 quibus
1510 648 1765 709 mobilia.
1824 649 1968 729 (46)
2007 651 2084 710 de
2126 671 2275 719 (ιε-ε,

198 737 412 817 pitihus
465 744 522 796 et
576 735 786 814 quibus
826 734 1003 793 nulla.
1072 733 1218 812 (47)
1253 734 1326 794 de
1372 734 1607 812 capillo,
1677 732 1821 813 (48)
1860 734 1934 793 de
1970 735 2232 797 ossibus

198 822 422 901 capitis.
476 820 633 899 (49)
683 820 757 880 de
791 817 1062 877 cerebro.
1120 817 1265 897 (50)
1299 818 1374 878 (16
1407 818 1658 878 auribus.
1704 837 1854 897 quae
1897 820 2024 878 sine
2058 823 2230 880 auri-

196 908 307 967 bus
351 915 408 966 et
450 906 575 964 sine
620 902 997 963 foraminibus
1028 902 1278 962 audiant.
1342 902 1489 982 (51)
1524 903 1597 963 de
1642 903 1825 978 facie,
1874 903 1949 962 de
1984 903 2230 982 fronte,

197 993 270 1052 de
305 988 652 1069 superciliis.
717 986 1030 1065 (52—57)
1064 986 1138 1046 de
1166 986 1354 1046 oculis
1386 981 1581 1070 (quae
1616 989 1741 1048 sine
1773 987 1960 1046 oculis
1991 991 2227 1051 anima·
2301 1052 2302 1067 ¹

128 1092 135 1095 “
198 1077 293 1141 lia.
356 1092 504 1153 quae
552 1072 816 1149 singulos
858 1070 1065 1130 oculos
1108 1072 1323 1130 tantum
1366 1071 1635 1131 habeant.
1705 1072 1805 1133 53.
1851 1072 1924 1131 de
1957 1072 2290 1137 diversi-10

195 1168 314 1218 tate
367 1156 688 1217 oculorum.
753 1156 854 1216 54.
900 1173 1050 1233 quae
1094 1156 1243 1237 ratio
1291 1156 1469 1215 visus.
1529 1166 1705 1216 noctu
1749 1156 2038 1216 videntes.
2110 1161 2223 1220 55.

197 1243 270 1303 de
302 1252 502 1303 natura
537 1240 814 1321 pupillae.
873 1257 1022 1318 quae
1054 1256 1171 1298 non
1205 1241 1531 1299 coniveant.
1599 1240 1808 1319 quibus
1851 1243 2001 1300 eruti
2049 1246 2226 1305 oculi

194 1336 590 1387 renascantur.
655 1325 756 1386 56.
790 1325 863 1384 de
895 1323 1197 1403 palpebris
1230 1333 1286 1384 et
1317 1325 1527 1402 quibus
1560 1342 1676 1384 non
1709 1326 1848 1398 sint,
1886 1325 2106 1404 quibus
2144 1329 2224 1388 ab

197 1412 381 1472 altera
415 1420 628 1471 tantum
660 1419 852 1488 parte.
914 1409 1014 1469 57.
1064 1407 1275 1486 quibus
1318 1427 1509 1487 genae
1552 1426 1666 1469 non
1702 1404 1878 1498 sint).
1947 1409 2101 1491 (58)
2142 1414 2223 1473 de

195 1497 380 1572 maliS,
435 1496 534 1556 59.
569 1495 642 1555 (16
676 1494 946 1567 naribuS,
1013 1493 1158 1572 (60)
1198 1493 1272 1552 de
1305 1494 1527 1569 bucciS,
1564 1494 1774 1569 labris,
1807 1495 2051 1571 mentis,
2090 1516 2223 1557 ma·
2247 1515 2293 1554 15

166 1578 387 1656 'xillis,
453 1579 766 1659 (oh-64)
805 1580 877 1639 de
912 1576 1181 1638 dentibus
1217 1573 1413 1662 (quae
1451 1596 1673 1655 genera
1709 1596 1929 1651 eorum.
1993 1581 2225 1658 quibus

192 1682 309 1724 non
336 1674 583 1742 utraque
614 1672 780 1742 parte
813 1663 943 1738 sint,
978 1661 1187 1742 quibus
1220 1664 1367 1722 cavi.
1435 1662 1535 1723 62.
1574 1663 1647 1722 de
1672 1665 2033 1742 serpentium
2064 1666 2222 1743 den·
2301 1656 2302 1667 ¹

193 1748 379 1823 tibus,
433 1748 506 1808 de
549 1765 779 1807 veneno
821 1765 1039 1807 eorum.
1080 1747 1188 1805 ’cui
1232 1747 1456 1806 volucri
1493 1747 1719 1807 dentes.
1783 1746 1883 1808 63.
1918 1749 2222 1810 mirabilia

187 1834 464 1906 dentium.
526 1832 626 1893 64.
674 1833 836 1893 aetas
880 1833 1241 1892 animantium
1286 1831 1358 1892 ab
1390 1825 1543 1920 his).
1607 1832 1753 1913 (65)
1801 1834 1875 1893 de
1918 1833 2123 1910 lingua
2161 1842 2260 1895 et'

195 1936 343 1998 quae
377 1920 500 1977 sine
545 1935 634 1976 ea.
701 1918 775 1977 de
817 1935 1080 1992 ranarum
1108 1925 1291 1976 sono.
1352 1918 1426 1977 de
1471 1917 1697 1995 palato,
1761 1916 1908 1997 (66)
1956 1919 2033 1978 de
2081 1928 2302 2018 ton-20¹

193 2003 359 2063 sillis.
425 2020 567 2077 uva,
618 2002 968 2080 epiglossis,
1018 2002 1301 2077 arteriae,
1357 2002 1524 2078 gula,
1588 2001 1733 2081 (67)
1779 2003 2021 2077 cervix,
2085 2006 2219 2064 col·
2301 2041 2302 2052 κ

191 2090 338 2162 lum,
401 2088 597 2165 spina,
681 2085 825 2166 (68)
883 2094 1117 2163 guttur,
1165 2086 1400 2160 fauces,
1458 2086 1807 2156 stomachus.
1882 2086 2217 2169 (69—-71)

191 2175 265 2234 de
298 2171 479 2231 corde
512 2165 868 2256 (sanguine,
901 2172 1107 2230 animo·
1169 2171 1268 2230 70.
1301 2170 1508 2248 quibus
1536 2189 1795 2244 maxuma
1828 2172 2044 2248 corda,
2084 2175 2217 2252 qui·

191 2258 300 2318 hus
330 2257 606 2331 minuma,
656 2255 862 2334 quihus
893 2255 1044 2316 bina.
1107 2254 1209 2313 71.
1257 2254 1485 2333 quando
1523 2255 1579 2313 in
1611 2257 1760 2314 extis
1792 2256 2021 2335 adspici
2064 2276 2214 2317 coe·
2301 2289 2302 2310 ι

192 2336 354 2484 ρῑειέ.
411 2338 555 2419 (72)
591 2340 664 2399 de
691 2341 961 2419 pulmone
996 2349 1054 2399 et
1077 2338 1285 2417 quibus
1311 2357 1626 2414 maxumus,
1661 2340 1868 2419 quibus
1899 2342 2211 2402 minumus.
2234 2315 2302 2400 asl

118 2463 123 2469 -
190 2427 287 2505 qui
331 2443 398 2485 us
427 2424 566 2483 nihil
605 2424 758 2485 aliud
792 2443 958 2503 quam
993 2424 1190 2502 pulmo
1232 2424 1400 2483 intus.
1460 2442 1609 2503 quae
1652 2437 1827 2485 causa
1868 2425 2215 2486 velocitatis
2301 2435 2302 2448 ¹

190 2509 529 2571 animalium.
602 2508 914 2589 (73—76)
954 2510 1027 2569 de
1067 2509 1327 2567 iocinere
1362 2503 1482 2593 (de
1530 2510 1720 2587 capite
1760 2518 2057 2584 extorum,
2109 2512 2213 2571 ha·

187 2595 479 2673 ruspicum
530 2594 685 2653 circa
732 2612 801 2653 ea
853 2593 1319 2653 observationes
1389 2592 1610 2672 quibus
1652 2593 1992 2654 animalibus
2040 2604 2108 2654 et
2153 2597 2213 2654 in

189 2679 396 2758 quibus
440 2678 590 2737 locis
630 2678 767 2742 ‚bina
814 2679 1094 2738 iocinera.
1145 2664 1260 2736 74.
1310 2678 1381 2737 de
1426 2677 1591 2737 felle.
1641 2677 1738 2737 ubi
1786 2679 1946 2737 etin
1992 2680 2211 2758 quibus
2297 2733 2303 2750 ,

186 2766 494 2840 geminum.
531 2762 754 2841 'quibus
790 2763 1111 2822 animalium
1146 2780 1261 2822 non
1295 2763 1368 2838 sit
1412 2770 1470 2820 et
1511 2762 1719 2840 quibus
1758 2762 1896 2842 alibi
1933 2781 2112 2841 quam
2149 2767 2209 2823 in
2231 2784 2296 2825 3ο

186 2839 468 2908 iocinere.
519 2848 617 2907 75.
659 2865 807 2925 quae
844 2849 933 2907 vis
967 2848 1110 2906 eius·
1158 2846 1258 2907 76.
1295 2846 1770 2925 quibus‘crescat
1802 2864 1931 2907 cum
1970 2848 2110 2922 luna
2146 2859 2210 2908 et

189 2933 499 2993 decrescat
531 2932 713 2991 iecur.
763 2932 1128 3011 haruspicum
1170 2932 1324 2990 circa
1362 2950 1431 2990 ea
1474 2930 1921 2991 observationes
1959 2942 2021 2993 et
2064 2950 2206 3012 pro-

100 3034 107 3047 ’
189 3017 343 3093 digia
375 3011 580 3104 mira).
640 3017 786 3096 (77)
823 3016 1190 3095 praecordia.
1229 3016 1381 3074 risus
1414 3023 1633 3076 natura.
1696 3014 1840 3095 (78)
1876 3016 1952 3076 de
1992 3027 2208 3078 ventre

190 3110 246 3159 et
287 3100 494 3179 qisibus
527 3101 734 3161 nullus.
783 3119 932 3179 quae
969 3101 1096 3160 sola
1131 3099 1383 3160 vomant.
1433 3099 1585 3178 (79)
1622 3099 1829 3176 lactes,
1867 3100 2074 3177 hillae,
2121 3102 2213 3162 al··
2301 3101 2302 3180 l

188 3200 327 3258 voS,
379 3184 570 3243 colon.
624 3204 807 3264 quare
855 3185 1138 3264 quaedam
1186 3183 1531 3245 insatiabilia
1575 3184 1855 3245 animalia.
1931 3184 2080 3265 (80)
2111 3186 2207 3246 ’de
2229 3207 2302 3248 351

189 3277 456 3343 omento,
513 3268 586 3327 de
634 3270 840 3348 splene
890 3279 950 3330 et
994 3268 1202 3347 quibus
1245 3268 1568 3336 animalium
1609 3287 1722 3328 non
1767 3271 1857 3327 sit.
1931 3269 2080 3350 (81)
2129 3271 2205 3330 de
2301 3309 2302 3348 5

184 3352 424 3412 renibus
447 3360 506 3411 et
530 3352 626 3411 ubi
655 3354 917 3432 quaterni
945 3354 1303 3429 animalibus,
1344 3349 1550 3431 quibus
1574 3353 1731 3412 nulli.
1793 3352 1940 3433 (82)
1968 3364 2207 3433 pectus),
2301 3353 2302 3358 ’

187 3445 421 3513 costae,
496 3434 641 3516 (83)
679 3440 880 3498 vesica
925 3448 984 3497 et
1028 3438 1237 3515 quibus
1280 3438 1619 3510 animalibus
1652 3454 1768 3504 uon
1805 3440 1912 3514 sit,
1961 3439 2080 3499 ilia.
2135 3438 2210 3498 de

1451 3549 1456 3556 ·
2300 3549 2303 3593 l
