2320 3650
142 20 216 79 10
830 28 891 76 c.
924 29 1115 78 Pmm
1148 28 1448 76 suenum

133 183 689 263 Scipio.Africanus
735 179 1101 260 prior'natus
1145 183 1477 259 primusque
1523 178 1836 241 Caesarum
1885 200 1917 241 a
1968 200 2155 243 caeso

135 271 329 328 matris
362 277 528 326 utero
562 267 780 340 dictuS,
817 283 929 343 qua
959 265 1032 325 de
1067 257 1241 330 causa
1275 274 1333 323 et
1370 263 1670 325 Caesones
1707 266 2006 344 appellati.
2077 267 2154 325 si-

135 353 253 411 mili
294 351 465 411 modo
508 360 675 410 natus
721 359 779 409 et
812 349 1079 409 Manilius
1121 352 1218 426 qui
1268 347 1676 425 Carthaginem
1717 367 1846 409 cum
1883 353 2154 412 exercitu

135 437 379 495 intravit.
744 464 751 471 ·

267 520 360 579 10.
396 517 523 598 (8.)
564 517 857 596 Vopiscos
888 516 1261 594 appellabant
1286 535 1319 575 e
1350 518 1592 592 geminis
1618 517 1712 595 qui
1744 518 1955 578 retenti
1980 527 2153 578 utero
2172 538 2197 577 ε

137 613 515 663 nascerentur
556 602 744 661 altero
790 603 1137 678 interempto
1170 600 1393 659 abortu.
1456 618 1701 678 namque
1733 618 1997 661 maxuma
2038 604 2154 663 etsi

137 705 267 748 rara
304 689 461 746 circa
492 687 605 747 hoc
640 684 915 745 miracula
945 686 1247 744 exsistunt.

49 781 120 834 48
276 772 370 830 11.
432 771 559 849 (9.)
622 770 862 830 Praeter
907 769 1207 828 mulierem
1255 786 1442 845 pauca
1484 769 1748 830 animalia
1790 770 2007 829 coitum
2045 786 2152 829 no·

134 874 274 916 vere
317 854 588 931 gravida,
635 870 802 912 unum
848 852 1078 935 quidem
1123 854 1352 912 omnino
1389 862 1485 914 aut
1521 854 1767 913 alterum
1799 853 2151 931 superfetat.

72 998 76 1003 .
134 947 323 999 exstat
353 941 410 996 in
440 938 801 995 monimentis
834 946 893 996 et
926 937 1280 996 medicorum
1316 945 1376 995 et
1409 936 1614 1014 quibus
1644 937 1783 997 talia
1815 938 2220 1000 consectaria·

137 1025 311 1083 curae
358 1023 465 1080 fuit
499 1038 612 1080 uno
656 1020 861 1079 abortu
902 1021 1212 1081 duodecim
1253 1022 1565 1099 puerperia
1611 1029 1834 1098 egesta.
1912 1021 2016 1081 sed
2053 1020 2159 1079 ubi

136 1105 427 1184 paululum
472 1105 752 1182 temporis
783 1105 933 1164 inter
976 1105 1124 1164 duos
1168 1114 1490 1182 conceptus
1526 1107 1892 1181 intercessit,
1938 1114 2156 1165 utrum-

50 1193 127 1253 49
144 1207 255 1268 que
295 1189 617 1266 perfertur,
658 1198 716 1247 ut
757 1190 812 1246 in
843 1185 1096 1249 Hercule
1133 1199 1193 1248 et
1234 1188 1460 1266 Iphicle
1501 1189 1682 1250 fratre
1730 1190 1854 1248 eius
1890 1190 2160 1267 adparuit

138 1283 196 1333 et
227 1275 283 1332 in
327 1291 395 1331 ea
429 1291 577 1351 quae
608 1274 839 1350 gemino
877 1282 1040 1352 partu
1077 1274 1321 1333 alterum
1350 1276 1554 1334 marito
1600 1272 1843 1333 similem
1880 1273 2157 1334 alterum·

136 1377 248 1438 que
286 1357 550 1417 adultero
580 1359 814 1435 genuit,
856 1359 994 1418 item
1036 1360 1105 1416 in·
1134 1358 1528 1418 Proconnesia
1560 1357 1773 1418 ancilla
1804 1375 1955 1435 quae
2001 1352 2158 1416 eius·
2179 1379 2225 1421 15

139 1441 268 1502 dem
310 1441 423 1501 diei
467 1443 623 1502 coitu
656 1442 898 1502 alterum
942 1442 1174 1504 domino
1219 1441 1462 1501 similem
1496 1443 1739 1501 alterum
1790 1441 2160 1519 procuratori

139 1529 284 1601 eiuS,
320 1536 377 1585 et
407 1528 464 1584 in
492 1527 604 1585 alia
638 1543 787 1605 quae
822 1539 991 1586 unum
1021 1529 1172 1584 iusto
1206 1535 1403 1603 partu,
1438 1527 1688 1603 quinque
1716 1543 1977 1585 mensum
2005 1524 2160 1584 alte-

138 1629 259 1669 rum
303 1610 509 1685 edidit,
558 1629 755 1669 rursus
800 1611 857 1668 in
897 1611 1010 1670 alia
1046 1626 1195 1687 quae
1232 1617 1455 1687 septem
1498 1628 1756 1669 mensum
1791 1609 1948 1669 edito
1982 1626 2159 1687 puer-

78 1709 89 1720 *
138 1696 302 1772 perio
336 1695 612 1754 insecutis
641 1694 937 1753 mensibus
971 1696 1235 1770 geminos
1265 1695 1435 1752 enixa
1466 1703 1574 1753 est.

42 1786 122 1841 ω
264 1779 355 1839 10.
417 1777 533 1838 Iam
570 1777 670 1838 illa
705 1777 940 1855 volgata
971 1779 1277 1839 varia:‹ex
1311 1779 1553 1857 integris
1582 1787 1818 1860 truncos
1853 1777 2048 1855 gigni,
2079 1794 2224 1841 exso

139 1864 356 1925 truncis
389 1863 681 1939 integros,
735 1862 939 1922 eadem
982 1872 1458 1940 parte-truncos,
1499 1865 1663 1940 signa
1694 1862 1976 1941 quaedam
2020 1878 2161 1921 nae-

141 1964 368 2024 vosque
401 1955 459 2004 et
499 1947 803 2015 cicatrices
842 1947 1011 2006 etiam
1043 1948 1402 2024 regenerari.·
1438 1957 1642 2025 quarto
1669 1955 1839 2025 partu
1863 1945 2164 2017 Dacorum

141 2030 380 2107 originis
408 2028 545 2089 nota
582 2032 636 2088 in
667 2028 908 2107 brachio
941 2031 1216 2091 redditur.
1777 2020 1864 2044 w*
1961 2008 2050 2057 '⁴²³³'

270 2113 366 2173 12.
425 2112 490 2173 In
518 2113 867 2192 Lepidorum
894 2125 1070 2192 gente
1102 2118 1240 2190 trie,
1272 2116 1599 2174 intermisso
1621 2115 1861 2189 'oi-dine,
1895 2114 2161 2175 obducto

51 2211 119 2263 51
141 2198 468 2259 membrana
527 2199 701 2258 oculo
755 2200 986 2276 genitos
1039 2201 1406 2278 accepimus,
1463 2198 1666 2258 similis
1718 2198 1953 2278 quidem
2002 2197 2225 2258 aliosaes

141 2301 284 2357 avo,
330 2291 388 2342 et
418 2301 493 2342 ex
526 2285 771 2359 geminis
808 2302 1040 2362 quoque
1077 2284 1320 2343 alterum
1352 2285 1502 2361 patri
1533 2283 1777 2343 alterum
1807 2283 2008 2356 matri,
2060 2299 2159 2340 an-

142 2384 333 2443 noque
363 2375 497 2444 post
525 2369 777 2442 genitum
808 2369 1008 2428 maiori
1045 2368 1287 2427 similem
1315 2367 1499 2427 fuisse
1532 2376 1591 2425 ut
1621 2368 1928 2444 geminum.
1986 2381 2158 2444 quas-

143 2452 268 2510 dam
301 2451 409 2508 sibi
439 2451 639 2509 similis
667 2469 900 2529 semper
927 2470 1173 2530 parere,
1208 2452 1483 2530 quasdam
1506 2453 1630 2510 viro
1648 2495 1664 2527 ,
1693 2450 1970 2529 quasdam
1991 2448 2158 2524 nulli,

143 2535 418 2612 quasdam
453 2530 722 2594 feminam
754 2538 936 2613 patri,
983 2553 1199 2596 marem
1234 2535 1363 2594 sibi.
1421 2535 1794 2595 indubitatum
1827 2533 2160 2612 exemplum

144 2628 233 2678 est
262 2617 463 2678 Nicaei
489 2618 702 2678 nobilis
732 2629 945 2698 pyctae
968 2620 1224 2695 Byzantii
1259 2620 1438 2696 geniti
1507 2621 1565 2678 ui
1601 2619 1888 2681 adulterio
1911 2617 2155 2677 Aethio·
2177 2636 2224 2678 so

144 2705 231 2780 pis
277 2712 408 2763 nata
452 2712 634 2763 matre
678 2703 817 2764 nihil
865 2723 896 2763 a
949 2706 1164 2764 ceteris
1207 2705 1412 2763 colore
1561 2713 1762 2763 erente
1814 2704 1943 2780 ipse
1988 2718 2159 2761 avom

56 2797 124 2848 52
144 2788 514 2864 regeneravit
558 2786 928 2864 Aethiopem.
1018 2789 1454 2848 Similitudinum
1496 2788 1726 2865 quidem
1768 2788 2022 2847 inmensa
2065 2804 2157 2845 re-

145 2873 360 2947 putatio
396 2879 487 2930 est
529 2880 586 2930 et
616 2872 671 2929 in
705 2889 815 2949 qua
850 2872 1155 2932 credantur
1186 2873 1358 2932 multa
1388 2872 1623 2931 fortuita
1656 2871 1919 2949 pollere,
1971 2871 2156 2946 vim,

144 2955 398 3028 auditus,
453 2957 732 3015 memoria
772 2955 1128 3035 haustaeque
1173 2958 1453 3034 imagines
1507 2955 1615 3015 sub
1665 2957 1797 3033 ipso
1843 2964 2155 3032 conceptu.

98 3046 102 3051 ’
145 3039 418 3113 cogitatio
451 3040 623 3127 etiam
646 3040 970 3099 utriuslibet
996 3042 1239 3100 animum
1269 3040 1459 3100 subito
1483 3039 1845 3099 transvolans
1871 3038 2234 3129 effingeret*

144 3120 567 3181 similitudinem
592 3133 687 3183 aut
717 3124 967 3183 miscere
999 3125 1390 3184 existumatur.
1449 3123 1703 3201 ideoque
1733 3123 1929 3201 plures
1960 3123 2018 3180 in
2048 3122 2154 3181 ho-

145 3205 293 3261 mine
334 3223 500 3282 quam
538 3209 593 3264 in
626 3209 839 3267 ceteris
884 3208 1146 3267 omnibus
1183 3207 1519 3267 animalibus
1565 3206 1961 3280 differentiae,
2005 3223 2156 3283 quo-

144 3286 294 3344 niam
323 3288 608 3355 velocitas
644 3291 1052 3367 cogitationum
1086 3291 1373 3367 animique
1412 3291 1691 3351 celeritas
1735 3298 1791 3349 et
1830 3290 2026 3365 ingeni
2056 3307 2155 3350 va-
