2320 3650
33 3318 132 3435 l

618 107 777 156 ΜΤ.
807 106 991 156 ιιιετ.
1025 107 1157 157 ιιιι.
1210 92 1640 179 mama—24.)
1927 165 1932 176 ⁴
2037 98 2148 158 171

89 281 348 350 -ειιιιιιι,
396 262 716 325 Sciathum
729 255 838 321 XV
868 260 958 337 M,
1008 260 1254 322 Imbrum
1304 280 1432 323 cum
1474 280 1591 342 opp
1596 263 1690 324 ido
1725 241 2068 324 LXXXVIII
2096 261 2154 323 M

156 365 446 448 passuum.
494 346 696 407 eadem
727 345 896 405 abest
923 364 957 407 a
987 343 1262 407 Mastusia
1294 343 1646 407 Cherronesi
1677 345 1840 406 XXV
1872 346 1930 407 M
1968 364 2150 426 pass.,

155 434 276 511 ipsa
323 431 571 491 circuitu
603 428 758 490 LXII
787 428 845 488 M
887 437 1156 509 'passuum
1200 430 1560 509 perfunditur
1602 447 1764 491 amne
1812 429 2002 491 Ilisso.
2062 430 2154 490 Ab
2169 438 2238 494 73

158 534 220 576 ea
258 513 516 575 Lemnos
556 512 724 573 XXII
759 512 851 587 Μ,
910 531 1059 592 quae
1098 513 1172 573 ab
1210 514 1367 573 Atho
1401 512 1718 575 LXXXVII
1760 512 1819 573 M
1861 532 2150 593 passuum.

109 616 136 655 5
156 600 399 659 circuitu
429 607 592 677 patet
623 595 780 657 CXII
809 595 867 656 M
893 595 945 656 D
979 615 1174 676 pass„
1209 597 1423 677 oppida
1453 597 1628 658 habet
1657 597 2066 675 Hephaestiam
2096 607 2155 658 et

148 682 433 758 Myrinam
477 683 533 742 in
568 682 730 741 cuius
771 681 956 740 forum
1000 682 1250 743 solstitio
1286 681 1472 742 Athos
1518 680 1844 742 eiaculatur
1875 681 2150 741 umbram.

147 769 219 828 ab
259 785 334 828 ea
376 765 603 825 Thasos
643 764 830 825 libera
862 764 944 826 vl
974 764 1028 825 M
1061 783 1362 844 passuum,
1386 766 1548 825 olim
1574 764 1754 825 Aeria
1785 764 1883 825 vel
1913 764 2154 826 Aethria

147 851 324 912 dicta.
370 849 507 910 inde
537 848 775 909 Abdera
807 850 1152 909 continentis
1182 847 1346 909 XXII
1373 847 1431 908 M
1461 867 1752 928 passuum,
1786 848 1978 910 Athos
1999 837 2186 910 LXII

145 934 223 1011 Μ,
257 933 595 996 tantundem
623 932 807 993 insula
839 932 1246 1009 Samothrace,
1282 950 1430 1011 qnae
1461 933 1678 1009 libera,
1712 942 1844 993 ante
1873 932 2149 1008 Hebrum,

77 1019 220 1079 mab
267 1017 468 1079 Imbro
511 1015 730 1077 XXXII
758 1015 846 1093 M,
891 1035 924 1078 a
968 1015 1184 1077 Lemno
1215 978 1380 1076 XXII
1400 1015 1468 1076 M
1495 1015 1581 1095 D,
1634 1034 1668 1077 a
1714 1016 2001 1079 Threciae
2048 1033 2151 1077 ora

142 1100 454 1163 XXXVIII
481 1100 572 1177 M,
619 1101 857 1161 circuitu
897 1098 1118 1161 XXXII
1145 1100 1223 1160 M.
1256 1100 1535 1164 attollitur
1564 1110 1756 1161 monte
1787 1103 1979 1163 Saoce
2011 1099 2068 1161 X
2093 1098 2154 1159 M

143 1203 425 1266 passuum
449 1184 778 1260 altitudinis,
799 1183 899 1246 vel
919 1185 1415 1263 inportuosissima
1446 1186 1708 1246 omnium.
1764 1183 2150 1248 Callimachus

145 1288 277 1331 eam
308 1270 546 1349 antiquo
577 1269 804 1328 nomine
829 1267 1176 1330 Dardaniam
1196 1275 1395 1329 vocat.
1436 1268 1601 1330 Inter
1636 1265 2063 1331 Cherronesum
2091 1276 2148 1329 et
2167 1278 2237 1334 74

143 1353 591 1428 Samothracen,
615 1352 895 1430 utrimque
919 1350 1048 1411 fere
1070 1350 1181 1412 XV
1204 1351 1666 1429 MHalonnesos,
1692 1353 1839 1413 ultra
1864 1352 2148 1427 Gethone,

75 1435 1030 1517 ιεΙιιιιιιροιιίιιᾳΑΙορεοοιιιιοειιε
1072 1436 1208 1498 haut
1253 1436 1460 1515 procul
1495 1455 1529 1498 a
1575 1433 1775 1496 Coelo
1796 1435 2152 1510 Cherronesi

143 1530 355 1621 portu,
401 1529 465 1588 et
507 1519 786 1600 quaedam
816 1518 1127 1619 ignobiles.
1187 1518 1456 1582 Desertis
1491 1538 1724 1599 quoque
1754 1521 2112 1581 reddantur
2093 1538 2153 1579 ιιι

141 1607 262 1667 hoc
292 1607 444 1666 sinu
462 1621 702 1683 quarum
733 1603 955 1663 modo
937 1604 1180 1664 inveniri
1204 1612 1521 1683 potuerunt
1549 1605 1806 1666 nomina:
1849 1599 2150 1680 Desticos,

143 1692 403 1767 Sarnos,
452 1686 770 1764 CyssiroS,
804 1684 1165 1765 Charbrusa,
1210 1686 1548 1765 Calathusa,
1594 1687 1844 1766 Scyllia,
1879 1687 2148 1763 Dialeon,
2244 1713 2247 1716 ·

142 1773 416 1850 Dictaea,
443 1771 775 1848 Melanthia,
794 1770 1122 1850 Dracanon,
1148 1772 1547 1850 Arconnesus,
1571 1770 1874 1851 Diethusa,
1900 1773 2148 1852 Scapos,

75 1856 232 1920 ”Ga
235 1858 500 1939 pheris,
511 1856 776 1931 Mesate,
787 1854 1119 1935 Aeantion,
1156 1856 1607 1936 Pateronnesos,
1638 1856 1888 1936 Pateria,
1921 1855 2149 1933 Calate,

139 1941 291 2004 Neri
319 1943 476 2019 hus,
509 1940 819 2001 Polendos.
963 1960 972 1965 ²
1166 1964 1169 1971 2

315 2025 453 2107 24.)
498 2025 747 2098 Quartus
793 2041 827 2085 e
873 2025 1096 2102 magnis
1138 2023 1423 2105 Europae.
1456 2025 1612 2085 sinus
1659 2024 1731 2085 ab
1762 1994 2146 2105 Hellesponto
2164 2025 2232 2081 75

146 2112 305 2191 iu'pr
309 2112 440 2171 iens
482 2108 732 2170 Maeotis
775 2111 925 2169 ostio
973 2109 1181 2170 linitur.
1238 2111 1342 2171 sed
1385 2111 1559 2170 totius
1589 2108 1755 2170 Ponti
1795 2109 1978 2170 forma
2016 2109 2148 2169 bre·
2218 2156 2227 2160 -

146 2196 303 2256 viter
334 2193 759 2273 conplectenda
788 2202 907 2269 est,
939 2203 1001 2253 ut
1029 2183 1258 2254 facilius
1290 2203 1488 2273 partes
1517 2202 1848 2254 noscantur.
1912 2193 2151 2253 Vastum

78 2294 312 2341 asmare
356 2279 701 2358 praeiacens
749 2277 928 2337 Asiae
972 2286 1032 2338 et
1074 2277 1147 2338 ab
1196 2276 1433 2378 Europa
1478 2286 1752 2377 porrecto
1798 2276 2150 2338 Cherronesi

145 2364 324 2425 litore
356 2360 689 2440 expulsum
703 2369 947 2438 angusto
989 2370 1180 2421 meatu
1227 2362 1494 2441 inrumpit
1540 2363 1597 2422 in
1637 2371 1856 2439 terras,
1876 2424 1877 2429 ,
1899 2360 2008 2423 VII
2037 2371 2148 2423 sta·

147 2447 411 2523 diorum,
456 2453 516 2505 ut
547 2444 761 2505 dictum
802 2444 922 2521 est,
968 2444 1275 2506 intervallo
1317 2444 1609 2525 Europam
1641 2446 1935 2506 auferens
1947 2447 2213 2507 Asiae.⁴⁹

147 2532 372 2611 primas
412 2530 730 2606 angustias
745 2489 1187 2608 Hellespontum
1223 2539 1454 2591 vocant.
1508 2530 1619 2590 hac
1659 2528 1894 2592 Xerxes
1939 2530 2145 2593 Persa·

135 2630 277 2716 ram
309 2632 420 2675 rex
458 2621 754 2674 constrato
796 2615 854 2672 in
885 2613 1125 2674 navibus
1157 2623 1332 2692 ponte
1375 2615 1535 2677 duxit
1569 2616 1906 2677 exercitum.
1960 2614 2144 2693 porri-

83 2699 307 2778 sugitur
338 2696 549 2759 deinde
578 2698 768 2758 tenuis
793 2695 1042 2776 Euripus
1069 2696 1361 2757 LXXXVI
1387 2697 1447 2758 M
1477 2717 1632 2778 pass.
1666 2701 1854 2779 spatio
1887 2699 1960 2759 ad
1989 2697 2144 2759 Pria·

151 2798 290 2864 pum
317 2781 523 2842 urbem
553 2780 765 2857 Asiae,
810 2800 922 2860 qua
950 2780 1193 2859 Magnus
1223 2778 1561 2844 Alexander
1585 2782 1960 2851 transcendit.
2013 2782 2147 2843 inde
2163 2786 2230 2843 76

153 2867 513 2959 exspatiatur
541 2881 764 2943 aequor
790 2883 1105 2944 rursusque
1136 2867 1195 2926 in
1223 2876 1403 2927 artum
1434 2869 1569 2927 coit.
1602 2867 1811 2928 laxitas
1839 2866 2147 2944 Propontis

154 2942 516 3031 appellatur,
559 2949 859 3025 angustiae
906 2948 1193 3010 Thracius
1214 2949 1546 3029 Bosporus,
1589 2950 1909 3021 latitudine·
1928 2948 1980 3010 D
2013 2967 2144 3030 pas·

153 3051 336 3110 suum,
371 3050 486 3111 qua
514 3031 724 3092 Darius
755 3041 922 3111 pater
949 3032 1165 3093 Xerxis
1198 3034 1399 3111 copias
1429 3042 1608 3111 ponte
1642 3035 1978 3094 transvexit.
2021 3043 2146 3097 tota

85 3116 234 3180 &aab
245 3116 643 3194 Hellesponto
674 3115 972 3193 longitudo
1005 3114 1434 3177 GCXXXVIIII
1461 3116 1521 3176 M
1549 3135 1723 3196 pass.
1750 3116 1902 3177 Dein
1926 3127 2146 3178 vastum
2252 3156 2257 3161 -

149 3214 316 3265 nare
336 3199 554 3262 Pontus
573 3198 853 3276 Euxmus,
886 3201 983 3278 qui
1013 3200 1297 3279 quondam
1317 3200 1577 3276 Axenus,
1610 3199 1785 3278 longe
1807 3202 2148 3279 refugientis

113 3284 412 3364 occupat
439 3292 625 3344 terras
657 3301 984 3363 magnoque
1016 3284 1245 3345 litorum
1274 3284 1428 3382 flgxu
1457 3284 1625 3345 retro
1649 3293 1914 3347 curvatus
1937 3286 1992 3345 in
2016 3302 2144 3344 cor·

117 3376 271 3431 'uua
295 3366 375 3431 ‘a‘b
411 3367 503 3429 his
542 3368 824 3448 utrimque
858 3369 1206 3448 porrigitur,
1257 3376 1319 3429 ut
1357 3369 1430 3429 sit
1474 3368 1647 3449 plane
1686 3386 1855 3432 arcus
1889 3368 2146 3444 Scythici
