<?xml version="1.0" encoding="UTF-8"?>
<!DOCTYPE html PUBLIC "-//W3C//DTD XHTML 1.0 Transitional//EN"
    "http://www.w3.org/TR/xhtml1/DTD/xhtml1-transitional.dtd">
<html xmlns="http://www.w3.org/1999/xhtml" xml:lang="en" lang="en">
 <head>
  <title>
</title>
<meta http-equiv="Content-Type" content="text/html;charset=utf-8" />
  <meta name='ocr-system' content='tesseract 3.04.00' />
  <meta name='ocr-capabilities' content='ocr_page ocr_carea ocr_par ocr_line ocrx_word'/>
</head>
<body>
  <div class='ocr_page' id='page_1' title='image "./cplinisecundina00eldegoog_0360.png"; bbox 0 0 2320 3650; ppageno 0'>
   <div class='ocr_carea' id='block_1_1' title="bbox 494 107 2074 225">
    <p class='ocr_par' dir='ltr' id='par_1_1' title="bbox 494 107 2074 225">
     <span class='ocr_line' id='line_1_1' title="bbox 494 107 2074 225; baseline 0.003 -21"><span class='ocrx_word' id='word_1_1' title='bbox 494 107 656 204; x_wconf 58' lang='grc' dir='ltr'><strong>ΝᾼΤ.</strong></span> <span class='ocrx_word' id='word_1_2' title='bbox 690 157 871 205; x_wconf 83' lang='lat' dir='ltr'><strong>HIST.</strong></span> <span class='ocrx_word' id='word_1_3' title='bbox 903 158 1024 206; x_wconf 86' lang='lat' dir='ltr'>vn.</span> <span class='ocrx_word' id='word_1_4' title='bbox 1070 129 1311 208; x_wconf 54' lang='lat'>254428.</span> <span class='ocrx_word' id='word_1_5' title='bbox 1351 147 1657 225; x_wconf 82' lang='lat'>(25—29.)</span> <span class='ocrx_word' id='word_1_6' title='bbox 1987 119 2074 208; x_wconf 74' lang='lat'>19&#39;</span> 
     </span>
    </p>
   </div>
   <div class='ocr_carea' id='block_1_2' title="bbox 0 302 2160 3494">
    <p class='ocr_par' dir='ltr' id='par_1_2' title="bbox 58 302 2106 641">
     <span class='ocr_line' id='line_1_2' title="bbox 60 302 2067 394; baseline 0.002 -24"><span class='ocrx_word' id='word_1_7' title='bbox 60 312 170 371; x_wconf 90' lang='lat' dir='ltr'>bus</span> <span class='ocrx_word' id='word_1_8' title='bbox 204 311 584 389; x_wconf 82' lang='lat' dir='ltr'>vincentium,</span> <span class='ocrx_word' id='word_1_9' title='bbox 608 307 700 358; x_wconf 59' lang='grc' dir='ltr'>ἒ-</span> <span class='ocrx_word' id='word_1_10' title='bbox 728 329 916 390; x_wconf 91' lang='lat' dir='ltr'>neque</span> <span class='ocrx_word' id='word_1_11' title='bbox 953 302 1252 392; x_wconf 69' lang='lat' dir='ltr'>enim&#39;ipsi</span> <span class='ocrx_word' id='word_1_12' title='bbox 1292 323 1673 391; x_wconf 82' lang='lat' dir='ltr'>coronantur,</span> <span class='ocrx_word' id='word_1_13' title='bbox 1709 313 1813 375; x_wconf 87' lang='lat' dir='ltr'>sed</span> <span class='ocrx_word' id='word_1_14' title='bbox 1848 318 2067 394; x_wconf 90' lang='lat' dir='ltr'>patrias</span> 
     </span>
     <span class='ocr_line' id='line_1_3' title="bbox 61 395 2065 472; baseline 0.002 -19"><span class='ocrx_word' id='word_1_15' title='bbox 61 413 199 453; x_wconf 88' lang='lat' dir='ltr'>suas</span> <span class='ocrx_word' id='word_1_16' title='bbox 244 406 554 471; x_wconf 78' lang='lat' dir='ltr'>coronant,</span> <span class='ocrx_word' id='word_1_17' title='bbox 589 430 671 441; x_wconf 75' lang='lat'>—-</span> <span class='ocrx_word' id='word_1_18' title='bbox 701 397 808 456; x_wconf 90' lang='lat' dir='ltr'>hos</span> <span class='ocrx_word' id='word_1_19' title='bbox 841 414 983 472; x_wconf 84' lang='lat' dir='ltr'>ergo</span> <span class='ocrx_word' id='word_1_20' title='bbox 1025 395 1278 456; x_wconf 78' lang='lat' dir='ltr'>honores</span> <span class='ocrx_word' id='word_1_21' title='bbox 1324 397 1452 457; x_wconf 90' lang='lat' dir='ltr'>urbi</span> <span class='ocrx_word' id='word_1_22' title='bbox 1496 397 1690 459; x_wconf 83' lang='lat' dir='ltr'>tribuit</span> <span class='ocrx_word' id='word_1_23' title='bbox 1724 400 1781 457; x_wconf 88' lang='lat' dir='ltr'>in</span> <span class='ocrx_word' id='word_1_24' title='bbox 1824 397 2065 458; x_wconf 90' lang='lat' dir='ltr'>delubro</span> 
     </span>
     <span class='ocr_line' id='line_1_4' title="bbox 58 475 2078 559; baseline 0.001 -22"><span class='ocrx_word' id='word_1_25' title='bbox 58 478 356 538; x_wconf 77' lang='lat' dir='ltr'>Minervae</span> <span class='ocrx_word' id='word_1_26' title='bbox 378 478 530 557; x_wconf 91' lang='lat' dir='ltr'>quod</span> <span class='ocrx_word' id='word_1_27' title='bbox 554 475 927 539; x_wconf 41' lang='lat' dir='ltr'>ex‘manubiis</span> <span class='ocrx_word' id='word_1_28' title='bbox 947 480 1202 539; x_wconf 78' lang='lat' dir='ltr'>dicabat:</span> <span class='ocrx_word' id='word_1_29' title='bbox 1233 480 1345 539; x_wconf 89' lang='lat' dir='ltr'>Cn.</span> <span class='ocrx_word' id='word_1_30' title='bbox 1368 482 1573 559; x_wconf 88' lang='lat' dir='ltr'>Pomp</span> <span class='ocrx_word' id='word_1_31' title='bbox 1592 484 1747 542; x_wconf 88' lang='lat' dir='ltr'>eius</span> <span class='ocrx_word' id='word_1_32' title='bbox 1770 480 1871 541; x_wconf 84' lang='lat' dir='ltr'>Ma</span> <span class='ocrx_word' id='word_1_33' title='bbox 1887 501 2078 559; x_wconf 77' lang='lat' dir='ltr'>gnus</span> 
     </span>
     <span class='ocr_line' id='line_1_5' title="bbox 60 558 2106 641; baseline 0.003 -21"><span class='ocrx_word' id='word_1_34' title='bbox 60 558 467 640; x_wconf 77' lang='lat' dir='ltr'>imperator</span> <span class='ocrx_word' id='word_1_35' title='bbox 495 563 706 622; x_wconf 91' lang='lat' dir='ltr'>bello</span> <span class='ocrx_word' id='word_1_36' title='bbox 744 577 912 623; x_wconf 84' lang='lat' dir='ltr'>XXX</span> <span class='ocrx_word' id='word_1_37' title='bbox 943 581 1284 623; x_wconf 88' lang='lat' dir='ltr'>annorum</span> <span class='ocrx_word' id='word_1_38' title='bbox 1320 559 1703 641; x_wconf 74' lang='lat' dir='ltr'>confecto,</span> <span class='ocrx_word' id='word_1_39' title='bbox 1736 561 1920 640; x_wconf 84' lang='lat' dir='ltr'>fusis</span> <span class='ocrx_word' id='word_1_40' title='bbox 1958 563 2106 625; x_wconf 84' lang='lat' dir='ltr'>fu-&#39;</span> 
     </span>
    </p>

    <p class='ocr_par' dir='ltr' id='par_1_3' title="bbox 6 631 2104 1058">
     <span class='ocr_line' id='line_1_6' title="bbox 6 631 2069 727; baseline 0.001 -22"><span class='ocrx_word' id='word_1_41' title='bbox 6 665 30 698; x_wconf 76' lang='lat'>5</span> <span class='ocrx_word' id='word_1_42' title='bbox 61 631 257 723; x_wconf 72' lang='lat' dir='ltr'>gatis</span> <span class='ocrx_word' id='word_1_43' title='bbox 315 649 599 705; x_wconf 86' lang='lat' dir='ltr'>occisis</span> <span class='ocrx_word' id='word_1_44' title='bbox 656 649 724 706; x_wconf 92' lang='lat' dir='ltr'>in</span> <span class='ocrx_word' id='word_1_45' title='bbox 790 649 1248 707; x_wconf 88' lang='lat' dir='ltr'>deditionem</span> <span class='ocrx_word' id='word_1_46' title='bbox 1310 651 1648 727; x_wconf 86' lang='lat' dir='ltr'>acceptis</span> <span class='ocrx_word' id='word_1_47' title='bbox 1709 647 2069 722; x_wconf 83' lang='lat' dir='ltr'>hominum</span> 
     </span>
     <span class='ocr_line' id='line_1_7' title="bbox 64 729 2069 812; baseline 0.001 -23"><span class='ocrx_word' id='word_1_48' title='bbox 64 732 414 789; x_wconf 83' lang='lat' dir='ltr'>centiens</span> <span class='ocrx_word' id='word_1_49' title='bbox 476 732 769 790; x_wconf 89' lang='lat' dir='ltr'>viciens</span> <span class='ocrx_word' id='word_1_50' title='bbox 835 731 1071 812; x_wconf 51' lang='lat' dir='ltr'>semel¹</span> <span class='ocrx_word' id='word_1_51' title='bbox 1120 745 1457 810; x_wconf 77' lang='lat' dir='ltr'><strong>LXXVIII</strong></span> <span class='ocrx_word' id='word_1_52' title='bbox 1515 748 1638 812; x_wconf 40' lang='lat' dir='ltr'>M„</span> <span class='ocrx_word' id='word_1_53' title='bbox 1671 729 2069 811; x_wconf 86' lang='lat' dir='ltr'>depressis</span> 
     </span>
     <span class='ocr_line' id='line_1_8' title="bbox 62 815 2104 896; baseline 0.003 -24"><span class='ocrx_word' id='word_1_54' title='bbox 62 824 182 873; x_wconf 88' lang='lat' dir='ltr'>aut</span> <span class='ocrx_word' id='word_1_55' title='bbox 225 815 466 892; x_wconf 83' lang='lat' dir='ltr'>captis</span> <span class='ocrx_word' id='word_1_56' title='bbox 508 815 819 874; x_wconf 88' lang='lat' dir='ltr'>navibus</span> <span class='ocrx_word' id='word_1_57' title='bbox 864 817 1318 894; x_wconf 48' lang='lat' dir='ltr'>DOCCXLvlg</span> <span class='ocrx_word' id='word_1_58' title='bbox 1373 817 1671 896; x_wconf 86' lang='lat' dir='ltr'>oppidis</span> <span class='ocrx_word' id='word_1_59' title='bbox 1716 816 2104 894; x_wconf 77' lang='lat' dir='ltr'>castellis.</span> 
     </span>
     <span class='ocr_line' id='line_1_9' title="bbox 60 897 2072 979; baseline -0.001 -20"><span class='ocrx_word' id='word_1_60' title='bbox 60 897 544 978; x_wconf 72' lang='lat' dir='ltr'><strong>MDXX&#39;XVIII</strong></span> <span class='ocrx_word' id='word_1_61' title='bbox 581 901 648 957; x_wconf 88' lang='lat' dir='ltr'>in</span> <span class='ocrx_word' id='word_1_62' title='bbox 690 898 914 959; x_wconf 84' lang='lat' dir='ltr'>fidem</span> <span class='ocrx_word' id='word_1_63' title='bbox 961 901 1623 979; x_wconf 38' lang='lat' dir='ltr'>receptissterri&#39;s</span> <span class='ocrx_word' id='word_1_64' title='bbox 1667 919 1698 960; x_wconf 89' lang='lat' dir='ltr'>a</span> <span class='ocrx_word' id='word_1_65' title='bbox 1746 897 2072 975; x_wconf 73' lang='lat' dir='ltr'>Maeotis</span> 
     </span>
     <span class='ocr_line' id='line_1_10' title="bbox 60 977 2104 1058; baseline 0 -17"><span class='ocrx_word' id='word_1_66' title='bbox 60 977 482 1041; x_wconf 75' lang='lat' dir='ltr'>ad‘Rubrum</span> <span class='ocrx_word' id='word_1_67' title='bbox 506 1001 694 1043; x_wconf 91' lang='lat' dir='ltr'>mare</span> <span class='ocrx_word' id='word_1_68' title='bbox 720 984 1089 1058; x_wconf 73' lang='lat' dir='ltr'>subactiS‚</span> <span class='ocrx_word' id='word_1_69' title='bbox 1121 994 1363 1043; x_wconf 88' lang='lat' dir='ltr'>votum</span> <span class='ocrx_word' id='word_1_70' title='bbox 1386 986 1647 1045; x_wconf 88' lang='lat' dir='ltr'>merito</span> <span class='ocrx_word' id='word_1_71' title='bbox 1672 981 2069 1047; x_wconf 78' lang='lat' dir='ltr'>Minervae.</span> <span class='ocrx_word' id='word_1_72' title='bbox 2099 1043 2104 1058; x_wconf 76' lang='lat'>.</span> 
     </span>
    </p>

    <p class='ocr_par' dir='ltr' id='par_1_4' title="bbox 0 1065 2159 1478">
     <span class='ocr_line' id='line_1_11' title="bbox 0 1065 2159 1147; baseline 0.002 -22"><span class='ocrx_word' id='word_1_73' title='bbox 0 1085 37 1125; x_wconf 83' lang='grc' dir='ltr'>ιο</span> <span class='ocrx_word' id='word_1_74' title='bbox 58 1065 176 1124; x_wconf 85' lang='lat' dir='ltr'>hoc</span> <span class='ocrx_word' id='word_1_75' title='bbox 210 1075 298 1124; x_wconf 88' lang='lat' dir='ltr'>est</span> <span class='ocrx_word' id='word_1_76' title='bbox 328 1066 674 1126; x_wconf 84' lang='lat' dir='ltr'>breviarium</span> <span class='ocrx_word' id='word_1_77' title='bbox 709 1070 830 1126; x_wconf 90' lang='lat' dir='ltr'>eius</span> <span class='ocrx_word' id='word_1_78' title='bbox 858 1067 928 1125; x_wconf 92' lang='lat' dir='ltr'>ab</span> <span class='ocrx_word' id='word_1_79' title='bbox 961 1067 1205 1127; x_wconf 91' lang='lat' dir='ltr'>oriente.</span> <span class='ocrx_word' id='word_1_80' title='bbox 1264 1069 1530 1147; x_wconf 90' lang='lat' dir='ltr'>triumphi</span> <span class='ocrx_word' id='word_1_81' title='bbox 1554 1085 1696 1130; x_wconf 87' lang='lat' dir='ltr'>vero</span> <span class='ocrx_word' id='word_1_82' title='bbox 1723 1087 1894 1145; x_wconf 87' lang='lat' dir='ltr'>quem</span> <span class='ocrx_word' id='word_1_83' title='bbox 1917 1068 2075 1140; x_wconf 75' lang='lat' dir='ltr'>duxit</span> <span class='ocrx_word' id='word_1_84' title='bbox 2090 1076 2159 1129; x_wconf 87' lang='grc'>98</span> 
     </span>
     <span class='ocr_line' id='line_1_12' title="bbox 58 1145 2071 1212; baseline 0 -3"><span class='ocrx_word' id='word_1_85' title='bbox 58 1170 112 1209; x_wconf 89' lang='lat' dir='ltr'>a.</span> <span class='ocrx_word' id='word_1_86' title='bbox 149 1150 202 1208; x_wconf 88' lang='lat' dir='ltr'>d.</span> <span class='ocrx_word' id='word_1_87' title='bbox 238 1151 463 1209; x_wconf 89' lang='lat' dir='ltr'>tertium</span> <span class='ocrx_word' id='word_1_88' title='bbox 496 1151 774 1210; x_wconf 86' lang='lat' dir='ltr'>kalendas</span> <span class='ocrx_word' id='word_1_89' title='bbox 817 1151 1074 1211; x_wconf 82' lang='lat' dir='ltr'>octobris</span> <span class='ocrx_word' id='word_1_90' title='bbox 1105 1151 1179 1209; x_wconf 87' lang='grc' dir='ltr'>Μ.</span> <span class='ocrx_word' id='word_1_91' title='bbox 1226 1152 1436 1212; x_wconf 89' lang='lat' dir='ltr'>Pisone</span> <span class='ocrx_word' id='word_1_92' title='bbox 1467 1147 1543 1212; x_wconf 85' lang='lat' dir='ltr'>M.</span> <span class='ocrx_word' id='word_1_93' title='bbox 1583 1145 1836 1211; x_wconf 85' lang='lat' dir='ltr'>Messala</span> <span class='ocrx_word' id='word_1_94' title='bbox 1867 1170 2071 1211; x_wconf 89' lang='lat' dir='ltr'>consu·</span> 
     </span>
     <span class='ocr_line' id='line_1_13' title="bbox 59 1233 2093 1313; baseline 0.001 -22"><span class='ocrx_word' id='word_1_95' title='bbox 59 1233 212 1310; x_wconf 80' lang='lat' dir='ltr'>libus</span> <span class='ocrx_word' id='word_1_96' title='bbox 261 1233 543 1311; x_wconf 84' lang='lat' dir='ltr'>praefatio</span> <span class='ocrx_word' id='word_1_97' title='bbox 579 1234 726 1293; x_wconf 90' lang='lat' dir='ltr'>haec</span> <span class='ocrx_word' id='word_1_98' title='bbox 768 1235 906 1294; x_wconf 80' lang='lat' dir='ltr'>fuit:</span> <span class='ocrx_word' id='word_1_99' title='bbox 956 1234 1125 1294; x_wconf 89' lang='lat' dir='ltr'>Cum</span> <span class='ocrx_word' id='word_1_100' title='bbox 1173 1254 1365 1306; x_wconf 89' lang='lat' dir='ltr'>oram</span> <span class='ocrx_word' id='word_1_101' title='bbox 1395 1238 1818 1295; x_wconf 83' lang='lat' dir='ltr'>maritimam</span> <span class='ocrx_word' id='word_1_102' title='bbox 1851 1254 2093 1313; x_wconf 54' lang='lat' dir='ltr'>prae-2</span> 
     </span>
     <span class='ocr_line' id='line_1_14' title="bbox 58 1317 2071 1400; baseline 0 -24"><span class='ocrx_word' id='word_1_103' title='bbox 58 1317 374 1376; x_wconf 90' lang='lat' dir='ltr'>donibus</span> <span class='ocrx_word' id='word_1_104' title='bbox 409 1319 822 1378; x_wconf 78' lang='lat' dir='ltr'>liberasse-t</span> <span class='ocrx_word' id='word_1_105' title='bbox 855 1329 925 1377; x_wconf 90' lang='lat' dir='ltr'>et</span> <span class='ocrx_word' id='word_1_106' title='bbox 957 1322 1343 1400; x_wconf 88' lang='lat' dir='ltr'>imperium</span> <span class='ocrx_word' id='word_1_107' title='bbox 1371 1321 1591 1378; x_wconf 90' lang='lat' dir='ltr'>maris</span> <span class='ocrx_word' id='word_1_108' title='bbox 1626 1319 1908 1397; x_wconf 90' lang='lat' dir='ltr'>populo</span> <span class='ocrx_word' id='word_1_109' title='bbox 1932 1318 2071 1376; x_wconf 90' lang='lat' dir='ltr'>Ro-</span> 
     </span>
     <span class='ocr_line' id='line_1_15' title="bbox 57 1401 2072 1478; baseline 0.001 -20"><span class='ocrx_word' id='word_1_110' title='bbox 57 1407 271 1459; x_wconf 90' lang='lat' dir='ltr'>mano</span> <span class='ocrx_word' id='word_1_111' title='bbox 297 1403 815 1477; x_wconf 75' lang='lat' dir='ltr'>restituisset,</span> <span class='ocrx_word' id='word_1_112' title='bbox 851 1422 941 1461; x_wconf 87' lang='lat' dir='ltr'>ex</span> <span class='ocrx_word' id='word_1_113' title='bbox 976 1403 1185 1478; x_wconf 75' lang='lat' dir='ltr'>Asia,</span> <span class='ocrx_word' id='word_1_114' title='bbox 1220 1401 1493 1477; x_wconf 78' lang='lat' dir='ltr'>Ponto,</span> <span class='ocrx_word' id='word_1_115' title='bbox 1528 1402 1909 1478; x_wconf 78' lang='lat' dir='ltr'>Armenia,</span> <span class='ocrx_word' id='word_1_116' title='bbox 1947 1402 2072 1478; x_wconf 14' lang='lat' dir='ltr'>Pa*-</span> 
     </span>
    </p>

    <p class='ocr_par' dir='ltr' id='par_1_5' title="bbox 0 1484 2157 1906">
     <span class='ocr_line' id='line_1_16' title="bbox 0 1484 2154 1564; baseline 0 -20"><span class='ocrx_word' id='word_1_117' title='bbox 0 1484 499 1564; x_wconf 75' lang='lat' dir='ltr'>15phlagonia,</span> <span class='ocrx_word' id='word_1_118' title='bbox 537 1485 680 1563; x_wconf 85' lang='lat' dir='ltr'>Cap</span> <span class='ocrx_word' id='word_1_119' title='bbox 704 1485 1404 1563; x_wconf 76' lang='lat' dir='ltr'>padocia‚&#39;Cilicia‚</span> <span class='ocrx_word' id='word_1_120' title='bbox 1433 1487 1690 1564; x_wconf 77' lang='lat' dir='ltr'>Syria,</span> <span class='ocrx_word' id='word_1_121' title='bbox 1730 1486 2069 1562; x_wconf 72' lang='lat' dir='ltr'>Scythis,</span> <span class='ocrx_word' id='word_1_122' title='bbox 2147 1491 2154 1506; x_wconf 69' lang='lat'><em>¹</em></span> 
     </span>
     <span class='ocr_line' id='line_1_17' title="bbox 58 1567 2073 1645; baseline 0 -18"><span class='ocrx_word' id='word_1_123' title='bbox 58 1569 390 1644; x_wconf 76' lang='lat' dir='ltr'>IudaeiS‚</span> <span class='ocrx_word' id='word_1_124' title='bbox 429 1567 774 1644; x_wconf 82' lang='lat' dir='ltr'>Albanis,</span> <span class='ocrx_word' id='word_1_125' title='bbox 808 1569 1090 1645; x_wconf 75' lang='lat' dir='ltr'>Iberia,</span> <span class='ocrx_word' id='word_1_126' title='bbox 1123 1569 1364 1629; x_wconf 89' lang='lat' dir='ltr'>insula</span> <span class='ocrx_word' id='word_1_127' title='bbox 1403 1568 1653 1645; x_wconf 77' lang='lat' dir='ltr'>Creta,</span> <span class='ocrx_word' id='word_1_128' title='bbox 1690 1567 2073 1630; x_wconf 90' lang='lat' dir='ltr'>Basternis</span> 
     </span>
     <span class='ocr_line' id='line_1_18' title="bbox 60 1647 2071 1733; baseline 0 -22"><span class='ocrx_word' id='word_1_129' title='bbox 60 1662 132 1711; x_wconf 89' lang='lat' dir='ltr'>et</span> <span class='ocrx_word' id='word_1_130' title='bbox 184 1659 415 1729; x_wconf 84' lang='lat' dir='ltr'>super</span> <span class='ocrx_word' id='word_1_131' title='bbox 463 1652 651 1733; x_wconf 24' lang='lat' dir='ltr'>’haec</span> <span class='ocrx_word' id='word_1_132' title='bbox 703 1652 789 1711; x_wconf 92' lang='lat' dir='ltr'>de</span> <span class='ocrx_word' id='word_1_133' title='bbox 841 1654 1152 1730; x_wconf 87' lang='lat' dir='ltr'>regibus</span> <span class='ocrx_word' id='word_1_134' title='bbox 1200 1653 1629 1714; x_wconf 83' lang='lat' dir='ltr'>Mithridate</span> <span class='ocrx_word' id='word_1_135' title='bbox 1679 1647 1903 1731; x_wconf 80' lang='lat' dir='ltr'>atque</span> <span class='ocrx_word' id='word_1_136' title='bbox 1954 1652 2071 1712; x_wconf 91' lang='lat' dir='ltr'>Ti-</span> 
     </span>
     <span class='ocr_line' id='line_1_19' title="bbox 58 1736 2157 1817; baseline 0.004 -24"><span class='ocrx_word' id='word_1_137' title='bbox 58 1753 291 1812; x_wconf 86' lang='lat' dir='ltr'>grane</span> <span class='ocrx_word' id='word_1_138' title='bbox 323 1737 531 1795; x_wconf 90' lang='lat' dir='ltr'>trium</span> <span class='ocrx_word' id='word_1_139' title='bbox 552 1736 831 1817; x_wconf 82' lang='lat' dir='ltr'>phavit.</span> <span class='ocrx_word' id='word_1_140' title='bbox 899 1757 1111 1797; x_wconf 90' lang='lat' dir='ltr'>summa</span> <span class='ocrx_word' id='word_1_141' title='bbox 1153 1756 1494 1797; x_wconf 87' lang='lat' dir='ltr'>summarum</span> <span class='ocrx_word' id='word_1_142' title='bbox 1526 1740 1581 1797; x_wconf 90' lang='lat' dir='ltr'>in</span> <span class='ocrx_word' id='word_1_143' title='bbox 1610 1738 1712 1797; x_wconf 92' lang='lat' dir='ltr'>illa</span> <span class='ocrx_word' id='word_1_144' title='bbox 1744 1737 1934 1813; x_wconf 85' lang='lat' dir='ltr'>gloria</span> <span class='ocrx_word' id='word_1_145' title='bbox 1969 1738 2073 1796; x_wconf 83' lang='lat' dir='ltr'>fuit</span> <span class='ocrx_word' id='word_1_146' title='bbox 2090 1747 2157 1801; x_wconf 86' lang='lat'>99</span> 
     </span>
     <span class='ocr_line' id='line_1_20' title="bbox 61 1819 2073 1906; baseline 0.001 -28"><span class='ocrx_word' id='word_1_147' title='bbox 61 1823 155 1899; x_wconf 89' lang='lat' dir='ltr'>(ut</span> <span class='ocrx_word' id='word_1_148' title='bbox 182 1820 310 1900; x_wconf 88' lang='lat' dir='ltr'>ipse</span> <span class='ocrx_word' id='word_1_149' title='bbox 334 1820 389 1878; x_wconf 91' lang='lat' dir='ltr'>in</span> <span class='ocrx_word' id='word_1_150' title='bbox 417 1822 699 1880; x_wconf 88' lang='lat' dir='ltr'>concione</span> <span class='ocrx_word' id='word_1_151' title='bbox 725 1819 886 1899; x_wconf 78' lang='lat' dir='ltr'>dixit,</span> <span class='ocrx_word' id='word_1_152' title='bbox 914 1842 1039 1903; x_wconf 88' lang='lat' dir='ltr'>cum</span> <span class='ocrx_word' id='word_1_153' title='bbox 1067 1822 1138 1882; x_wconf 92' lang='lat' dir='ltr'>de</span> <span class='ocrx_word' id='word_1_154' title='bbox 1159 1822 1337 1882; x_wconf 89' lang='lat' dir='ltr'>rebus</span> <span class='ocrx_word' id='word_1_155' title='bbox 1362 1825 1479 1882; x_wconf 90' lang='lat' dir='ltr'>suis</span> <span class='ocrx_word' id='word_1_156' title='bbox 1505 1823 1853 1906; x_wconf 87' lang='lat' dir='ltr'>dissereret)</span> <span class='ocrx_word' id='word_1_157' title='bbox 1880 1821 2073 1881; x_wconf 87' lang='lat' dir='ltr'>Asiam</span> 
     </span>
    </p>

    <p class='ocr_par' dir='ltr' id='par_1_6' title="bbox 0 1903 2075 2241">
     <span class='ocr_line' id='line_1_21' title="bbox 0 1903 2073 1986; baseline 0 -22"><span class='ocrx_word' id='word_1_158' title='bbox 0 1925 42 1964; x_wconf 79' lang='lat' dir='ltr'>zo</span> <span class='ocrx_word' id='word_1_159' title='bbox 66 1903 320 1964; x_wconf 77' lang='lat' dir='ltr'>ultimam</span> <span class='ocrx_word' id='word_1_160' title='bbox 363 1906 782 1982; x_wconf 88' lang='lat' dir='ltr'>provinciarum</span> <span class='ocrx_word' id='word_1_161' title='bbox 829 1910 1132 1984; x_wconf 87' lang='lat' dir='ltr'>accepisse</span> <span class='ocrx_word' id='word_1_162' title='bbox 1177 1906 1531 1986; x_wconf 80' lang='lat' dir='ltr'>eandemque</span> <span class='ocrx_word' id='word_1_163' title='bbox 1572 1906 1815 1966; x_wconf 89' lang='lat' dir='ltr'>mediam</span> <span class='ocrx_word' id='word_1_164' title='bbox 1859 1909 2073 1984; x_wconf 76' lang='lat' dir='ltr'>patriae</span> 
     </span>
     <span class='ocr_line' id='line_1_22' title="bbox 70 1988 2075 2068; baseline 0 -21"><span class='ocrx_word' id='word_1_165' title='bbox 70 1988 414 2048; x_wconf 83' lang='lat' dir='ltr'>reddidisse.</span> <span class='ocrx_word' id='word_1_166' title='bbox 479 1989 539 2048; x_wconf 88' lang='lat' dir='ltr'>Si</span> <span class='ocrx_word' id='word_1_167' title='bbox 573 1990 697 2066; x_wconf 91' lang='lat' dir='ltr'>quis</span> <span class='ocrx_word' id='word_1_168' title='bbox 735 2008 768 2047; x_wconf 90' lang='lat' dir='ltr'>e</span> <span class='ocrx_word' id='word_1_169' title='bbox 810 1994 1097 2050; x_wconf 87' lang='lat' dir='ltr'>contrario</span> <span class='ocrx_word' id='word_1_170' title='bbox 1134 1992 1303 2051; x_wconf 90' lang='lat' dir='ltr'>simili</span> <span class='ocrx_word' id='word_1_171' title='bbox 1344 1992 1515 2050; x_wconf 91' lang='lat' dir='ltr'>modo</span> <span class='ocrx_word' id='word_1_172' title='bbox 1547 1990 1689 2049; x_wconf 88' lang='lat' dir='ltr'>velit</span> <span class='ocrx_word' id='word_1_173' title='bbox 1718 2009 2075 2068; x_wconf 85' lang='lat' dir='ltr'>percensere</span> 
     </span>
     <span class='ocr_line' id='line_1_23' title="bbox 59 2070 2073 2153; baseline 0 -21"><span class='ocrx_word' id='word_1_174' title='bbox 59 2073 333 2132; x_wconf 86' lang='lat' dir='ltr'>Caesaris</span> <span class='ocrx_word' id='word_1_175' title='bbox 365 2092 462 2131; x_wconf 92' lang='lat' dir='ltr'>res</span> <span class='ocrx_word' id='word_1_176' title='bbox 483 2117 499 2149; x_wconf 80' lang='lat'>‚</span> <span class='ocrx_word' id='word_1_177' title='bbox 546 2074 642 2150; x_wconf 90' lang='lat' dir='ltr'>qui</span> <span class='ocrx_word' id='word_1_178' title='bbox 683 2075 865 2133; x_wconf 89' lang='lat' dir='ltr'>maior</span> <span class='ocrx_word' id='word_1_179' title='bbox 893 2075 996 2134; x_wconf 84' lang='lat' dir='ltr'>illo</span> <span class='ocrx_word' id='word_1_180' title='bbox 1030 2076 1331 2152; x_wconf 81' lang='lat' dir='ltr'>apparuit,</span> <span class='ocrx_word' id='word_1_181' title='bbox 1377 2085 1555 2134; x_wconf 87' lang='lat' dir='ltr'>totum</span> <span class='ocrx_word' id='word_1_182' title='bbox 1589 2070 1859 2153; x_wconf 86' lang='lat' dir='ltr'>profecto</span> <span class='ocrx_word' id='word_1_183' title='bbox 1892 2084 2073 2135; x_wconf 88' lang='lat' dir='ltr'>terra·</span> 
     </span>
     <span class='ocr_line' id='line_1_24' title="bbox 58 2156 1804 2241; baseline 0.001 -26"><span class='ocrx_word' id='word_1_184' title='bbox 58 2175 180 2215; x_wconf 89' lang='lat' dir='ltr'>rum</span> <span class='ocrx_word' id='word_1_185' title='bbox 214 2156 415 2215; x_wconf 89' lang='lat' dir='ltr'>orbem</span> <span class='ocrx_word' id='word_1_186' title='bbox 453 2167 785 2232; x_wconf 82' lang='lat' dir='ltr'>enumeret,</span> <span class='ocrx_word' id='word_1_187' title='bbox 820 2158 973 2236; x_wconf 88' lang='lat' dir='ltr'>quod</span> <span class='ocrx_word' id='word_1_188' title='bbox 1000 2158 1273 2241; x_wconf 74' lang='lat' dir='ltr'>infinitum</span> <span class='ocrx_word' id='word_1_189' title='bbox 1308 2177 1441 2217; x_wconf 91' lang='lat' dir='ltr'>esse</span> <span class='ocrx_word' id='word_1_190' title='bbox 1477 2160 1804 2217; x_wconf 88' lang='lat' dir='ltr'>conveniet.</span> 
     </span>
    </p>

    <p class='ocr_par' dir='ltr' id='par_1_7' title="bbox 187 2237 2160 2318">
     <span class='ocr_line' id='line_1_25' title="bbox 187 2237 2160 2318; baseline 0.003 -20"><span class='ocrx_word' id='word_1_191' title='bbox 187 2237 286 2298; x_wconf 82' lang='lat'>27.</span> <span class='ocrx_word' id='word_1_192' title='bbox 325 2238 494 2318; x_wconf 61' lang='lat'>(2³8.)</span> <span class='ocrx_word' id='word_1_193' title='bbox 551 2237 777 2299; x_wconf 80' lang='lat' dir='ltr'>Ceteris</span> <span class='ocrx_word' id='word_1_194' title='bbox 799 2242 1064 2300; x_wconf 89' lang='lat' dir='ltr'>virtutum</span> <span class='ocrx_word' id='word_1_195' title='bbox 1089 2240 1405 2318; x_wconf 75' lang='lat' dir='ltr'>generibus</span> <span class='ocrx_word' id='word_1_196' title='bbox 1424 2245 1585 2300; x_wconf 88' lang='lat' dir='ltr'>varie</span> <span class='ocrx_word' id='word_1_197' title='bbox 1611 2251 1668 2300; x_wconf 90' lang='lat' dir='ltr'>et</span> <span class='ocrx_word' id='word_1_198' title='bbox 1691 2241 1850 2300; x_wconf 89' lang='lat' dir='ltr'>multi</span> <span class='ocrx_word' id='word_1_199' title='bbox 1875 2240 2038 2317; x_wconf 75' lang='lat' dir='ltr'>fuere</span> <span class='ocrx_word' id='word_1_200' title='bbox 2059 2251 2160 2302; x_wconf 89' lang='grc'>100</span> 
     </span>
    </p>

    <p class='ocr_par' dir='ltr' id='par_1_8' title="bbox 0 2322 2076 2739">
     <span class='ocr_line' id='line_1_26' title="bbox 0 2322 2076 2403; baseline 0.001 -24"><span class='ocrx_word' id='word_1_201' title='bbox 0 2340 39 2380; x_wconf 75' lang='lat'>25</span> <span class='ocrx_word' id='word_1_202' title='bbox 65 2332 451 2403; x_wconf 77' lang='lat' dir='ltr'>praestantes,</span> <span class='ocrx_word' id='word_1_203' title='bbox 517 2322 660 2382; x_wconf 90' lang='lat' dir='ltr'>Cato</span> <span class='ocrx_word' id='word_1_204' title='bbox 701 2326 914 2402; x_wconf 88' lang='lat' dir='ltr'>primus</span> <span class='ocrx_word' id='word_1_205' title='bbox 952 2325 1196 2384; x_wconf 92' lang='lat' dir='ltr'>Porciae</span> <span class='ocrx_word' id='word_1_206' title='bbox 1242 2327 1433 2402; x_wconf 85' lang='lat' dir='ltr'>gentis</span> <span class='ocrx_word' id='word_1_207' title='bbox 1463 2327 1565 2384; x_wconf 91' lang='lat' dir='ltr'>tris</span> <span class='ocrx_word' id='word_1_208' title='bbox 1603 2342 1849 2383; x_wconf 89' lang='lat' dir='ltr'>summas</span> <span class='ocrx_word' id='word_1_209' title='bbox 1889 2326 1944 2401; x_wconf 90' lang='lat' dir='ltr'>in</span> <span class='ocrx_word' id='word_1_210' title='bbox 1975 2323 2076 2381; x_wconf 91' lang='lat' dir='ltr'>ho-</span> 
     </span>
     <span class='ocr_line' id='line_1_27' title="bbox 57 2409 2073 2486; baseline -0.001 -20"><span class='ocrx_word' id='word_1_211' title='bbox 57 2409 212 2466; x_wconf 88' lang='lat' dir='ltr'>mine</span> <span class='ocrx_word' id='word_1_212' title='bbox 260 2426 357 2466; x_wconf 89' lang='lat' dir='ltr'>res</span> <span class='ocrx_word' id='word_1_213' title='bbox 394 2409 757 2485; x_wconf 88' lang='lat' dir='ltr'>praestitisse</span> <span class='ocrx_word' id='word_1_214' title='bbox 805 2411 1206 2484; x_wconf 80' lang='lat' dir='ltr'>existumatur,</span> <span class='ocrx_word' id='word_1_215' title='bbox 1255 2418 1313 2468; x_wconf 92' lang='lat' dir='ltr'>ut</span> <span class='ocrx_word' id='word_1_216' title='bbox 1350 2418 1509 2467; x_wconf 89' lang='lat' dir='ltr'>esset</span> <span class='ocrx_word' id='word_1_217' title='bbox 1554 2418 1821 2486; x_wconf 91' lang='lat' dir='ltr'>optumus</span> <span class='ocrx_word' id='word_1_218' title='bbox 1857 2417 2073 2482; x_wconf 84' lang='lat' dir='ltr'>orator,</span> 
     </span>
     <span class='ocr_line' id='line_1_28' title="bbox 61 2492 2073 2571; baseline 0 -21"><span class='ocrx_word' id='word_1_219' title='bbox 61 2500 330 2570; x_wconf 89' lang='lat' dir='ltr'>optumus</span> <span class='ocrx_word' id='word_1_220' title='bbox 394 2492 740 2569; x_wconf 80' lang='lat' dir='ltr'>imperator,</span> <span class='ocrx_word' id='word_1_221' title='bbox 815 2501 1077 2570; x_wconf 89' lang='lat' dir='ltr'>optumus</span> <span class='ocrx_word' id='word_1_222' title='bbox 1131 2502 1399 2568; x_wconf 81' lang='lat' dir='ltr'>senator,</span> <span class='ocrx_word' id='word_1_223' title='bbox 1461 2510 1609 2571; x_wconf 88' lang='lat' dir='ltr'>quae</span> <span class='ocrx_word' id='word_1_224' title='bbox 1665 2492 1799 2555; x_wconf 90' lang='lat' dir='ltr'>mihi</span> <span class='ocrx_word' id='word_1_225' title='bbox 1866 2493 2073 2565; x_wconf 76' lang='lat' dir='ltr'>omnia,</span> 
     </span>
     <span class='ocr_line' id='line_1_29' title="bbox 62 2574 2075 2653; baseline -0.001 -18"><span class='ocrx_word' id='word_1_226' title='bbox 62 2577 293 2643; x_wconf 84' lang='lat' dir='ltr'>etiamsi</span> <span class='ocrx_word' id='word_1_227' title='bbox 320 2584 432 2633; x_wconf 89' lang='lat' dir='ltr'>non</span> <span class='ocrx_word' id='word_1_228' title='bbox 462 2574 656 2652; x_wconf 64' lang='lat' dir='ltr'>prim,</span> <span class='ocrx_word' id='word_1_229' title='bbox 692 2584 940 2635; x_wconf 83' lang='lat' dir='ltr'>attamen</span> <span class='ocrx_word' id='word_1_230' title='bbox 971 2577 1183 2636; x_wconf 90' lang='lat' dir='ltr'>clarius</span> <span class='ocrx_word' id='word_1_231' title='bbox 1215 2577 1451 2636; x_wconf 86' lang='lat' dir='ltr'>fulsisse</span> <span class='ocrx_word' id='word_1_232' title='bbox 1484 2578 1538 2635; x_wconf 88' lang='lat' dir='ltr'>in</span> <span class='ocrx_word' id='word_1_233' title='bbox 1574 2577 1851 2653; x_wconf 89' lang='lat' dir='ltr'>Scipione</span> <span class='ocrx_word' id='word_1_234' title='bbox 1883 2575 2075 2645; x_wconf 77' lang='lat' dir='ltr'>Aemi·</span> 
     </span>
     <span class='ocr_line' id='line_1_30' title="bbox 60 2657 2075 2739; baseline -0.001 -20"><span class='ocrx_word' id='word_1_235' title='bbox 60 2661 217 2720; x_wconf 91' lang='lat' dir='ltr'>liano</span> <span class='ocrx_word' id='word_1_236' title='bbox 249 2658 534 2734; x_wconf 81' lang='lat' dir='ltr'>videntur,</span> <span class='ocrx_word' id='word_1_237' title='bbox 568 2660 804 2737; x_wconf 89' lang='lat' dir='ltr'>dempto</span> <span class='ocrx_word' id='word_1_238' title='bbox 839 2670 1146 2738; x_wconf 88' lang='lat' dir='ltr'>praeterea</span> <span class='ocrx_word' id='word_1_239' title='bbox 1178 2658 1567 2739; x_wconf 89' lang='lat' dir='ltr'>plurumorum</span> <span class='ocrx_word' id='word_1_240' title='bbox 1604 2659 1738 2719; x_wconf 89' lang='lat' dir='ltr'>odio</span> <span class='ocrx_word' id='word_1_241' title='bbox 1779 2678 1891 2737; x_wconf 92' lang='lat' dir='ltr'>quo</span> <span class='ocrx_word' id='word_1_242' title='bbox 1931 2657 2075 2717; x_wconf 87' lang='lat' dir='ltr'>Cato</span> 
     </span>
    </p>

    <p class='ocr_par' dir='ltr' id='par_1_9' title="bbox 0 2737 2078 2909">
     <span class='ocr_line' id='line_1_31' title="bbox 0 2737 2077 2823; baseline 0.001 -24"><span class='ocrx_word' id='word_1_243' title='bbox 0 2759 42 2799; x_wconf 76' lang='lat'>30</span> <span class='ocrx_word' id='word_1_244' title='bbox 63 2741 370 2804; x_wconf 87' lang='lat' dir='ltr'>laboravit.</span> <span class='ocrx_word' id='word_1_245' title='bbox 433 2745 626 2821; x_wconf 85' lang='lat' dir='ltr'>itaque</span> <span class='ocrx_word' id='word_1_246' title='bbox 659 2746 733 2802; x_wconf 89' lang='lat' dir='ltr'>sit</span> <span class='ocrx_word' id='word_1_247' title='bbox 764 2742 1057 2822; x_wconf 88' lang='lat' dir='ltr'>proprium</span> <span class='ocrx_word' id='word_1_248' title='bbox 1091 2743 1326 2804; x_wconf 90' lang='lat' dir='ltr'>Catonis</span> <span class='ocrx_word' id='word_1_249' title='bbox 1359 2737 1564 2823; x_wconf 87' lang='lat' dir='ltr'>quater</span> <span class='ocrx_word' id='word_1_250' title='bbox 1596 2754 1653 2803; x_wconf 91' lang='lat' dir='ltr'>et</span> <span class='ocrx_word' id='word_1_251' title='bbox 1691 2744 2077 2822; x_wconf 85' lang='lat' dir='ltr'>quadragiens</span> 
     </span>
     <span class='ocr_line' id='line_1_32' title="bbox 63 2824 2078 2909; baseline -0.002 -22"><span class='ocrx_word' id='word_1_252' title='bbox 63 2844 299 2887; x_wconf 87' lang='lat' dir='ltr'>causam</span> <span class='ocrx_word' id='word_1_253' title='bbox 329 2824 567 2904; x_wconf 66' lang='lat' dir='ltr'>dixisse,</span> <span class='ocrx_word' id='word_1_254' title='bbox 595 2846 706 2888; x_wconf 87' lang='lat' dir='ltr'>nec</span> <span class='ocrx_word' id='word_1_255' title='bbox 741 2846 1083 2906; x_wconf 89' lang='lat' dir='ltr'>quemquam</span> <span class='ocrx_word' id='word_1_256' title='bbox 1115 2831 1348 2907; x_wconf 84' lang='lat' dir='ltr'>saepius</span> <span class='ocrx_word' id='word_1_257' title='bbox 1374 2828 1721 2909; x_wconf 87' lang='lat' dir='ltr'>postulatum</span> <span class='ocrx_word' id='word_1_258' title='bbox 1758 2836 1814 2885; x_wconf 92' lang='lat' dir='ltr'>et</span> <span class='ocrx_word' id='word_1_259' title='bbox 1845 2841 2078 2902; x_wconf 88' lang='lat' dir='ltr'>semper</span> 
     </span>
    </p>

    <p class='ocr_par' dir='ltr' id='par_1_10' title="bbox 0 2910 2037 2972">
     <span class='ocr_line' id='line_1_33' title="bbox 0 2910 2037 2972; baseline -0.001 0"><span class='ocrx_word' id='word_1_260' title='bbox 0 2912 3 2917; x_wconf 80' lang='grc'><strong><em>’</em></strong></span> <span class='ocrx_word' id='word_1_261' title='bbox 63 2910 411 2972; x_wconf 88' lang='lat' dir='ltr'>absolutum.</span> <span class='ocrx_word' id='word_1_262' title='bbox 2034 2929 2037 2932; x_wconf 84' lang='lat'><strong>·</strong></span> 
     </span>
    </p>

    <p class='ocr_par' dir='ltr' id='par_1_11' title="bbox 65 2992 2153 3160">
     <span class='ocr_line' id='line_1_34' title="bbox 194 2992 2153 3077; baseline 0.002 -26"><span class='ocrx_word' id='word_1_263' title='bbox 194 2992 294 3053; x_wconf 86' lang='lat'>28.</span> <span class='ocrx_word' id='word_1_264' title='bbox 345 2994 527 3075; x_wconf 77' lang='lat'>(29.)</span> <span class='ocrx_word' id='word_1_265' title='bbox 569 2993 867 3077; x_wconf 80' lang='lat' dir='ltr'>Fortitudo</span> <span class='ocrx_word' id='word_1_266' title='bbox 905 2997 961 3056; x_wconf 92' lang='lat' dir='ltr'>in</span> <span class='ocrx_word' id='word_1_267' title='bbox 984 3014 1098 3076; x_wconf 90' lang='lat' dir='ltr'>quo</span> <span class='ocrx_word' id='word_1_268' title='bbox 1134 3014 1397 3056; x_wconf 86' lang='lat' dir='ltr'>maxume</span> <span class='ocrx_word' id='word_1_269' title='bbox 1430 2996 1719 3059; x_wconf 86' lang='lat' dir='ltr'>exstiterit</span> <span class='ocrx_word' id='word_1_270' title='bbox 1743 2994 2035 3051; x_wconf 87' lang='lat' dir='ltr'>inmensae</span> <span class='ocrx_word' id='word_1_271' title='bbox 2057 3001 2153 3075; x_wconf 77' lang='lat' dir='ltr'>Iol</span> 
     </span>
     <span class='ocr_line' id='line_1_35' title="bbox 65 3074 2069 3160; baseline -0.002 -23"><span class='ocrx_word' id='word_1_272' title='bbox 65 3076 429 3159; x_wconf 84' lang='lat' dir='ltr'>quaestionis</span> <span class='ocrx_word' id='word_1_273' title='bbox 461 3088 584 3154; x_wconf 78' lang='lat' dir='ltr'>est,</span> <span class='ocrx_word' id='word_1_274' title='bbox 630 3081 827 3158; x_wconf 91' lang='lat' dir='ltr'>utique</span> <span class='ocrx_word' id='word_1_275' title='bbox 861 3082 910 3139; x_wconf 90' lang='lat' dir='ltr'>si</span> <span class='ocrx_word' id='word_1_276' title='bbox 943 3082 1176 3160; x_wconf 90' lang='lat' dir='ltr'>poetica</span> <span class='ocrx_word' id='word_1_277' title='bbox 1216 3082 1529 3159; x_wconf 88' lang='lat' dir='ltr'>recipiatur</span> <span class='ocrx_word' id='word_1_278' title='bbox 1566 3078 1932 3141; x_wconf 80' lang='lat' dir='ltr'>fabulositas,</span> <span class='ocrx_word' id='word_1_279' title='bbox 1999 3074 2069 3149; x_wconf 86' lang='lat' dir='ltr'>Q.</span> 
     </span>
    </p>

    <p class='ocr_par' dir='ltr' id='par_1_12' title="bbox 0 3158 2102 3425">
     <span class='ocr_line' id='line_1_36' title="bbox 0 3158 2102 3242; baseline 0.004 -28"><span class='ocrx_word' id='word_1_280' title='bbox 0 3174 44 3214; x_wconf 74' lang='lat'>35</span> <span class='ocrx_word' id='word_1_281' title='bbox 63 3162 286 3223; x_wconf 88' lang='lat' dir='ltr'>Ennius</span> <span class='ocrx_word' id='word_1_282' title='bbox 324 3158 388 3221; x_wconf 87' lang='grc' dir='ltr'>Τ.</span> <span class='ocrx_word' id='word_1_283' title='bbox 428 3161 743 3223; x_wconf 84' lang='lat' dir='ltr'>Caecilium</span> <span class='ocrx_word' id='word_1_284' title='bbox 772 3162 1053 3225; x_wconf 87' lang='lat' dir='ltr'>Teucrum</span> <span class='ocrx_word' id='word_1_285' title='bbox 1084 3165 1437 3242; x_wconf 85' lang='lat' dir='ltr'>fratremque</span> <span class='ocrx_word' id='word_1_286' title='bbox 1476 3167 1599 3223; x_wconf 89' lang='lat' dir='ltr'>eius</span> <span class='ocrx_word' id='word_1_287' title='bbox 1630 3163 1945 3242; x_wconf 88' lang='lat' dir='ltr'>praecipue</span> <span class='ocrx_word' id='word_1_288' title='bbox 1976 3159 2102 3227; x_wconf 51' lang='lat' dir='ltr'>mir,</span> 
     </span>
     <span class='ocr_line' id='line_1_37' title="bbox 64 3240 2074 3324; baseline -0.002 -18"><span class='ocrx_word' id='word_1_289' title='bbox 64 3257 224 3306; x_wconf 90' lang='lat' dir='ltr'>ratus</span> <span class='ocrx_word' id='word_1_290' title='bbox 257 3256 501 3324; x_wconf 86' lang='lat' dir='ltr'>propter</span> <span class='ocrx_word' id='word_1_291' title='bbox 533 3264 637 3306; x_wconf 88' lang='lat' dir='ltr'>eos</span> <span class='ocrx_word' id='word_1_292' title='bbox 671 3258 894 3307; x_wconf 88' lang='lat' dir='ltr'>sextum</span> <span class='ocrx_word' id='word_1_293' title='bbox 928 3249 1223 3309; x_wconf 85' lang='lat' dir='ltr'>decumum</span> <span class='ocrx_word' id='word_1_294' title='bbox 1256 3247 1468 3308; x_wconf 89' lang='lat' dir='ltr'>adiecit</span> <span class='ocrx_word' id='word_1_295' title='bbox 1508 3244 1789 3310; x_wconf 88' lang='lat' dir='ltr'>annalem.</span> <span class='ocrx_word' id='word_1_296' title='bbox 1856 3243 1916 3302; x_wconf 82' lang='lat' dir='ltr'>L.</span> <span class='ocrx_word' id='word_1_297' title='bbox 1953 3240 2074 3306; x_wconf 84' lang='lat' dir='ltr'>Sic-</span> 
     </span>
     <span class='ocr_line' id='line_1_38' title="bbox 68 3326 2075 3425; baseline -0.002 -36"><span class='ocrx_word' id='word_1_298' title='bbox 68 3333 194 3390; x_wconf 89' lang='lat' dir='ltr'>cius</span> <span class='ocrx_word' id='word_1_299' title='bbox 220 3327 525 3405; x_wconf 76' lang='lat' dir='ltr'>Dentatus,</span> <span class='ocrx_word' id='word_1_300' title='bbox 564 3331 658 3408; x_wconf 88' lang='lat' dir='ltr'>qui</span> <span class='ocrx_word' id='word_1_301' title='bbox 691 3330 947 3390; x_wconf 87' lang='lat' dir='ltr'>tribunus</span> <span class='ocrx_word' id='word_1_302' title='bbox 980 3333 1174 3411; x_wconf 89' lang='lat' dir='ltr'>plebei</span> <span class='ocrx_word' id='word_1_303' title='bbox 1199 3333 1300 3390; x_wconf 82' lang='lat' dir='ltr'>fuit</span> <span class='ocrx_word' id='word_1_304' title='bbox 1328 3333 1427 3409; x_wconf 90' lang='lat' dir='ltr'>Sp.</span> <span class='ocrx_word' id='word_1_305' title='bbox 1455 3326 1704 3425; x_wconf 82' lang='lat' dir='ltr'>Tarpeio</span> <span class='ocrx_word' id='word_1_306' title='bbox 1736 3329 1807 3388; x_wconf 69' lang='lat' dir='ltr'>A.</span> <span class='ocrx_word' id='word_1_307' title='bbox 1836 3328 2075 3387; x_wconf 82' lang='lat' dir='ltr'>Aternio</span> 
     </span>
    </p>

    <p class='ocr_par' dir='ltr' id='par_1_13' title="bbox 0 3412 2076 3494">
     <span class='ocr_line' id='line_1_39' title="bbox 0 3412 2076 3494; baseline -0.002 -20"><span class='ocrx_word' id='word_1_308' title='bbox 0 3426 3 3455; x_wconf 46' lang='lat' dir='ltr'>l</span> <span class='ocrx_word' id='word_1_309' title='bbox 70 3412 576 3474; x_wconf 83' lang='lat' dir='ltr'>consulibus&#39;haut</span> <span class='ocrx_word' id='word_1_310' title='bbox 604 3413 780 3473; x_wconf 89' lang='lat' dir='ltr'>multo</span> <span class='ocrx_word' id='word_1_311' title='bbox 812 3425 946 3493; x_wconf 88' lang='lat' dir='ltr'>post</span> <span class='ocrx_word' id='word_1_312' title='bbox 979 3426 1219 3476; x_wconf 87' lang='lat' dir='ltr'>exactos</span> <span class='ocrx_word' id='word_1_313' title='bbox 1249 3435 1447 3494; x_wconf 76' lang='lat' dir='ltr'>regeS,</span> <span class='ocrx_word' id='word_1_314' title='bbox 1482 3415 1578 3474; x_wconf 83' lang='lat' dir='ltr'>vel</span> <span class='ocrx_word' id='word_1_315' title='bbox 1610 3413 2076 3473; x_wconf 84' lang='lat' dir='ltr'>numerosissima</span> 
     </span>
    </p>
   </div>
   <div class='ocr_carea' id='block_1_3' title="bbox 0 3468 1745 3601">
    <p class='ocr_par' dir='ltr' id='par_1_14' title="bbox 0 3468 1745 3601">
     <span class='ocr_line' id='line_1_40' title="bbox 0 3468 1745 3601; baseline -0.006 0"><span class='ocrx_word' id='word_1_316' title='bbox 0 3468 15 3601; x_wconf 71' lang='lat' dir='ltr'>l</span> <span class='ocrx_word' id='word_1_317' title='bbox 606 3584 610 3589; x_wconf 78' lang='grc'><em>,</em></span> <span class='ocrx_word' id='word_1_318' title='bbox 1651 3496 1745 3557; x_wconf 79' lang='lat'>2*</span> 
     </span>
    </p>
   </div>
   <div class='ocr_carea' id='block_1_4' title="bbox 2177 3526 2317 3602">
    <p class='ocr_par' dir='ltr' id='par_1_15' title="bbox 2177 3526 2317 3602">
     <span class='ocr_line' id='line_1_41' title="bbox 2177 3526 2317 3602; baseline 0 0"><span class='ocrx_word' id='word_1_319' title='bbox 2177 3526 2317 3602; x_wconf 61' lang='grc' dir='ltr'><em>Α</em></span> 
     </span>
    </p>
   </div>
  </div>
 </body>
</html>
