2320 3650
106 124 222 187 182
264 138 324 187 e.
357 138 550 187 Pmm
581 138 881 188 smmum
907 141 1069 189 NAT.
1104 90 1286 224 msa.
1320 142 1449 192 1111.
1476 140 1725 196 22-23.
1763 130 2060 217 (35—37.)

101 307 310 350 censes
349 291 443 373 qui
475 286 809 364 Plumb‘arii,
858 286 1181 348 Ocelenses
1213 290 1308 367 qui
1339 298 1402 349 et
1426 288 1812 366 Lancienses,
1847 291 2087 352 Turduli

99 375 196 451 qui
225 373 487 449 Barduli,
522 381 580 431 et
614 370 846 449 Tapori.
908 369 1253 432 Lusitaniam
1286 391 1413 433 cum
1441 372 1673 433 Asturia
1707 384 1764 433 et
1794 372 2087 436 Gallaecia

98 467 300 536 patere
345 456 699 533 longitudine
751 453 904 514 DXL
949 453 1009 513 Μ
1063 474 1253 533 pass.,
1311 455 1606 516 latitudine
1656 455 1958 517 DXXXVI
2005 457 2083 533 M,

99 540 361 618 Agrippa
390 538 664 627 prodidit.
699 555 897 597 omnes
930 547 1120 598 autem
1146 540 1456 618 Hispaniae
1489 558 1521 599 a
1545 539 1770 599 duobus
1795 539 2086 615 ¹Pyrenaei

96 623 506 702 promontoriis
541 640 651 699 per
676 623 886 696 maria,
920 625 1104 682 ‘totius
1149 641 1289 683 orae
1336 624 1575 682 circuitu
1614 641 1871 693 XXVIIII.
1918 623 2084 685 XXII
2109 647 2134 688 5

98 709 250 767 milia
278 706 562 784 colligere
595 707 1038 780 existumantur,
1073 705 1144 765 ab
1177 706 1305 765 aliis
1334 708 1504 774 ὶῑὶῆνῑ
1532 709 1705 769 milia.

15 799 123 854 119
243 790 408 869 (36.)
460 789 552 849 Ex
610 787 856 847 adverso
912 784 1267 849 Celtiberiae
1303 791 1632 868 ‘conplures
1684 800 1814 851 sunt
1862 790 2084 850 insulae

98 872 491 934 cassiterides.
525 872 714 932 dictae
749 869 986 930 Graecis
1014 890 1046 931 a
1081 872 1376 933 fertilitate
1404 874 1654 952 plumbi,
1689 884 1754 934 et·
1779 894 1812 934 e
1841 876 2084 951 regione

97 955 543 1017 Arrotrebarum
586 955 953 1033 promontori·
984 955 1242 1019 Deorum
1294 975 1433 1033 sex,
1492 976 1633 1036 quas
1663 958 1837 1036 aliqui
1881 956 2083 1016 Fortu·

96 1051 257 1099 natas
289 1039 685 1117 appellavere.
719 1039 775 1095 in
807 1039 938 1115 ipso
968 1048 1112 1098 ver'o
1146 1039 1335 1116 capite
1365 1040 1636 1101 Baeticae
1670 1042 1739 1101 ab
1772 1042 1921 1101 ostio
1952 1040 2086 1100 freti
2102 1053 2154 1095 ιο

32 1192 35 1193 ⁷
96 1122 260 1183 XXV
286 1123 401 1181 mil.
438 1139 594 1199 pass.
630 1118 834 1197 Gadis,
884 1121 1090 1198 longa,
1132 1131 1194 1181 ut
1224 1123 1499 1199 Polybius
1531 1123 1764 1200 scribit,
1803 1122 1913 1184 XII
1940 1123 2084 1199 mil.,

97 1206 212 1266 lata
242 1204 324 1265 ΠΙ
352 1205 468 1264 mil.
502 1222 792 1281 passuum.
847 1204 1015 1265 abest
1049 1223 1082 1265 a
1114 1207 1439 1266 continente
1474 1225 1752 1285 proxuma
1787 1216 1951 1285 parte
1985 1207 2086 1265 mi-

96 1308 203 1351 nus
238 1290 424 1366 pedes
456 1285 646 1363 DCC,
691 1286 913 1367 reliqua
945 1289 1076 1367 plus
1104 1288 1213 1348 VII
1242 1290 1358 1349 mil.
1392 1306 1681 1368 passuum.
1741 1291 1924 1368 ipsius
1951 1306 2083 1366 spa-

95 1375 230 1432 tium
261 1371 370 1431 XV
397 1371 457 1431 Μ
484 1389 754 1449 passuum
789 1379 895 1430 est.
956 1372 1129 1432 habet
1162 1373 1434 1450 oppidum
1468 1374 1673 1433 civium
1701 1373 2086 1433 Romanorum

15 1467 116 1519 120
138 1457 237 1535 qui
290 1455 654 1534 appellantur
705 1454 1026 1531 Augustani
1081 1455 1226 1516 urbe
1278 1455 1421 1516 Iulia
1485 1456 1776 1518 Gaditana.
1856 1455 1949 1515 Ab
2004 1470 2078 1514 eo
2103 1465 2157 1511 15

95 1541 281 1600 latere
326 1556 440 1617 quo
480 1536 810 1616 Hispaniam
851 1547 1079 1616 spectat
1118 1539 1389 1617 passibus
1435 1540 1561 1600 fere
1600 1538 1646 1599 C
1682 1541 1865 1599 altera
1895 1537 2086 1598 insula

97 1632 188 1682 est
219 1623 394 1699 longa
425 1620 505 1682 111
533 1620 591 1680 M
623 1638 781 1700 pass.
801 1664 819 1695 ,
851 1618 1081 1696 lata**,
1119 1623 1175 1680 in
1206 1640 1318 1700 qua
1353 1625 1512 1699 prius
1545 1624 1820 1701 oppidum
1852 1621 2089 1703 Gadium

99 1707 219 1766 fuit.
275 1714 518 1766 vocatur
560 1704 631 1764 ab
664 1703 904 1783 Ephoro
942 1713 1001 1763 et
1043 1704 1340 1765 Philistide
1371 1705 1641 1781 Erythia,
1688 1724 1720 1765 a
1759 1706 1995 1766 Timaeo
2028 1712 2089 1762 et

95 1788 296 1850 Sileno
329 1788 746 1867 Aphrodisias,
778 1787 850 1847 ab
883 1787 1168 1865 indigenis
1201 1788 1450 1850 Iunonis.
1511 1787 1788 1849 Maiorem
1819 1788 2086 1849 Timaeus

97 1874 424 1933 Potinusam
475 1890 508 1932 a
566 1872 759 1950 puteis
802 1873 1112 1932 vocitatam
1164 1874 1274 1950 ait,
1331 1874 1512 1933 nostri
1550 1872 1833 1933 Tarteson
1881 1870 2083 1949 appel·
2102 1894 2158 1936 20

96 1957 244 2031 lant,
301 1956 480 2016 Poeni
540 1953 714 2015 Gadir
765 1955 843 2013 ita
900 1954 1112 2016 Punica
1166 1956 1360 2034 lingua
1412 1974 1649 2035 saepem
1700 1956 2082 2033 significante.

95 2038 334 2113 Erythia
379 2040 529 2098 dict-a
573 2044 694 2112 est,
748 2040 1014 2115 quoniam
1057 2037 1213 2114 Tyrii
1254 2040 1586 2117 aborigines
1633 2056 1831 2098 eorum
1861 2039 1972 2104 orti
2012 2036 2085 2097 ab

93 2122 423 2197 Erythraeo
454 2122 594 2181 mari
625 2120 976 2202 ferebantur.
1015 2124 1071 2181 in
1100 2122 1210 2184 hac
1241 2123 1542 2199 Geryones
1572 2121 1862 2182 habitasse
1898 2139 1931 2182 a
1961 2121 2084 2199 qui-

96 2206 337 2266 busdam
369 2206 773 2280 existumatur,
807 2206 968 2265 cuius
997 2215 1251 2267 armenta
1267 2201 1561 2266 'Hercules
1590 2206 1910 2266 abduxerit.
1957 2212 2089 2263 sunt

97 2291 192 2367 qui
224 2289 390 2351 aliam
421 2306 554 2347 esse
588 2304 714 2347 eam
747 2298 805 2347 et
836 2298 1034 2349 contra
1065 2290 1408 2351 Lusitaniam
1438 2290 1817 2368 arbitrentur,
1849 2287 2082 2349 eodem·
2103 2310 2158 2351 25

96 2391 208 2451 que
242 2374 468 2432 nomine
501 2372 891 2451 quandamibi
919 2373 1236 2450 appellant.
2207 2373 2218 2380 ’

13 2468 110 2520 121
237 2455 336 2515 23.
398 2455 566 2532 (37.)
611 2455 855 2532 Peracto
909 2455 1118 2515 ambitu
1158 2455 1434 2535 Europae
1478 2455 1774 2516 reddenda
1820 2471 2082 2515 consum-

95 2539 266 2599 matio
301 2548 420 2614 est,
474 2557 547 2597 ne
590 2538 723 2615 quid
764 2556 877 2598 non
916 2542 973 2599 in
1008 2539 1283 2619 expedito
1327 2542 1399 2599 sit
1440 2555 1689 2598 noscere
1731 2538 2079 2598 volentibus.

94 2622 527 2699 Longitudinem
558 2623 683 2684 eius
711 2621 1110 2684 Artemidorus
1142 2632 1315 2701 atque
1347 2623 1601 2683 Isidorus
1636 2640 1669 2683 a
1702 2622 1880 2682 Tanai
1911 2620 2087 2682 Gadis

92 2723 344 2773 LXXXII.
397 2704 562 2765 xlm
613 2705 673 2764 M
719 2711 877 2783 pass.
939 2707 1330 2784 prodiderunt.
1404 2705 1682 2781 Polybius
1734 2700 2084 2765 latitudinem
2103 2725 2163 2768 ¹ao

91 2790 364 2870 Europae
409 2789 481 2850 ab
519 2787 681 2848 Italia
725 2788 797 2847 ad
840 2805 1120 2850 oceanum
1166 2792 1399 2869 scripsit
1426 2792 1519 2857 Ξίῑ,
1561 2789 1604 2849 L
1634 2788 1691 2848 M
1720 2807 1877 2867 pass.
1925 2805 2084 2863 esse,

12 2884 109 2938 122
134 2876 302 2936 etiam
345 2882 459 2933 tum
497 2873 838 2949 inconperta
878 2874 1282 2949 magnitudine.
1356 2872 1463 2934 Est
1520 2882 1709 2934 autem
1749 2872 1930 2949 ipsius
1974 2869 2087 2929 Ita-

28 2957 74 3032 ἔθ’
102 2957 249 3034 liae,
299 2966 360 3018 ut
399 2956 674 3030 diximuS,
717 2955 804 3022 ἷζῖ,
838 2955 948 3015 XX
975 2955 1035 3015 M
1066 2956 1136 3016 ad
1168 2956 1367 3035 Alpis,
1413 2957 1563 3017 unde
1607 2974 1716 3034 per
1756 2955 2089 3032 Lugdunum

93 3038 166 3100 ad
209 3050 438 3119 portum
488 3038 841 3100 Morinorum
883 3039 1297 3115 Britannicum,
1348 3057 1460 3117 qua
1498 3039 1726 3100 videtur
1764 3053 2088 3097 mensuram

97 3142 277 3200 agere
321 3122 627 3197 Polybius,
671 3125 762 3192 ῑῐ,
799 3122 1079 3183 valul.
1146 3122 1251 3182 sed
1297 3124 1511 3182 certior
1553 3137 1818 3181 mensura
1861 3137 1932 3181 ac
1960 3120 2161 3187 lon-35

93 3209 226 3282 gior
275 3206 346 3265 ad
397 3223 667 3265 occasum
710 3206 853 3266 solis
898 3208 1099 3265 aestivi
1147 3207 1471 3283 ostiumque
1513 3204 1700 3264 Rheni
1742 3220 1853 3283 per
1894 3212 2086 3265 castra

95 3289 391 3364 legionum
423 3287 760 3349 Germaniae
803 3288 1109 3349 ab-iisdem
1147 3289 1395 3368 Alpibus
1424 3287 1712 3365 dirigitur,
1754 3288 1873 3353 'ii-v.
1905 3284 2089 3348 me

96 3371 154 3431 M
180 3388 470 3452 passuum.
526 3371 672 3432 Hinc
703 3372 912 3433 deiude
944 3372 1142 3433 Africa
1175 3382 1347 3451 atque
1378 3371 1519 3433 Asia
1551 3372 1831 3433 dicentur.
