2320 3650
63 141 68 146 -
146 105 225 167 78
837 118 892 164 c.
929 119 1120 165 Pmm
1153 118 1456 167 sscuNm

145 293 271 335 cum
304 275 493 334 desint
521 276 688 333 etiam
725 274 949 333 nomina
983 276 1085 333 eis.
1146 292 1289 352 quas
1320 276 1540 355 nativas
1582 263 1880 353 appellant
1925 276 2152 355 aliquot

141 360 327 418 modis
380 357 688 437 Hispania,
745 360 894 435 nigri
933 359 1176 418 velleris
1227 360 1572 437 praecipuas
1630 358 1809 418 habet
1858 358 2149 421 Pollentia
2201 405 2208 412 .

142 445 298 502 iuxta
344 442 547 521 Alpis,
592 446 702 501 iam
747 443 887 501 Asia
921 442 1075 501 rutili
1116 461 1259 520 quas
1312 441 1666 516 Erythraeas
1708 449 1954 517 vocant,
2009 444 2151 503 item

141 527 403 601 Baetica,
436 525 741 586 Canusium
760 525 934 600 ¹fulvi,
969 525 1274 585 Tarentum
1310 536 1366 585 et
1396 526 1883 605 suae‘pulliginiS.
1930 528 2149 589 sucidis
2193 603 2198 608 .
2257 580 2261 584 .

145 611 404 670 omnibus
438 612 719 670 medicata
742 612 861 669 vis.¹
881 608 1084 668 Istriae
1105 610 1529 692 Liburniaeque
1560 612 1678 689 pilo
1705 612 1946 688 propior
1972 628 2144 687 quam
2162 636 2187 675 5

143 695 330 771 lanae,
365 697 534 773 pexis
577 695 764 753 aliena
808 694 1067 752 vestibus
1099 705 1352 771 et.quam
1401 695 1630 756 Salacia
1665 694 1952 756 scutulato
1983 704 2148 756 textu

143 780 500 839 commendat
530 780 585 837 in
606 777 910 837 Lusitania.
944 778 1141 835 similis
1170 780 1321 837 circa
1347 778 1617 837 Piscenas
1642 779 1981 856 provinciae
2000 777 2174 839 Nar-⁸

140 864 450 939 bonensis,
497 862 697 921 similis
734 871 791 920 et
834 863 889 920 in
937 862 1246 939 Aegypto,
1285 881 1360 924 ex
1408 880 1517 939 qua
1561 863 1743 921 vestis
1786 862 1993 922 detrita
2037 881 2148 922 usu

141 948 393 1026 pingitur
435 961 750 1022 rursusque
796 961 943 1004 aevo
990 946 1173 1004 durat.
1237 955 1327 1004 est
1377 955 1434 1004 et
1469 946 1652 1014 hirtae
1694 946 1813 1024 pilo
1846 963 2051 1004 crasso
2091 948 2152 1006 in

140 1032 351 1109 tapetis
384 1031 775 1109 antiquissima
806 1031 1009 1105 gratia.
1041 1032 1150 1088 iam
1187 1039 1348 1089 certe
1389 1032 1618 1107 priscos
1658 1032 1726 1089 iis
1761 1047 1899 1088 usos
1930 1029 2216 1089 Home-10

141 1133 241 1173 rus
286 1123 489 1173 auctor
537 1122 644 1172 est.
708 1113 876 1172 aliter
915 1112 1062 1172 haec
1103 1112 1250 1173 Galli
1286 1116 1551 1191 pingunt,
1598 1113 1767 1172 aliter
1809 1113 2154 1176 Parthorum

62 1207 421 1274 192gentes:
472 1198 661 1257 Lanae
705 1206 902 1274 et'per
931 1215 997 1255 se
1030 1208 1291 1270 coactam
1332 1206 1551 1256 vestem
1597 1198 1822 1257 faciunt·
1844 1208 1934 1272 et,
1969 1199 2019 1255 si
2048 1199 2147 1258 ad-

144 1282 308 1341 datur
336 1291 593 1355 acetum,
616 1283 783 1341 etiam
805 1282 964 1341 ferro
996 1283 1300 1357 resistunt,
1337 1284 1505 1340 immo
1535 1298 1680 1340 vero
1717 1283 1886 1341 etiam
1915 1281 2148 1357 ignibus

142 1368 454 1425 novissimo
488 1367 994 1443 sui‘purgamentO.
1054 1368 1270 1443 quippe
1298 1367 1458 1424 aenis
1482 1359 1820 1443 polientium
1846 1374 2150 1428 extractae

141 1453 199 1509 in
227 1453 461 1511 tomenti
489 1467 651 1510 usum
680 1452 913 1510 veniunt
941 1448 1272 1524 Galliarum,
1306 1459 1367 1508 ut
1387 1450 1655 1524 arbitror,
1689 1452 1940 1509 invento,
1981 1459 2215 1509 certeis

143 1533 378 1594 Gallicis
409 1535 582 1595 hodie
625 1533 943 1594 nominibus
988 1534 1367 1608 discernitur,
1412 1551 1523 1592 nec
1553 1533 1727 1593 facile
1760 1533 2002 1593 dixerim
2033 1552 2178 1611 qua

61 1619 229 1682 maid
273 1628 461 1679 aetate
515 1619 796 1696 coeperit.
864 1617 1111 1693 antiquis
1154 1619 1304 1676 enim
1345 1626 1506 1677 torus
1550 1637 1582 1676 e
1628 1626 1941 1677 stramento
1997 1626 2154 1693 erat,

145 1704 415 1779 qualiter
427 1704 596 1763 etiam
626 1709 807 1761 nunc
823 1704 879 1759 in
910 1702 1133 1759 castris.
1194 1719 1456 1800 gausapa
1505 1703 1682 1780 patris
1724 1703 1836 1760 mei
1868 1682 2147 1762 memoria

143 1803 403 1866 coepere
453 1785 835 1864 amphimallia
892 1793 1110 1859 nostra,
1159 1786 1307 1845 sicut
1352 1785 1562 1845 villosa
1617 1786 1786 1846 etiam
1837 1785 2142 1845 venti-alia.

140 1889 267 1930 nam
290 1874 487 1930 tunica
520 1871 620 1929 lati
655 1870 846 1929 clavi'
830 1888 885 1927 m
935 1869 1163 1928 modum
1214 1887 1509 1948 gausapae
1538 1871 1658 1929 texi
1711 1888 1861 1928 nunc
1901 1871 2142 1946 primum
2159 1892 2212 1935 20

142 1956 358 2032 incipit.
420 1955 696 2014 Lanarum
732 1955 932 2030 nigrae
960 1954 1174 2012 nullum
1208 1954 1466 2013 colorem
1498 1953 1716 2013 bibunt.
1783 1954 1856 2013 de
1889 1954 2141 2032 reliqua·

58 2039 90 2078 ⁹
78 2036 165 2122 ἐξ*
179 2056 313 2096 rum
325 2039 536 2098 infectu
573 2039 692 2096 suis
725 2038 889 2113 locis
903 2039 1159 2097 dicemus
1190 2039 1247 2096 in
1270 2038 1602 2113 conchyliis
1614 2039 1785 2098 maris
1809 2047 1905 2098 aut
1933 2037 2141 2096 herba-

56 2121 114 2161 ²¹
118 2121 163 2155 ⁴⁵
177 2139 297 2180 rum
333 2132 548 2182 natura.

55 2215 159 2269 194
304 2207 434 2284 (74.
440 2209 469 2286 )
506 2205 753 2266 Lanam
735 2224 792 2263 in
818 2206 949 2264 colu
976 2216 1035 2265 et
1062 2207 1193 2265 fuso
1218 2206 1569 2285 Tanaquilis,
1599 2224 1747 2285 quae
1772 2205 1975 2276 eadem
2004 2203 2144 2264 Gaia

140 2288 396 2350 Caecilia
425 2299 634 2350 vocata
665 2299 775 2365 est,
825 2291 879 2348 in
915 2292 1130 2368 templo
1165 2293 1337 2350 Sanci
1360 2291 1600 2349 durasse
1632 2289 1917 2368 prodente
1944 2306 2010 2347 se
2045 2307 2143 2348 au·
2159 2308 2214 2351 25

143 2384 269 2436 ctor
301 2384 390 2433 est
421 2373 496 2433 M.
530 2373 747 2448 Varro,
796 2375 1123 2453 factamque
1167 2375 1238 2433 ab
1285 2392 1354 2434 ea
1400 2382 1595 2450 togam
1640 2374 1860 2449 regiam
1903 2371 2142 2432 undula-

137 2466 252 2516 tam
284 2459 339 2516 in
370 2459 516 2518 aede
547 2457 870 2533 Fortunae,
920 2477 1029 2537 qua
1058 2460 1189 2517 Ser.
1223 2457 1445 2517 Tullius
1487 2458 1675 2517 fuerat
1705 2475 1861 2521 usne.
1894 2456 2027 2516 inde
2059 2455 2143 2515 fa-

142 2551 297 2600 ctum·
320 2552 383 2601 ut
410 2542 674 2601 nubentis
709 2544 967 2618 virgines
999 2544 1374 2602 cemitaretur
1420 2543 1585 2603 colus
1624 2550 1854 2618 compta
1886 2549 1943 2599 et
1977 2538 2144 2599 fusus

142 2643 268 2684 cum
312 2629 571 2686 stamine.
643 2642 712 2686 ea
755 2628 937 2704 prima
981 2628 1166 2685 texuit
1217 2635 1433 2685 rectam
1466 2627 1744 2700 tunicam,
1792 2623 1977 2702 qualis
2013 2638 2143 2683 cum

58 2718 157 2772 195
173 2719 310 2786 toga
342 2729 485 2788 pura
518 2712 735 2769 tirones
773 2712 1077 2770 induuntur
1115 2727 1421 2787 novaeque
1452 2718 1683 2787 nuptae.
1745 2708 2015 2769 undulata
2041 2725 2140 2766 ve·
2160 2723 2211 2766 3⁰

140 2795 243 2853 stis
291 2796 471 2872 prima
517 2813 549 2853 e
609 2794 1017 2854 laudatissimis
1055 2794 1177 2853 fuit.
1267 2795 1398 2853 inde
1454 2792 1835 2863 sororiculata
1880 2790 2141 2850 defluxit.

141 2878 333 2955 Togas
363 2890 525 2938 rasas
558 2878 1026 2955 Phryxianasque
1075 2878 1190 2936 divi
1220 2877 1466 2955 ‘Augusti
1506 2878 1828 2939 novissimis
1866 2877 2142 2953 tempori-

139 2963 246 3021 bus
290 2964 564 3041 coepisse
606 2961 809 3021 scribit
850 2961 1202 3021 Fenestella.
1277 2961 1526 3021 crebrae
1567 2968 1959 3039 papaveratae
2002 2959 2142 3018 anti·

141 3048 402 3124 quierem
434 3045 648 3106 habent
680 3047 958 3121 originem
1001 3048 1107 3104 iam
1142 3045 1500 3104 subLucilio
1549 3054 1723 3123 poeta
1756 3045 1811 3102 in
1837 3042 2144 3119 Torquato

139 3137 392 3191 notatae.
455 3138 825 3207 praetextae
839 3129 991 3207 apud
1033 3129 1318 3188 Etruscos
1358 3129 1637 3205 originem
1682 3129 1977 3187 invenere.
2028 3137 2140 3186 tra·
2157 3147 2207 3191 3⁵

141 3211 266 3269 beis
286 3226 420 3270 usos
437 3215 663 3290 accipio
679 3230 877 3294 reges,
911 3216 1095 3291 pictas
1113 3213 1295 3271 vestis
1311 3213 1418 3271 iam
1442 3212 1592 3288 apud
1608 3211 1914 3270 Homerum
1934 3208 2140 3284 fuisse,

58 3293 324 3356 19611nde
355 3286 726 3373 triumphales
759 3306 945 3355 natae.
1015 3314 1121 3356 acu
1149 3296 1349 3354 facere
1395 3295 1449 3354 id
1485 3295 1745 3371 Phryges
1775 3296 2141 3368 invenerunt,

142 3377 394 3454 ideoque
435 3378 816 3454 Phrygioniae
853 3380 1182 3473 appellatae
1216 3387 1362 3437 sunt.
1432 3397 1626 3438 aurum
1656 3379 1921 3437 intexere
1958 3376 2016 3435 in
2046 3393 2141 3438 ea·
