2320 3650
612 126 774 172 NAT.
815 128 997 177 ms'r.
1031 133 1097 179 x.
1135 134 1372 188 52—55.
1412 130 1717 213 (73—76.)
2031 145 2148 205 147

68 274 381 335 viventis
422 273 569 335 intra
606 288 874 355 putamen
903 275 1025 343 voi
1055 285 1313 349 auditur.⁴
1365 295 1435 354 ab
1479 298 1685 360 eodem
1716 311 1981 383 tempore
2020 312 2144 389 plu-

64 361 365 433 mescit,
427 360 505 418 ita
536 364 761 438 positus
802 374 863 424 ut
911 381 1085 447 caput
1127 391 1301 451 supra
1342 376 1604 441 dextrum
1653 387 1863 461 pedem
1912 391 2142 472 habeat,

64 441 393 503 dextram
445 460 590 502 vero
636 445 783 506 alam
844 469 1018 530 supra
1073 466 1263 534 caput.
1330 459 1564 523 vitellus
1612 469 1882 544 paulatim
1927 475 2140 539 deficit.

63 543 235 587 aves
290 543 519 612 omnes
550 529 605 586 in
636 531 823 607 pedes
853 548 1182 615 nascuntur,
1234 540 1432 605 con'tra
1465 563 1631 625 quam
1672 554 1894 633 reliqua
1930 557 2139 622 anima-

59 611 170 670 lia.
260 609 590 682 Quaedam
609 615 874 701 *gallinae
901 623 1085 681 omnia
1108 628 1336 700 gemina
1363 646 1472 704 ova
1504 636 1728 710 pariunt
1763 649 1823 698 et
1843 645 2106 715 geminos
2124 657 2225 711 150

56 694 414 754 interdum
447 696 777 774 excludunt,
809 711 871 761 ut
907 700 1214 766 Cornelius
1249 708 1456 772 Celsus
1488 726 1842 796 auctorest,
1895 723 2138 788 alterum

53 781 427 839 maiorem.
478 778 653 859 aliqui
683 795 898 861 negant
928 787 1155 849 omnino
1179 795 1443 870 geminos
1477 799 1728 862 excludi.
1773 804 1906 865 Plus
1931 811 2134 873 vicena

55 866 279 941 quina
337 862 673 924 incubanda
729 867 915 929 subici
956 882 1169 934 vetant.
1248 887 1458 955 parere
1504 901 1536 942 a
1586 882 1784 947 bruma
1837 891 2129 970 incipiunt.

53 945 360 1026 optuma
392 944 580 1006 fetura
603 959 733 1009 ante
755 969 992 1013 vernum
1016 960 1458 1035 aequinoctium.
1507 977 1643 1044 post
1671 971 1977 1034 solstitium
2000 988 2132 1039 nata

49 1048 189 1090 non
234 1028 495 1107 inplent
522 1035 964 1109 magnitudinem
995 1041 1230 1119 iustam,
1271 1055 1545 1127 tantoque
1579 1054 1762 1114 minus
1793 1069 2003 1135 quanto
2035 1081 2128 1122 se-

46 1118 191 1175 rius
247 1129 627 1192 provenere.
1519 1182 1527 1206 ‚

206 1197 344 1257 54.
387 1196 556 1276 (75.)
602 1198 726 1261 Ova
780 1203 1038 1265 incubari
1079 1209 1224 1270 intra
1270 1212 1473 1274 decem
1517 1218 1640 1278 dies
1682 1222 1834 1283 edita
1866 1228 2209 1295 utilissi·151

42 1299 268 1342 mum.
323 1289 552 1341 ‘vetera
589 1294 684 1343 aut
714 1291 1398 1356 recentiora'infecunda.
1451 1299 1638 1361 subici
1668 1305 1853 1383 inpari
1887 1329 2125 1373 numero

43 1363 347 1426 debent.
429 1375 632 1443 quarto
668 1367 762 1428 die
790 1372 1094 1451 postquam
1129 1381 1387 1456 coepere
1418 1383 1709 1462 incubari‚'
1733 1391 1780 1448 si
1815 1403 2013 1453 contra
2041 1398 2122 1456 lu-

38 1467 210 1511 men
256 1450 586 1512 cacumine.
621 1467 860 1513 ovorum
894 1458 1261 1535 adprehenSo
1303 1481 1412 1524 una
1442 1467 1606 1535 manu
1642 1469 1816 1547 purus
1850 1485 1910 1536 et
1932 1477 2122 1540 uniusss·

39 1535 241 1594 modi
287 1532 606 1609 perluceat
635 1536 834 1613 color,
882 1543 1102 1603 sterilia
1144 1545 1556 1609 existumantur
1598 1572 1732 1614 esse
1775 1557 2003 1638 proque
2035 1565 2120 1623 eis

41 1620 183 1678 alia
231 1614 678 1679 substituenda.
733 1630 791 1679 et
820 1623 876 1680 in
922 1642 1069 1703 aqua
1102 1637 1193 1686 est
1239 1634 1711 1710 experimentum.
1777 1642 1945 1703 inane
1994 1646 2118 1708 flui-

35 1712 167 1778 tat,
215 1703 444 1776 itaque
469 1701 734 1780 sidentia,
760 1705 874 1765 hoc
899 1718 990 1767 est
1019 1710 1214 1787 plena,
1247 1716 1432 1775 subici
1452 1721 1672 1780 volunt.
1717 1729 1946 1787 concuti
1971 1748 2116 1791 vero

38 1784 514 1866 experimento
546 1796 775 1865 vetant,
820 1793 1085 1870 quoniam
1128 1812 1243 1857 non
1294 1800 1532 1878 gignant
1563 1807 1817 1869 confusis
1845 1812 2115 1876 vitalibus

30 1873 281 1932 venis,
355 1866 717 1931 lucubationi
769 1874 933 1934 datur
983 1879 1196 1940 initium
1250 1894 1385 1961 post
1425 1888 1629 1949 novam
1676 1892 1894 1972 lunam,
1953 1901 2200 1977 quia152

32 1958 247 2035 prius
291 1951 572 2014 inchoata
606 1973 719 2014 non
766 1955 1127 2035 proveniant.
1193 1967 1442 2029 celerius
1490 1975 1869 2038 excluduntur
1907 1983 2110 2043 calidis

30 2039 323 2101 diebus.
374 2036 507 2095 ideo
534 2048 756 2099 aestate
781 2043 1211 2107 undevicesimo
1241 2051 1489 2113 educunt
1511 2057 1707 2133 fetum,
1735 2061 1921 2122 hieme
1945 2079 2109 2126 xxv.

30 2126 89 2182 si
122 2119 432 2181 incubitu
461 2124 669 2198 tonuit,
710 2141 818 2184 ova
854 2139 1119 2205 pereunt,
1167 2142 1225 2191 et
1268 2138 1560 2213 accipitris
1600 2140 1790 2202 'audita
1827 2162 1978 2206 voce
2027 2152 2109 2207 vi-

30 2210 322 2266 tiantur.
384 2205 694 2265 remedium
721 2218 920 2273 contra
940 2215 1181 2273 tonitrus
1208 2217 1408 2277 clavos
1439 2220 1669 2282 ferreus
1699 2226 1805 2285 sub
1838 2233 2109 2291 stramine

30 2304 341 2350 ovorum
384 2290 614 2364 positus
641 2301 736 2350 aut
767 2302 922 2353 terra
957 2315 1030 2354 ex
1062 2296 1275 2358 aiatro.
1322 2304 1600 2378 quaedam
1630 2305 1817 2368 autem
1855 2321 1914 2371 et
1933 2315 2074 2376 citra
2093 2326 2193 2380 153

30 2367 411 2433 incubitum
442 2383 649 2449 sponte
685 2385 880 2436 natura
917 2380 1117 2458 gignit,
1150 2392 1210 2441 ut
1242 2385 1298 2441 in
1329 2385 1586 2466 Aegypti
1618 2390 1844 2454 fimetis.
1904 2398 2106 2459 scitum

30 2460 127 2520 de
193 2453 470 2532 quodam
513 2460 802 2534 reperitur
832 2462 1136 2536 Syracusis
1186 2468 1393 2528 tamdiu
1446 2482 1650 2548 potare
1684 2477 1944 2556 solitum,
2001 2482 2102 2542 do—

30 2559 178 2601 nec
219 2546 522 2614 cooperta
558 2549 712 2601 terra
744 2543 920 2605 fetum
963 2547 1209 2609 ederent
1240 2568 1368 2611 ova.

200 2623 320 2681 55.
364 2622 530 2701 (76.)
567 2622 722 2697 Quin
746 2636 804 2685 et
837 2627 909 2687 ab
940 2630 1169 2692 homine
1190 2632 1594 2712 perficiuntur.
1640 2641 1781 2703 Iulia
1806 2645 2186 2722 Augusta154

30 2710 266 2788 prima
292 2720 401 2762 sua
418 2707 646 2768 iuventa
668 2707 904 2770 Tiberio
929 2712 1184 2776 Caesare
1210 2737 1285 2778 ex
1300 2718 1536 2782 Nerone
1560 2725 1820 2803 gravida,
1849 2734 1974 2789 cum
1997 2750 2096 2810 pa-

30 2802 208 2852 ·ere
238 2784 476 2848 virilem
507 2809 708 2851 sexum
732 2796 1033 2857 admodum
1059 2812 1322 2878 cuperet,
1350 2803 1462 2864 hoc
1487 2825 1587 2866 usa
1611 2820 1701 2869 est
1724 2812 1971 2888 puellari
1998 2833 2094 2874 au-

30 2876 276 2955 gurio,
316 2888 487 2932 ovom
513 2876 569 2933 in
594 2878 996 2940 sinu-fovendo
1022 2893 1217 2961 atque,
1246 2905 1370 2946 cum
1403 2888 1804 2968 deponendum
1829 2895 2092 2975 haberet,

30 2957 289 3023 nutrici
347 2973 454 3032 per
493 2961 674 3019 sinum
728 2963 1040 3040 tradendo,
1089 2980 1164 3026 ne
1216 2971 1687 3035 intermitteretur
1733 2988 1921 3058 tepor.
1981 2990 2093 3043 nec

30 3043 226 3105 'also
291 3052 570 3116 augurata
616 3046 893 3122 proditur.
962 3048 1162 3127 Nuper
1206 3053 1337 3113 inde
1379 3055 1647 3118 fortassis
1689 3062 1975 3124 inventum
2030 3076 2091 3127 ut

30 3144 174 3186 »va
222 3124 290 3180 in
325 3124 514 3184 calido
548 3127 683 3187 loco
709 3131 954 3208 inposita
986 3134 1175 3211 paleis
1199 3137 1332 3213 igne
1357 3142 1585 3202 modico
1617 3144 1955 3208 foverentur
1986 3150 2087 3210 ho·

30 3213 228 3271 nine
264 3218 563 3285 versante,
606 3216 941 3292 pariterque
974 3226 1032 3276 et
1067 3227 1216 3278 stato
1268 3221 1359 3280 die
1391 3225 1511 3284 illic
1551 3241 1880 3307 erumperet
1909 3233 2083 3294 fetus,

30 3290 352 3362 Creditur
391 3295 670 3370 quaedam
713 3293 805 3355 ars
842 3300 1105 3374 gallinari
1156 3305 1446 3366 cuiusdam
1495 3310 1739 3372 dicentis
1781 3318 1937 3394 quod
1971 3337 2044 3378 ex
2068 3330 2169 3382 155

30 3390 312 3449 rusuque
345 3385 518 3435 esset.
592 3378 907 3440 Narrantur
939 3394 997 3442 et
1026 3395 1248 3446 mortua
1292 3390 1504 3465 gallina
1540 3399 1724 3457 mariti
1758 3418 1951 3459 earum
1978 3404 2083 3460 visi

1628 3481 1752 3541 10*
1828 3506 1834 3520 ¹
2200 3504 2240 3544 A
