2320 3650
143 124 258 206 194
896 140 957 188 c,
986 142 1176 188 rum
1208 124 1504 191 sssouxm

138 293 210 353 ad
253 294 950 372 proxumosAethiopaS,
1000 293 1176 372 atque
1218 293 1316 352 ubi
1341 294 1570 353 iterum
1599 295 1782 354 sensit
1816 287 2135 373 hominem3²

135 376 361 453 prosilit
387 376 573 451 fonte,
608 386 667 435 ut
697 376 1010 436 verisimile
1036 385 1167 452 est,
1191 376 1313 435 »illo
1348 395 1517 455 quem
1541 376 1780 453 Nigrum
1807 395 2125 439 vocavere.

53 458 275 524 531nde
306 458 564 518 Africam
601 460 672 519 ab
705 458 1428 536 AethiopiaidispescenS,
1472 462 1837 520 etiamsinon
1865 463 2127 540 protinus

135 542 400 621 populis,
446 542 586 601 feris
624 552 809 602 tamen
845 551 902 603 et
930 542 1117 602 beluis
1162 542 1439 620 frequens
1480 544 1863 622 silvarumque
1900 545 2123 622 opifex,

133 625 356 686 medios
391 624 712 703 Aethiopas
732 634 904 685 ‘secat
937 628 1369 702 cognominatus
1402 625 1683 704 Astapus,
1719 626 1872 705 quod
1901 628 2125 688 illarum
2150 647 2183 686 5·

134 710 386 786 gentium
416 709 607 785 lingua
641 709 924 785 significat
962 727 1168 787 aquam
1205 728 1238 768 e
1268 709 1528 769 tenebris
1555 710 1958 788 profluentem.
2035 711 2124 770 In-

134 792 291 852 sulas
326 793 407 852 ita¹
433 794 756 852 innumeras
804 794 1054 869 spargit,
1098 793 1487 870 quasdamque
1530 803 1643 853 tam
1674 802 1873 853 vastae
1908 794 2122 870 magni÷

133 877 373 950 tudiniS,
429 893 765 953 quamquam
795 875 996 953 rapida
1027 876 1362 952 celeritate,
1404 885 1461 936 ut
1491 885 1682 936 tamen
1716 877 1935 936 dierum
1955 878 2122 955 ‹quin-

136 978 249 1037 que
284 976 453 1017 cursu
477 976 592 1017 non
622 959 892 1018 breviore
918 959 1191 1034 travolet,
1214 960 1370 1025 cii-,ca
1398 959 1773 1020 clarissimam
1794 978 1988 1020 earum
2004 958 2123 1019 Me-

132 1059 278 1102 roen
327 1040 654 1102 Astobores
708 1042 876 1101 laevo
923 1043 1093 1102 alveo
1135 1043 1357 1117 dictuS,
1411 1042 1526 1102 hoc
1567 1052 1657 1101 est
1709 1061 1899 1102 ramus
1942 1060 2195 1121 aquaem

131 1126 416 1184 venientis
463 1143 496 1184 e
542 1126 836 1201 tenebris»,
880 1126 1083 1185 dextra
1121 1143 1265 1185 vero
1308 1124 1670 1203 Astosapes,
1731 1125 1885 1204 quod
1926 1126 2125 1187 lateris

134 1207 610 1285 significationem
651 1209 855 1286 adicit,
898 1227 1010 1268 nec
1053 1218 1183 1269 ante
1215 1208 1380 1268 Nilus
1413 1227 1590 1288 ¹quam
1636 1227 1700 1268 se
1749 1218 1929 1275 totum
1961 1210 2127 1286 aquis

52 1301 120 1354 54
137 1309 334 1353 rursus
397 1292 782 1352 concordibus
849 1292 1046 1352 iunxit.
1168 1294 1254 1351 sic
1321 1310 1552 1370 quoque
1614 1294 1917 1352 etiamnum
1975 1292 2124 1352 Giris

133 1384 265 1436 ante
296 1377 614 1438 nominatus
647 1394 756 1453 per
789 1377 1008 1455 aliquot
1037 1376 1221 1452 milia,
1260 1384 1317 1435 et
1350 1377 1418 1434 in
1440 1384 1621 1435 totum
1643 1375 1895 1436 Homero
1927 1374 2123 1451 Aegy-

132 1468 264 1538 ptus
300 1459 544 1537 aliisque
581 1458 813 1535 Triton,
856 1459 1098 1521 subinde
1138 1459 1339 1519 insulis
1380 1468 1615 1537 pactus,
1660 1461 1896 1519 totidem
1924 1460 2120 1517 incita·
2145 1479 2193 1518 15
2225 1461 2240 1467 ”

64 1563 74 1571 ·
131 1553 223 1602 tus
265 1544 669 1618 inritamentiS,
715 1552 1009 1620 postremo
1052 1543 1308 1602 inclusus
1362 1542 1679 1617 montibus,
1733 1561 1844 1603 nec
1895 1540 2121 1601 aliunde

131 1627 478 1702 torrentior,
513 1635 717 1686 vectus
751 1629 912 1704 aquis
944 1626 1390 1703 properantibus
1423 1625 1495 1685 ad
1535 1625 1727 1685 locum
1772 1624 2122 1702 Aethiopum

134 1710 230 1787 qui
267 1707 549 1787 Catadupi
583 1718 875 1787 vocantur,⁵
889 1709 1202 1769 novissimo
1239 1718 1557 1769 catarracte
1588 1711 1736 1768 inter
1766 1708 2122 1767 occursantis

134 1793 414 1871 scopulos
445 1811 559 1853 non
590 1792 769 1853 fluere
802 1794 1061 1853 inmenso
1094 1793 1333 1869 fragore
1359 1793 1583 1870 quaerit
1605 1792 1712 1853 sed
1733 1809 1927 1852 ruere.
1961 1799 2118 1869 post-

136 1895 205 1937 ca
258 1877 406 1936 lenis
460 1885 518 1936 et
562 1877 873 1936 confractis
915 1878 1079 1953 aquis
1110 1877 1436 1954 domitaque
1464 1875 1771 1951 violentia,
1820 1874 2034 1954 aliquid
2066 1883 2191 1937 etao
2243 1915 2248 1919 ·

133 1962 319 2037 spatio
364 1960 590 2035 fessuS,
643 1959 834 2019 multis
873 1960 1134 2037 'quamvis
1176 1960 1444 2020 faucibus
1473 1961 1531 2018 in
1575 1960 1926 2037 Aegyptium
1962 1976 2120 2018 mare

133 2062 198 2106 se
236 2052 494 2119 evomat,
531 2045 704 2102 certis
733 2052 923 2103 tamen
953 2041 1155 2104 diebus
1186 2051 1356 2103 auctu
1396 2059 1602 2120 magno
1635 2059 1744 2120 per
1773 2051 1948 2102 totam
1988 2059 2121 2119 spa·

47 2137 112 2190 55
132 2129 300 2187 tiatus
341 2126 671 2205 Aegyptum
710 2127 989 2187 fecundus
1033 2129 1247 2187 innatat
1278 2136 1490 2186 terrae.
1566 2124 1785 2185 Causas
1826 2124 1991 2184 huius
2037 2126 2120 2183 in·

134 2212 410 2270 crementi
439 2212 630 2270 varias
666 2210 999 2290 prodidere,
1036 2210 1141 2270 sed
1169 2215 1430 2269 maxume
1457 2208 1780 2287 probabilis
1812 2208 2121 2268 etesiarum

133 2312 204 2353 eo
248 2304 511 2372 tempore
560 2312 634 2353 ex
689 2295 936 2353 adverso
979 2293 1229 2353 flantium
1270 2310 1698 2371 repercussum
1725 2292 1870 2351 ultra
1914 2293 1971 2349 in
2016 2308 2119 2350 ora
2137 2309 2193 2349 25

132 2387 261 2437 acto
306 2379 478 2453 mari,
549 2386 643 2437 aut
697 2377 894 2437 imbris
955 2377 1304 2454 Aethiopiae
1355 2378 1611 2435 aestivos
1663 2375 1865 2434 iisdem
1918 2374 2121 2433 etesiis

131 2459 322 2520 nubila
353 2459 453 2520 illo
484 2461 804 2520 ferentibus
835 2471 866 2519 e
898 2461 1122 2538 reliquo
1159 2459 1324 2519 orbe.
1375 2458 1659 2518 'Timaeus
1688 2458 2122 2529 mathematicus

132 2542 430 2602 occultamv
455 2545 692 2623 protulit
735 2539 1061 2619 rationem,
1090 2542 1342 2601 Phialam
1384 2541 1665 2619 appellari
1710 2542 1927 2600 fontem
1974 2541 2119 2614 eius,

131 2629 430 2705 mergique
472 2628 527 2686 in
560 2627 856 2688 cuniculos
893 2629 1078 2705 ipsum
1115 2643 1336 2686 amnem
1372 2643 1593 2704 vapore
1637 2623 2002 2684 anhelantem
2033 2623 2118 2682 fu-

130 2710 296 2772 midis
331 2710 591 2770 cautibus
624 2711 722 2770 ubi
754 2711 1034 2770 conditur.
1082 2715 1282 2769 verum
1306 2708 1433 2768 sole
1464 2726 1572 2787 per.
1596 2725 1701 2767 eos
1730 2708 1854 2767 dies
1886 2706 2117 2768 commi·
2141 2730 2194 2773 30

134 2812 237 2855 nus
286 2794 443 2854 facto
489 2794 711 2853 extrahi
759 2793 984 2854 ardoris
1027 2794 1085 2851 vi
1129 2801 1188 2852 et
1227 2809 1569 2872 suspensum
1611 2791 1901 2852 abundare
1945 2808 2016 2850 ac
2047 2808 2121 2849 ne

47 2886 114 2941 56
135 2879 448 2939 devoretur
489 2876 786 2937 abscondi.
853 2877 911 2936 id
956 2876 1191 2935 evenire
1236 2895 1266 2935 a
1316 2876 1474 2936 canis
1513 2885 1639 2934 ortu
1686 2893 1795 2953 per
1830 2875 2120 2933 introitum

133 2962 273 3021 solis
307 2963 364 3021 in
396 2962 656 3037 leonem,
706 2969 904 3020 contra
946 2960 1420 3038 perpendiculum
1459 2959 1633 3018 fontis
1677 2959 1868 3018 sidere
1909 2964 2118 3031 stante,

131 3062 259 3104 cum
290 3054 582 3104 eo-tractu
616 3043 981 3104 absumantur
1004 3042 1271 3118 umbrae,
1315 3043 1613 3120 plerisque
1655 3060 1688 3100 e
1729 3042 1961 3100 diverso
1994 3042 2118 3117 opi·-

130 3128 277 3185 natis
306 3128 618 3203 largiorem
647 3127 829 3185 fluere
862 3127 930 3186 ad
968 3126 1395 3204 Septentriones
1419 3125 1546 3185 sole
1578 3124 1937 3199 discedente,
1964 3122 2118 3201 quod
2138 3137 2192 3187 ³5

130 3212 187 3267 in
223 3226 433 3269 cancro
468 3220 524 3271 et
554 3211 727 3270 leone
760 3211 988 3285 evenit,
1035 3209 1286 3287 ideoque
1324 3218 1462 3275 tunc⁴
1499 3210 1681 3268 minus
1712 3208 1951 3283 siccari,
1992 3224 2117 3265 rur-

134 3310 232 3351 sus
263 3293 320 3352 in
368 3295 762 3370 capricornum
807 3301 865 3352 et
909 3293 1216 3351 austrinum
1268 3292 1462 3370 polum
1502 3307 1745 3350 reverso
1785 3289 2013 3349 sorberi
2059 3297 2120 3348 et

133 3375 207 3434 ob
247 3375 301 3435 id
334 3377 563 3453 parcius
599 3375 798 3435 fluere.
873 3376 979 3436 sed
1015 3375 1249 3434 Timaeo
1283 3376 1332 3434 si
1366 3378 1493 3453 quis
1526 3373 1746 3433 extrahi
1778 3389 1958 3450 posse
1988 3388 2117 3432 cre*—
