2320 3650
204 74 279 133 74
934 84 994 132 c,
1031 85 1223 133 PLmr
1254 84 1550 133 summm

206 240 465 301 exercitu
495 237 740 298 liberato
774 238 957 317 pridie
991 241 1157 318 quam
1201 239 1413 298 Perses
1442 239 1551 298 rex
1593 248 1913 316 superatus„-
1950 255 1953 256 ’
2038 245 2198 304 «aulo

205 333 295 383 est
325 325 381 381 in
413 324 750 382 concionem
801 322 873 381 ab
909 324 1259 400 imperatore
1298 322 1609 400 productus
1640 323 1712 382 ad
1746 323 1969 401 praed
2024 328 2198 388 ndam

206 407 489 485 eclipsim,
521 423 656 472 mox
690 416 749 466 et
771 408 1073 505 conposito
1099 406 1408 465 volumine.
1441 407 1592 489 apud
1617 404 1876 467 Graecos
1900 419 2093 469 autem
2115 413 2196 470 in-

202 492 511 567 vestigavit
542 493 756 569 primus
798 492 1039 549 omnium
1062 489 1276 549 Thales
1294 483 1554 572 Milesius
1580 488 1934 568 Olympiadis
1959 492 2199 554 XLVIII

204 591 349 635 anno
368 583 584 655 quarto
632 574 930 653 praedicto
968 574 1109 633 solis
1129 574 1388 634 defectu
1430 576 1527 654 qui
1561 572 1791 647 Alyatte
1826 585 1974 652 rege
2008 578 2196 637 factus
2217 597 2240 635 5

205 667 295 718 est
336 658 492 725 urbis
537 659 803 720 conditae
848 676 993 717 anno
1044 656 1262 717 CLXX.
1321 666 1454 755 post
1495 674 1600 716 eos
1643 659 1939 740 utriusque
1987 661 2198 720 sideris

206 761 430 803 cursum
471 742 527 800 in
569 751 880 802 sexcentos
927 760 1106 803 annos
1150 742 1468 819 praecinuit
1507 740 1906 819 Hipparchus,
1959 762 2199 804 menses

203 827 455 904 gentium
495 825 734 904 diesque
779 835 837 885 et
887 825 1061 886 horas
1099 844 1169 885 ac
1217 826 1357 883 situs
1403 825 1662 884 locorum
1703 834 1762 884 et
1807 826 1964 886 visus
2011 846 2195 907 popu-

205 911 387 970 lorum
423 910 775 988 conplexus,
824 911 972 970 aevo
1015 918 1165 968 teste
1197 908 1330 968 haut
1365 909 1478 969 alio
1511 907 1681 967 modo
1715 927 1883 987 quam
1915 913 2193 972 consilio-

120 1011 189 1064 54
204 1013 326 1056 rum
366 1001 600 1053 naturae
647 994 962 1072 particeps,
1026 993 1151 1052 Viri
1189 994 1487 1069 ingentes,
1545 1010 1833 1073 supraque
1869 996 2190 1056 mortalium
2213 1017 2257 1056 ιο
2304 1005 2305 1032 ³

202 1087 455 1138 naturam
485 1086 765 1137 tantorum
796 1079 1078 1137 numinum
1108 1077 1245 1153 lege
1280 1076 1645 1154 deprehensa
1682 1086 1740 1135 et
1769 1078 1981 1138 misera
2014 1078 2191 1139 homi-

202 1180 331 1221 num
364 1168 557 1219 mente
588 1160 849 1222 absoluta
873 1163 929 1219 in
954 1160 1281 1221 defectibus
1311 1160 1539 1219 scelera
1562 1169 1655 1224 aut
1679 1170 1921 1221 mortem
1943 1155 2195 1241 aliquam

147 1240 151 1243 ⁴
203 1244 454 1304 siderum
504 1254 784 1322 pavente,
832 1262 943 1323 quo
988 1246 1045 1303 in
1086 1253 1241 1303 metu
1282 1244 1463 1302 fuisse
1506 1243 1826 1303 Stesichori
1872 1254 1932 1304 et
1964 1245 2195 1307 Pindari

200 1338 389 1389 vatum
420 1328 679 1389 sublimia
712 1346 812 1389 ora
847 1330 1042 1407 palam*
1066 1337 1154 1387 est
1187 1328 1443 1405 deliquio
1477 1327 1638 1402 solis,
1676 1336 1733 1387 at
1763 1328 1818 1386 in
1848 1328 1980 1389 luna
2014 1349 2192 1396 vene-

202 1413 333 1472 ficia
365 1419 641 1489 arguente
672 1413 1015 1475 mortalitate
1049 1421 1106 1471 et
1138 1411 1214 1470 ob
1248 1412 1305 1471 id
1336 1412 1561 1489 crepitu
1593 1411 1828 1474 dissono
1855 1413 2187 1489 auxiliante,
2215 1435 2252 1473 ιε»

204 1514 316 1576 quo
372 1514 589 1575 pavore
638 1498 871 1574 ignarus
914 1514 1123 1557 causae
1168 1495 1364 1555 Nicias
1394 1494 1826 1570 Atheniensium
1875 1497 2192 1575 imperator

201 1583 417 1641 veritus
470 1581 716 1641 classem
764 1590 930 1659 portu
972 1579 1225 1639 educere
1283 1597 1430 1656 opes
1484 1596 1683 1644 eorum
1729 1579 1967 1656 adflixit,
2023 1582 2192 1642 macti

203 1665 434 1743 ingenio
482 1674 640 1739 este,
690 1665 839 1742 caeli
881 1665 1231 1743 interpretes
1281 1681 1587 1741 rerumque
1631 1672 1866 1723 naturae
1913 1683 2188 1743 capaces,

119 1750 518 1825 55argumenti
565 1757 902 1827 repertores
946 1765 1059 1828 quo
1114 1747 1259 1807 deos
1308 1746 1688 1825 hominesque
1733 1747 1981 1808 vicistis!
2049 1748 2189 1822 Quis

205 1835 352 1892 enim
382 1832 531 1907 haec
564 1850 809 1891 cernens
843 1842 901 1891 et
931 1842 1111 1904 statos
1148 1833 1400 1892 siderum
1438 1831 1734 1910 (quoniam
1773 1834 1847 1892 ita
1882 1834 2188 1912 appellare
2203 1851 2248 1890 «ιο

180 1917 446 1995 placuit)
481 1915 713 1976 labores
744 1933 856 1975 non
900 1935 1039 1976 suae
1083 1915 1418 1976 necessitati
1460 1916 1716 1976 mortalis
1761 1918 1992 1993 genitos
2031 1918 2189 1995 igno·

202 1996 365 2059 scat?
429 1999 593 2059 Nunc
646 2000 915 2061 confessa
960 2001 1032 2060 de
1077 2001 1282 2059 iisdem
1322 2000 1578 2059 breviter
1624 2009 1795 2078 atque
1843 2002 2190 2079 capitulatim

201 2084 471 2160 attingam
502 2085 724 2144 ratione
760 2084 1059 2146 admodum
1087 2085 1439 2143 necessariis
1484 2082 1633 2145 locis
1665 2085 2023 2163 strictimque
2061 2086 2188 2146 red·

201 2167 339 2242 dita,
376 2185 503 2228 nam
531 2186 720 2247 neque
748 2169 979 2228 instituti
1012 2169 1210 2246 operis
1236 2168 1367 2230 talis
1399 2169 1814 2243 argumentatio
1853 2177 1963 2243 est,
1996 2183 2188 2248 neque

202 2253 447 2311 omnium
496 2271 688 2311 rerum
731 2252 946 2314 adferri
990 2270 1168 2373 posse
1205 2269 1411 2335 causas
1451 2252 1636 2319 minus
1665 2253 1864 2310 mirum
1894 2262 1985 2312 est
2022 2272 2255 2352 quamn

202 2344 467 2397 constare
499 2336 554 2394 in
587 2336 811 2414 aliquiS.

118 2424 185 2478 56
327 2418 422 2479 13
470 2419 634 2499 (10.)
680 2420 963 2481 Defectus
1014 2416 1304 2479 CCXXIII
1355 2419 1647 2479 mensibus
1692 2420 1886 2480 redire
1939 2422 1996 2479 in
2055 2440 2193 2482 suos

201 2502 360 2562 orbis
395 2513 612 2563 certum
644 2512 764 2580 est,
808 2505 951 2564 solis
995 2504 1261 2563 defectus
1304 2521 1417 2564 non
1445 2505 1554 2562 nisi
1586 2505 1899 2564 novissima
1933 2505 2192 2603 primave

199 2587 324 2646 fieri
355 2586 518 2662 luna,
563 2588 738 2685 quod·
763 2596 974 2648 vocant
1006 2589 1237 2662 coitum,
1272 2587 1440 2647 lunae
1477 2597 1665 2648 autem
1704 2605 1819 2646 non
1855 2590 1964 2648 nisi
1995 2588 2191 2667 plena,

199 2689 548 2750 semperque
583 2673 723 2731 citra
754 2691 921 2751 quam
951 2688 1231 2750 proxume
1261 2671 1488 2732 fuerint.
1523 2671 1782 2731 omnibus
1813 2681 2002 2733 autem
2033 2674 2195 2733 annis
2210 2689 2256 2731 30

200 2755 328 2814 fieri
371 2758 666 2835 utriusque
711 2757 917 2816 sideris
967 2756 1233 2815 defectus
1285 2757 1445 2814 statis
1492 2755 1697 2815 diebus
1752 2755 2032 2853 horisque
2087 2757 2193 2819 sub

198 2847 377 2914 terra,
410 2859 520 2900 nec
549 2850 759 2914 tamen,
794 2858 920 2899 cum
951 2858 1204 2917 superne
1235 2840 1399 2914 fiant,
1422 2839 1637 2918 ubique
1671 2840 1848 2914 cerni,
1883 2840 2193 2919 aliquando

205 2933 448 3001 propter
476 2924 690 2999 nubila,
723 2925 955 3003 saepius
989 2924 1172 3000 globo
1204 2933 1394 2983 terrae
1427 2922 1692 2983 obstante
1730 2925 2195 2984 convexitatibus

120 3006 410 3069 57mundi.
452 3006 603 3067 Intra
634 3007 912 3067 ducentos
945 3026 1124 3068 annos
1155 3007 1470 3086 Hipparchi
1500 3008 1819 3084 sagacitate
1853 3017 2195 3086 conpertum

207 3099 297 3148 est
327 3099 385 3148 et
422 3090 586 3150 lunae
629 3091 920 3151 defectum
952 3090 1255 3170 aliquando
1290 3093 1484 3169 quinto
1517 3109 1714 3150 mense
1747 3109 1778 3150 a
1808 3092 2006 3169 priore
2044 3092 2193 3167 fieri,
2212 3116 2257 3157 35

206 3173 350 3232 solis
380 3191 521 3231 vero
555 3183 840 3252 septumo.
880 3175 1123 3235 eundem
1155 3174 1245 3234 his
1282 3176 1338 3233 in
1370 3175 1599 3252 triginta
1631 3174 1835 3235 diebus
1867 3193 2044 3253 supra
2080 3185 2196 3237 ter·

204 3274 299 3316 ras
332 3257 643 3331 occultari,
687 3259 794 3318 sed
834 3258 906 3319 ab
953 3259 1080 3319 aliis
1134 3257 1249 3318 hoc
1281 3259 1438 3318 cerni
1453 3303 1479 3333 ,x
1519 3276 1786 3337 quaeque
1833 3261 2052 3318 suntin
2085 3260 2198 3320 hoc

203 3338 482 3399 miraculo
513 3358 772 3400 maxume
804 3344 975 3408 mira..
1028 3360 1153 3402 cum
1198 3342 1504 3402 conveniat
1541 3342 1741 3411 umbra
1783 3351 1977 3402 terrae
2009 3342 2199 3406 lunam
