2320 3650
528 101 689 148 NAT.
723 98 1012 149 111s'r.'11.
1064 95 1310 151 84—93.
1350 84 1645 170 (86—95.)
1833 176 1844 179 „
1880 56 1884 67 ⁸
1937 138 1945 146 .
2024 95 2134 154 111

142 274 308 318 rasse
341 253 553 334 quibus
583 271 657 313 ex
687 252 776 312 his
807 253 971 332 cibus
1002 253 1226 313 fuisset.
1276 254 1376 312 Sic
1408 262 1467 312 et
1497 252 1864 315 Pithecussas
1894 256 1950 315 in
1976 255 2137 318 Cam·

22 380 29 393 .
143 356 296 419 pano
347 340 474 397 sinu
516 338 706 396 ferunt
751 347 940 412 ortaS,
974 354 1108 396 mox
1149 339 1205 395 in
1259 336 1346 395 his
1390 347 1638 397 montem
1680 336 1962 417 Epopon,
2013 360 2138 401 cum

143 430 392 501 repente
424 421 646 480 flamma
679 438 754 479 ex
789 437 861 479 eo
895 415 1248 494 emicuisset,
1284 423 1592 498 campestri
1625 431 1922 499 aequatum
1956 415 2138 503 plani-

142 508 280 566 tiae.
339 502 404 564 In
441 504 644 563 eadem
681 512 739 562 et
771 503 1044 601 oppidum
1071 503 1330 563 haustum
1362 504 1681 581 profundo,
1716 505 1948 584 alioque
1985 518 2142 568 motu

107 600 337 650 sterrae
372 589 631 661 stagnum
657 587 1019 663 emersisse,
1023 587 1220 646 etalio
1245 586 1568 666 provolutis
1592 588 1876 650 montibus
1901 591 2140 650 insulam
2181 598 2197 605 ’“

145 672 445 733 exstitisse
474 669 836 744 Prochytam.
922 726 925 729 ,

264 753 436 831 (90.)
468 751 726 832 Namque
771 761 831 812 et
873 751 986 813 hoc
1026 753 1198 812 modo
1239 753 1456 814 insulas
1486 771 1678 814 rerum
1705 764 1901 815 natura
1932 755 2091 815 fecit.
2115 768 2224 821 204

144 836 363 897 Avellit
398 832 650 896 Siciliam
681 835 928 910 Italiae,
953 834 1203 914 Cyprum
1235 839 1475 912 Syriae,
1508 836 1804 898 Euboeam
1836 837 2138 924 Boeotiae,

144 918 425 980 Euboeae
450 918 756 979 Atalanten
792 928 850 979 et
885 918 1169 996 Macrian,
1205 918 1514 980 Beshicum
1549 920 1883 998 Bithyniae,
1918 904 2138 1001 Leuco-

86 1028 129 1067 10
146 1004 285 1063 siam
323 1003 586 1063 Sirenum
614 1003 1030 1081 promontorio.

271 1084 374 1146 89.
413 1086 578 1165 (91.)
612 1085 831 1146 Rursus
876 1085 1135 1146 abstulit.
1158 1085 1375 1146 insulas
1420 1086 1563 1147 mari
1601 1087 1901 1167 iunxitque
1942 1089 2136 1166 terris,

145 1170 440 1229 Antissam
469 1168 694 1245 Lesb0,
733 1168 1080 1248 Zephyrium
1109 1167 1485 1230 Halicarnaso
1507 1214 1523 1245 ,
1556 1169 1869 1231 Aethusam
1901 1170 2137 1249 Myndo,

145 1252 494 1313 Dromiscon
539 1263 597 1313 et
639 1253 863 1312 Pernen
893 1250 1128 1327 Mileto,
1175 1250 1620 1313 Narthecussam
1655 1253 1959 1315 Parthenio
2003 1273 2138 1334 pro-

146 1337 454 1396 montorio.
514 1335 792 1412 Hybanda
840 1336 1124 1414 quondam
1170 1334 1355 1394 insula
1386 1335 1580 1396 Ioniae
1618 1334 1715 1395 CC
1758 1355 1907 1397 nunc
1937 1356 1968 1398 a
1999 1341 2140 1399 mari

86 1441 129 1480 1⁵
146 1419 315 1480 abest
346 1420 565 1479 stadiis.
602 1420 834 1494 Syrien
850 1419 1154 1517 Ephesus
1166 1417 1221 1475 in
1254 1419 1678 1478 mediterraneo
1711 1419 1921 1495 habet,
1956 1420 2137 1482 Dera-

145 1504 300 1563 sidas
334 1511 394 1561 et
424 1502 775 1581 Sophoniam
807 1503 1050 1562 vicinam
1100 1501 1154 1560 ei
1186 1498 1502 1578 Magnesia.
1566 1500 1892 1581 Epidaurus
1924 1512 1983 1563 et
2013 1503 2137 1564 Ori-

147 1604 272 1645 cum
305 1585 527 1646 insulae
552 1605 719 1646 esse
715 1586 1043 1646 desierunt.

157 1714 165 1718 -
269 1669 373 1729 90.
411 1668 577 1748 (92.)
624 1669 687 1728 In
727 1677 904 1728 totum
951 1668 1182 1729 abstulit
1222 1676 1409 1728 terras
1451 1668 1691 1747 primum
1727 1669 1971 1728 omnium
2000 1669 2221 1735 ub1205

74 1802 81 1803 ff
143 1753 495 1823 Atlanticum
540 1771 698 1812 mare
744 1762 863 1829 est,
926 1753 974 1810 si
1006 1751 1226 1812 Platoni
1266 1752 1584 1829 credimuS,
1636 1754 1893 1814 inmenso
1932 1754 2139 1833 spatio.

79 1861 126 1901 20
143 1833 282 1897 mo‘x
321 1837 544 1896 interno
563 1882 580 1912 ,
617 1855 764 1915 quae
794 1838 1052 1898 videmus
1085 1837 1289 1911 hodie,
1320 1854 1568 1897 mersam
1596 1836 1975 1897 Acarnaniam
2007 1837 2140 1897 Am-

143 1921 347 1980 bracio
379 1920 526 1996 sinu,
563 1920 840 1980 Achaiam
873 1918 1190 1996 Corinthio,
1226 1918 1518 1998 Europam
1546 1918 1862 1999 Asiamque
1886 1920 2140 1998 Propon-

142 2003 262 2063 tide
313 2012 370 2063 et
405 2003 605 2063 Ponto.
671 2003 763 2063 Ad
805 2004 1224 2082 hocperrupit
1266 2020 1422 2063 mare
1472 2002 1768 2081 Leucada,
1810 2002 2139 2078 Antirrium,

142 2085 620 2165 Hellespontum,
653 2086 952 2165 Bosporos
985 2086 1150 2146 duos.

273 2170 376 2231 91.
417 2171 591 2250 (93.)
621 2168 813 2247 Atque
855 2179 917 2229 ut
947 2172 1103 2228 sinus
1149 2177 1209 2227 et
1242 2178 1444 2245 stagna
1475 2178 1867 2246 praeteream,
1918 2170 2044 2248 ipse
2075 2188 2140 2229 se

75 2277 127 2317 25
149 2262 375 2314 comest
423 2263 598 2312 terra.
661 2252 959 2314 devoravit
1012 2250 1277 2311 Cibotum
1328 2252 1659 2312 altissimum
1709 2261 1959 2311 montem
2014 2272 2139 2313 cum

137 2337 367 2416 oppido
402 2335 630 2412 Curite,
677 2336 935 2415 Sipylum
964 2335 1021 2394 in
1054 2333 1354 2412 Magnesia
1395 2343 1453 2393 et
1486 2336 1643 2413 prius
1678 2338 1734 2395 in
1766 2336 1982 2396 eodem'
2003 2336 2139 2397 loco

148 2421 524 2481 clarissimam
555 2418 757 2479 urbem
789 2437 937 2499 quae
974 2417 1226 2479 Tantalis
1265 2416 1609 2494 vocabatur,
1661 2418 1911 2479 Galenes
1944 2428 2001 2479 et
2033 2419 2138 2479 Ga·

144 2504 332 2564 lames
362 2502 583 2562 urbium
611 2503 669 2561 in
700 2502 990 2562 Phoenice
1023 2518 1210 2579 agros
1232 2520 1358 2561 cum
1388 2502 1562 2579 ipsis,
1597 2500 1869 2577 Phegium
1900 2502 2139 2561 Aethio-

145 2588 279 2665 piae
312 2588 506 2663 iugum
538 2586 1028 2662 excelsissimum,
1064 2594 1358 2663 *tamquam
1391 2601 1505 2644 non
1536 2584 1708 2653 infida
1740 2594 2142 2661 grassarentur

74 2689 125 2730 30
145 2680 203 2730 et
238 2670 430 2729 litora.

270 2751 372 2812 92.
422 2747 588 2830 (94.)
635 2751 869 2827 Pyrram
929 2761 988 2812 et
1032 2750 1320 2812 Antissam
1376 2752 1529 2811 circa
1573 2749 1845 2809 Maeotim
1891 2749 2103 2820 Pontus
2123 2763 2227 2821 206

146 2835 414 2911 abstulit,
461 2835 707 2895 Helicen
759 2844 816 2895 et
850 2835 1054 2895 Buram
1086 2835 1243 2894 sinus
1280 2833 1639 2909 Corinthius,
1674 2851 1909 2912 quarum
1938 2834 1994 2891 in
2023 2834 2141 2894 alto

143 2918 398 2994 vestigia
431 2918 728 2996 adparent.
797 2917 887 2980 Ex
918 2917 1102 2978 insula
1139 2915 1261 2977 Cea
1297 2918 1538 2996 amplius
1569 2917 1800 2993 triginta
1828 2916 1980 2976 milia
2010 2935 2141 2994 pas-

148 3019 314 3060 suum
347 3000 588 3080 abrupta
619 3001 810 3060 subito
845 3019 971 3060 cum
999 3002 1276 3079 plurumis
1305 3000 1625 3060 mortalium
1649 3000 1860 3076 rapuit,
1896 3009 1952 3058 et
1974 3001 2141 3060 insi-

72 3102 127 3142 as
148 3083 281 3144 cilia
329 3084 614 3144 dimidiam
648 3083 968 3158 Tyndarida
1011 3082 1214 3143 urbem
1244 3101 1314 3143 ac
1350 3081 1621 3161 quidquid
1656 3081 1727 3141 ab
1762 3081 1924 3142 Italia
1956 3083 2141 3144 deest.

145 3166 411 3225 similiter
437 3167 495 3225 in
524 3166 765 3226 Boeotia
795 3165 1090 3226 Eleusina.
1816 3197 1822 3205 ›

273 3248 373 3310 93.
409 3250 575 3328 (95.)
609 3247 797 3309 Motus
830 3251 980 3309 enim
1013 3257 1207 3308 terrae
1238 3248 1514 3307 sileantur
1549 3256 1607 3306 et
1630 3247 1903 3325 quidquid
1932 3257 2020 3307 est
2043 3248 2141 3307 uhi

141 3332 349 3395 saltem
370 3330 547 3400 ,busta
575 3332 795 3393 urbium
828 3340 1085 3410 exstant,
1119 3330 1285 3392 simul
1317 3339 1376 3391 ut
1408 3338 1601 3390 terrae
1632 3330 1904 3391 miracula
1937 3331 2133 3408 potius
