2320 3650
516 126 678 173 NAT.
712 126 895 174 ffls'r.
930 128 999 173 x.
1046 124 1297 200 12—19„
1324 113 1622 198 (15—21.)
1954 118 2070 179 127

59 281 281 357 dicunt,
319 280 519 342 Labeo
552 280 1008 358 prohibitoriam.
1081 291 1142 341 et
1173 282 1325 359 apud
1354 279 1644 359 Nigidium
1676 282 1834 341 subis
1871 286 2071 362 appel-

72 365 205 425 latur
238 367 366 426 avis
402 382 552 443 qnae
584 365 902 444 aquilarum
945 381 1058 425 ova
1092 366 1338 442 frangat.
1437 367 1530 425 15.
1580 367 1724 426 Sunt
1769 376 2075 444 praeterea

64 449 343 530 ,conplura
387 447 612 526 genera
655 450 887 526 depicta
932 449 988 507 in
1030 448 1277 517 Etrusca
1324 450 1628 528 disciplina
1675 452 1781 510 sed
1828 451 1930 511 ulli
1961 470 2076 512 non

73 535 209 610 visa,
258 552 410 612 quae
457 551 610 593 nunc
652 533 947 593 defecisse
986 535 1187 593 mirum
1226 543 1359 611 est,
1409 552 1537 594 cum
1579 534 1868 595 abundent
1904 538 2076 597 etiam

76 636 208 696 quae
240 618 381 695 gula
409 617 654 676 humana
684 617 1011 698 populatur.
1696 633 1713 654 s

93 737 96 746 ·
186 703 281 763 16.
334 701 502 780 (18.)
550 700 937 782 Externorum
972 702 1045 761 de
1081 704 1336 779 auguriis
1370 704 1723 783 peritissime
1753 705 2065 781 scripsisse
2091 713 2160 767 38

72 784 238 860 Hylas
279 786 510 844 nomine
554 793 799 863 putatur.
873 787 923 843 is
969 786 1141 845 tradit
1183 796 1484 863 noctuam,
1519 787 1846 863 bubonem,
1883 789 2074 866 picum
2148 829 2151 836 ν

74 870 315 936 arbores,
338 877 660 944 cavantem,
686 878 1012 946 trygonam,
1048 871 1340 930 cornicem
1365 891 1398 932 a
1423 871 1604 930 cauda
1634 871 1708 931 de
1739 888 1852 930 ovo
1888 873 2072 947 exire,

74 956 329 1032 quoniam
362 953 625 1032 pondere
673 956 923 1031 capitum
963 972 1245 1031 perversa
1279 972 1389 1015 ova
1422 956 1810 1034 posteriorem
1852 949 2074 1033 partem

56 1069 62 1092 .,
74 1054 372 1117 corporum
400 1036 709 1098 fovendam
741 1039 906 1097 matri
937 1037 1251 1115 adplicent

191 1124 283 1182 17.
335 1119 503 1201 (19.)
545 1119 896 1180 Noctuarnm
933 1130 1133 1181 contra
1167 1123 1290 1181 avis
1321 1122 1539 1182 sollers
1578 1122 1885 1183 dimicatio.
1949 1143 2062 1196 ma·
2087 1132 2169 1188 39-

72 1207 186 1265 iore
234 1205 622 1265 circumdatae
675 1206 1029 1266 multitudine
1071 1207 1382 1284 resupinae
1430 1205 1675 1283 pedibus
1727 1217 2100 1296 repugnant,

75 1291 473 1367 collectaeque
533 1291 588 1347 in
635 1298 829 1349 artum*
873 1298 1066 1349 rostro
1119 1299 1179 1348 et
1224 1288 1512 1365 unguibus
1566 1299 1724 1349 totae
1782 1299 2070 1368 teguntur.

73 1375 367 1434 auxiliatur
396 1375 681 1452 accipiter
711 1372 968 1451 collegio
1007 1374 1257 1451 quodam
1297 1382 1534 1432 naturae
1579 1372 1911 1454 bellumque
1945 1394 2072 1453 par-

56 1459 217 1519 stitur.
281 1467 521 1517 noctuas
552 1459 865 1534 sexagenis
906 1456 1107 1517 diebus
1152 1456 1358 1516 hiemis
1391 1455 1623 1516 cubare
1642 1466 1701 1519 et
1731 1475 1948 1517 novem·
1971 1476 2071 1517 vo-

78 1560 168 1601 ces
196 1542 416 1601 habere
444 1541 614 1601 tradit
644 1540 928 1618 Nigidius.

194 1625 289 1685 18.
351 1624 519 1705 (20.)
582 1626 736 1685 Sunt
776 1634 837 1685 et
876 1642 1095 1704 parvae
1136 1642 1277 1684 aves
1322 1641 1597 1683 uncorum
1649 1626 1955 1702 unguium,
2005 1636 2066 1685 ut
2090 1636 2157 1687 40

75 1711 177 1786 pici
206 1708 412 1769 Martio
446 1710 791 1786 cognomine
826 1710 1085 1786 insignes
1118 1718 1178 1768 et
1208 1710 1270 1768 in
1303 1709 1578 1785 auspiciis
1609 1712 1817 1787 magni.
1870 1728 1986 1788 quo
2018 1712 2074 1769 in

73 1811 281 1870 genere
323 1793 593 1854 arborum
652 1802 957 1854 cavatores
999 1793 1348 1854 scandentes
1391 1795 1448 1852 in
1492 1792 1831 1872 subreptum
1873 1794 2074 1855 felium

57 1880 263 1954 modo,
296 1879 381 1938 illi
406 1877 553 1937 vero
589 1888 652 1937 et
682 1879 871 1955 supini
905 1879 1171 1956 percussi
1198 1879 1436 1939 corticis
1458 1895 1604 1955 sono
1637 1878 1907 1956 pabulum
1940 1879 2070 1939 sub-

76 1981 199 2023 esse
226 1962 589 2038 intellegunt.
644 1963 840 2040 pullos
871 1964 927 2021 in
957 1964 1115 2021 cavis
1141 1963 1389 2022 educant
1419 1964 1605 2022 avium
1629 1963 1759 2031 soli,
1833 1964 2074 2023 adactos

77 2049 329 2109 cavernis
359 2064 559 2106 eorum
581 2064 613 2106 a
636 2055 875 2124 pastore
907 2063 1125 2105 cuneos
1158 2047 1384 2106 admota
1410 2047 1654 2123 quadam
1679 2046 1750 2106 ab
1778 2048 1869 2106 his
1892 2046 2074 2106 herba

74 2131 214 2191 elabi
254 2131 509 2191 creditur
541 2130 741 2206 vulgo.
807 2129 1053 2189 Trebius
1099 2138 1304 2189 auctor
1348 2139 1438 2188 est
1484 2131 1711 2190 clavom
1757 2148 2073 2190 cuneumve

73 2215 322 2277 adactum
358 2223 566 2292 quanta
614 2214 793 2273 libeat
835 2216 892 2273 vi
926 2213 1122 2273 arbori
1168 2215 1225 2271 in
1265 2230 1376 2290 qua
1417 2213 1605 2272 nidum
1640 2212 1854 2272 habeat
1887 2215 2073 2272 statim

56 2301 304 2360 ·exsilire
338 2317 465 2359 cum
500 2300 726 2376 crepitu
766 2297 1024 2372 arboris,
1058 2315 1187 2355 cum
1219 2296 1500 2356 insederit
1537 2296 1705 2355 clavo
1739 2306 1834 2356 aut
1866 2313 2070 2356 cuneo.

75 2381 183 2460 Ipsi
212 2383 571 2462 principales
601 2380 764 2441 Latio
797 2391 927 2442 sunt
958 2383 1016 2440 in
1048 2381 1304 2457 auguriis
1333 2398 1366 2439 a
1395 2398 1542 2457 rege
1574 2381 1670 2456 qui
1702 2397 1909 2449 nomen
1937 2380 2069 2440 huic
2093 2389 2157 2443 41

75 2468 160 2526 avi
205 2468 394 2528 dedit..
459 2485 628 2526 unum
676 2483 874 2527 eorum
916 2466 1271 2544 praescitum
1314 2465 1560 2523 transire
1602 2480 1717 2527 non
1763 2482 1934 2541 queo.
2012 2465 2077 2524 In

74 2553 258 2628 capite
289 2552 575 2629 praetoris
605 2549 809 2610 urbani
838 2549 972 2609 Aeli
1009 2548 1332 2608 Tuberonis
1361 2549 1421 2606 in
1448 2547 1581 2606 foro
1609 2548 1729 2606 iura
1762 2566 1868 2626 pro
1898 2548 2074 2607 tribu-

73 2635 179 2694 nali
220 2635 518 2695 reddentis
555 2633 706 2694 sedit
749 2635 825 2693 ita
873 2633 1104 2713 placide
1136 2642 1200 2692 ut
1240 2650 1405 2692 manu
1437 2632 1919 2731 prehenderetur.
1983 2650 2074 2690 re-

57 2719 376 2815 *spondere
394 2727 560 2778 vates
593 2718 827 2777 exitium
868 2718 1111 2795 imperio
1144 2717 1445 2795 portendi,
1492 2717 1541 2774 si
1568 2715 1985 2789 dimitteretur,
2020 2722 2078 2773 at

65 2804 121 2860 si
147 2805 604 2876 exanimaretur,
637 2803 915 2880 praetori.
978 2811 1038 2861 et
1078 2801 1181 2861 ille
1221 2819 1387 2861 avem
1420 2800 1682 2879 protinus
1717 2799 2072 2875 concerpsit,

69 2903 188 2946 nec
203 2887 386 2947 multo
416 2895 553 2965 post
581 2886 827 2964 inplevit
854 2886 1200 2964 prodigium.

191 2970 354 3049 (21.)
402 2971 739 3030 Vescuntur
763 2979 823 3028 et
850 2969 1113 3046 glande
1095 2987 1152 3027 ιιι
1187 2969 1301 3028 hoc
1335 2986 1558 3046 genere
1594 2968 1898 3046 pomisque
1927 2964 2068 3023 mul·
2094 2975 2162 3027 42

68 3062 192 3129 tae,
226 3055 334 3115 sed
364 3072 510 3132 quae
549 3071 722 3117 carne
751 3062 968 3114 tantum
995 3069 1111 3110 non
1140 3054 1373 3128 vivont,
1410 3061 1662 3130 excepto
1691 3050 1890 3125 milvo,
1924 3049 2077 3126 quod

69 3139 258 3215 ipsum
291 3140 349 3198 in
389 3139 645 3215 auguriis
693 3138 877 3197 dirum
922 3145 1030 3196 est.
1125 3137 1222 3197 19.
1283 3137 1482 3197 Uncos
1534 3136 1737 3213 unguis
1790 3133 2074 3194 habentes
2131 3135 2134 3139 ’

73 3224 441 3283 omnino-non
477 3230 939 3298 congregantur,
978 3228 1037 3279 et
1078 3219 1189 3280 sibi
1221 3219 1884 3300 quaequepraedantur.
1950 3226 2080 3275 sunt

72 3309 490 3367 autem-omnes
525 3306 654 3366 fere
684 3305 962 3365 altivolae
999 3313 1236 3382 praeter
1272 3313 1612 3379 nocturnas,
1660 3313 1717 3362 et
1748 3304 1932 3379 magis
1962 3318 2076 3360 ma-

70 3389 246 3451 iores.
334 3389 772 3452 omnihusalae
817 3389 1101 3466 grandes,
1164 3382 1380 3466 corpus
1425 3389 1714 3465 exiguum.
1792 3385 2079 3447 ambulant
