2320 3650
532 79 693 128 ΜΤ.
727 80 908 131 ms'r.
938 80 1014 129 11.
1059 76 1300 134 69—73.
1339 65 1638 152 (δεμ-75.)
2015 71 2131 136 105

125 232 453 310 eademque
508 234 566 292 in
609 234 806 294 Sicilia
858 235 1150 294 exoriens.
1212 236 1368 295 Solis
1411 235 1703 295 defectum
1743 231 2025 315 Vipstano
2074 249 2165 310 et,

124 317 369 377 Fonteio
400 334 557 376 coss.
544 360 582 391 .,
621 319 716 394 qui
740 318 907 377 fuere
937 328 1069 381 ante
1096 337 1316 395 paucos
1343 335 1543 394 annOS,
1577 318 1786 380 factum
1817 323 2001 399 pridie
2031 322 2131 383 ka-

125 400 329 461 lendas
358 399 547 459 Maias
581 398 890 478 Campania
921 401 1063 461 hora
1108 402 1223 461 diei
1254 404 1403 461 inter
1433 411 1748 478 septumam
1781 414 1839 463 et
1870 415 2131 465 octavam

125 484 335 557 sensit,
389 477 652 542 Corbulo
698 484 811 543 dux
850 486 906 543 in
938 485 1209 545 Armenia
1257 487 1407 545 inter
1448 485 1648 544 horam
1680 486 1794 545 diei
1836 488 2133 548 decumam

88 575 185 632 ὅθι
225 566 593 626 undecimam
635 568 886 645 prodidit
924 570 1107 628 visum
1154 571 1393 629 circuitu
1437 568 1601 645 globi
1646 570 1755 630 alia
1799 570 1926 630 aliis
1972 573 2133 632 dete-

123 659 301 726 gente
338 660 399 709 et
430 650 781 710 occultante.
843 650 1011 724 Quod
1041 653 1090 710 si
1122 651 1293 729 plana
1325 661 1485 711 esset
1514 662 1703 729 terra,
1748 654 1914 713 simul
1947 655 2133 715 omnia

120 734 481 811 adparerent
525 736 779 809 cunctis,
825 746 1146 813 noctesque
1191 754 1304 795 non
1349 737 1555 795 fierent
1595 737 1952 815 inaequales.
2006 756 2134 797 nam

119 835 312 895 aeque
358 818 491 877 aliis
536 836 706 896 quam
739 820 797 877 in
828 819 1020 878 medio
1064 820 1188 879 sitis
1219 822 1379 898 paria
1410 820 1716 879 duodecim
1753 820 2018 880 horarum
2052 823 2133 879 in-

118 900 372 960 tervalla
424 911 835 978 cernerentur,
892 920 1039 980 quae
1087 921 1236 962 nunc
1283 921 1398 963 non
1443 904 1499 963 in
1548 901 1701 964 omni
1752 912 1918 983 parte
1966 904 2133 964 simili

60 1005 104 1045 ιο
119 984 295 1044 modo
331 994 676 1061 congruunt.

243 1068 346 1127 71.
389 1068 558 1146 (73.)
592 1068 732 1128 Ideo
763 1086 875 1128 nec
904 1086 1020 1128 nox
1066 1031 1344 1147 diesque,
1396 1070 1652 1148 quamvis
1684 1072 1920 1146 eadem,
1967 1079 2088 1130 toto
2115 1078 2214 1135 181

121 1151 269 1210 orbe
304 1151 476 1211 simul
510 1159 631 1227 est,
668 1154 938 1230 oppositu
969 1152 1130 1229 globi
1162 1162 1389 1211 noctem
1419 1162 1513 1212 aut
1543 1153 1755 1213 ambitu
1789 1155 1940 1214 diem
1969 1155 2129 1214 adfe-
2244 1165 2247 1168 '

120 1244 311 1294 rente.
366 1234 563 1294 Multis
591 1236 706 1296 hoc
738 1237 1024 1311 cognitum
1057 1238 1491 1313 experimentiS,
1525 1238 1581 1295 in
1609 1237 1808 1298 Africa
1833 1227 2130 1316 Hispania-

125 1337 239 1396 que
273 1319 517 1378 turrium
546 1318 899 1396 Hannibalis,
935 1321 991 1378 in
1021 1319 1160 1379 Asia
1191 1337 1337 1379 vero
1363 1329 1610 1397 ,propter
1639 1317 1916 1398 pifaticos
1947 1332 2131 1381 terro-

59 1421 107 1462 15
125 1420 225 1462 res
276 1402 450 1461 simili
500 1404 862 1480 specularum
905 1404 1198 1481 praesidio
1247 1405 1532 1478 excitam,
1581 1405 1637 1462 in
1680 1406 1806 1482 quis
1850 1422 2131 1482 praenun-

127 1488 236 1546 tios
268 1487 421 1562 ignis
460 1496 625 1546 sexta
656 1487 799 1547 hora
834 1488 948 1547 diei
980 1503 1265 1546 accensos
1298 1505 1477 1564 saepe
1513 1497 1851 1565 conpertum
1898 1497 1986 1546 est
2017 1498 2131 1547 ter-

125 1571 203 1630 tia
244 1571 440 1629 noctis
484 1588 517 1630 a
554 1579 722 1646 tergo
768 1571 979 1630 ultimis
1023 1571 1203 1629 visos.
1266 1570 1539 1629 Eiusdem
1570 1570 1889 1630 Alexandri
1932 1588 2136 1630 cursor

67 1653 465 1715 Philonides
508 1672 585 1713 ex
615 1655 868 1729 Sicyone
901 1654 1051 1714 Elim
1091 1654 1250 1714 mille
1305 1662 1364 1713 et
1402 1655 1650 1714 ducenta
1694 1654 1875 1714 stadia
1924 1673 2134 1720 novem

129 1736 242 1796 diei
274 1737 533 1797 confecit
562 1737 753 1814 horis,
794 1738 1078 1816 indeque,
1128 1738 1385 1814 quamvis
1422 1738 1632 1797 declivi
1675 1738 1916 1813 itinere,
1967 1741 2134 1799 tertia

55 1833 108 1874 20
127 1823 317 1882 noctis
350 1820 496 1907 hqa
517 1840 818 1882 remensus
850 1833 939 1882 est
970 1823 1224 1899 saepius.
1261 1840 1454 1897 causa,
1488 1822 1643 1901 quod
1670 1823 1822 1883 eunti
1857 1842 1981 1895 cum
2006 1823 2132 1882 sole

125 1906 233 1965 iter
268 1913 419 1980 erat,
459 1906 703 1966 eundem
734 1925 1001 1968 remeans
1036 1906 1264 1965 obvium
1306 1907 1597 1965 contrario
1632 1892 2136 1985 praetervertebat

125 2006 395 2048 occursu.
450 2007 559 2067 qua
591 1990 665 2049 de
703 2008 876 2050 causa
907 1990 977 2049 ad
1011 2007 1283 2050 occasum
1314 1990 1674 2066 naviganteS,
1712 1992 1970 2068 quamvis
2001 1990 2133 2048 bre·

123 2073 364 2131 vissimo
399 2072 527 2148 die,
571 2074 805 2133 vincunt
848 2074 1032 2152 spatia
1074 2082 1389 2133 nocturnae
1433 2075 1814 2152 navigationis
1851 2083 1907 2133 ut
1948 2074 2133 2133 solem

123 2158 310 2234 ipsum
349 2157 707 2217 comitantes

54 2255 107 2294 25
253 2239 358 2299 72.
394 2241 560 2319 (74.)
596 2240 869 2318 Vasaque
910 2239 1301 2318 horoscopica
1336 2258 1450 2299 non
1484 2240 1696 2318 ubique
1730 2241 1934 2300 eadem
1965 2244 2219 2301 sunt182

124 2323 282 2397 usui,
323 2324 380 2381 in
410 2325 666 2383 trecenis
696 2325 915 2399 stadiiS,
950 2334 1045 2384 aut
1075 2332 1135 2382 ut
1165 2323 1501 2400 longissime
1535 2326 1590 2383 in
1624 2324 1981 2401 quingentis,
2014 2342 2132 2382 mu·

7 2480 16 2489 ,
123 2405 379 2467 tantibus
411 2417 597 2466 semet
619 2407 833 2467 umbris
858 2408 1023 2468 solis.
1057 2407 1257 2484 Itaque
1283 2407 1536 2467 umbilici
1561 2409 1765 2485 (quem
1788 2423 2133 2484 gnomonem

125 2490 458 2569 appellant)
507 2491 706 2551 umbra
754 2493 811 2553 in
842 2491 1116 2569 Aegypto
1162 2491 1476 2551 meridiano
1510 2501 1773 2568 tempore
1806 2491 2134 2571 aequinocti

126 2575 219 2633 die
248 2574 428 2653 paulo
461 2574 590 2652 plus
624 2593 792 2652 quam
825 2575 1109 2634 dimidiam
1138 2575 1443 2651 gnomonis
1474 2592 1800 2633 mensuram
1836 2575 2044 2647 eflicit,
2078 2575 2135 2631 in

56 2656 270 2717 som-be
303 2656 488 2718 Roma
516 2675 667 2717 nona
701 2677 835 2735 pars
867 2660 1170 2734 gnomonis
1202 2659 1370 2718 deest
1398 2658 1654 2731 umbrae,
1689 2659 1745 2716 in
1776 2658 1991 2734 oppido
2016 2656 2132 2714 An-

125 2759 272 2802 cona
299 2746 575 2819 superest
606 2743 799 2820 quinta
828 2743 1152 2817 tricesima,
1187 2742 1243 2800 in
1277 2750 1440 2819 parte
1473 2740 1674 2800 Italiae
1709 2758 1855 2818 quae
1887 2739 2133 2799 Venetia

121 2820 692 2903 appellatur-'iisdem
723 2826 879 2885 horis
913 2825 1110 2885 umbra
1134 2826 1414 2901 gnomoni
1440 2843 1543 2902 par
1578 2825 1673 2882 fit.
1733 2853 1737 2856 >

241 2908 345 2969 73.
380 2909 549 2987 (75.)
597 2909 778 2977 Simili
820 2909 994 2968 modo
1037 2909 1265 2967 tradunt
1306 2909 1362 2966 in
1407 2909 1598 2983 Syene
1637 2906 1886 2984 oppidO,
1938 2908 2091 2985 quod
2116 2919 2219 2974 183

121 3000 215 3052 est
247 3010 426 3070 supra
459 2991 872 3052 Alexandriam
905 2993 1156 3072 quinque
1198 2991 1428 3050 milibus
1471 2992 1745 3065 stadium,
1797 2989 2006 3049 solstiti
2039 2991 2132 3050 die

51 3077 313 3137 35111θάἰο
342 3075 559 3136 nullam
590 3075 848 3135 umbram
876 3076 1009 3149 iaci,
1046 3084 1398 3152 puteumque
1433 3076 1557 3133 eius
1590 3073 1972 3152 experimenti
2001 3092 2130 3151 gra·

119 3161 195 3219 tia
223 3161 442 3235 factum
485 3167 668 3219 totum
713 3158 1048 3218 inluminari.
1110 3176 1186 3217 ex
1222 3174 1336 3236 quo
1368 3158 1655 3235 adparere
1687 3166 1801 3216 tum
1832 3157 2017 3218 solem
2048 3157 2131 3216 illi

118 3243 256 3304 loco
285 3261 465 3322 supra
496 3243 784 3302 verticem
816 3259 985 3316 esse,
1021 3241 1177 3319 quod
1211 3250 1267 3300 et
1299 3241 1355 3298 in
1389 3240 1546 3300 India
1578 3260 1752 3320 supra
1780 3241 1987 3300 flumen
2016 3240 2131 3314 Hy-

113 3328 301 3406 pasim
331 3328 464 3389 lieri
492 3335 765 3405 tempore
799 3325 1008 3386 eodem
1032 3323 1392 3383 Onesicritus
1414 3324 1634 3384 scribit.
1692 3322 2044 3402 Constatque
2075 3323 2132 3379 in
