2320 3650
630 63 790 113 NAT.
827 65 1008 112 ms'r.
1052 65 1203 111 vm.
1241 60 1478 113 25—29.
1517 49 1813 135 (38-43.)
2136 56 2209 115 61

216 232 519 299 torpuere,
564 221 743 299 spinis
787 221 1033 299 iuniperi
1078 239 1140 278 se
1189 220 1394 278 scabit.
1460 220 1638 279 draco
1682 238 1916 281 vernam
1963 223 2220 282 nausiam

216 305 503 366 silvestris
528 305 791 366 lactucae
815 322 958 365 suco
980 304 1303 380 restinguit.
1341 302 1649 381 pantheras
1673 305 1985 381 perfricata
2009 323 2182 366 carne
2201 319 2303 369 100

214 390 447 451 aconito
468 407 847 448 —veneuum
879 390 935 448 id
971 386 1404 449 est—barbari
1435 397 1730 448 venantur.
1769 381 2024 468 bccupat
2054 390 2214 448 illico

214 474 401 534 faucis
428 491 623 534 earum
648 490 853 550 angor,
878 491 1058 551 quare
1092 471 1533 554 pardalianches
1561 472 1617 531 id
1641 490 1924 532 venenum
1953 474 2214 551 appella·

177 582 202 620 s
221 575 364 616 vere
394 556 639 634 quidam.
675 566 733 616 at
761 557 893 616 fera
918 567 1116 617 contra
1146 557 1261 616 hoc
1281 558 1668 615 excrementis
1696 556 1939 616 hominis
1959 556 2067 616 sibi
2097 576 2213 616 me-

216 643 404 715 detur,
441 649 500 699 et
529 640 671 700 alias
693 650 807 701 tam
836 642 1003 703 avida
1025 658 1226 701 eorum
1260 650 1320 699 ut
1343 657 1377 699 a
1402 637 1734 717 pastoribus
1760 659 1834 700 ex
1859 641 2131 702 industria
2158 643 2215 701 in

213 727 412 804 aliquo
437 742 576 784 vase
597 743 884 803 suspensa
908 728 1080 786 altius
1104 743 1275 803 quam
1305 735 1366 784 ut
1384 734 1559 802 queat
1581 724 1729 802 saltu
1756 727 2038 808 attingere
2062 728 2214 785 iacu-

213 810 387 869 lando
420 827 486 868 se
515 809 961 889 adpetendoque
994 810 1225 870 deficiat
1256 818 1315 868 et
1345 818 1642 885 postremo
1674 809 1955 886 exspiret,
2003 809 2216 887 alioqui

212 895 536 958 vivacitatis
567 895 716 953 adeo
744 894 937 954 lentae
969 904 1027 953 ut
1058 895 1264 953 eiectis
1295 895 1608 952 interaneis
1628 893 1733 952 .diu
1767 902 2004 971 pugnet.
2063 891 2183 951 ele·
2206 904 2298 955 101

142 1002 197 1043 10
217 978 400 1056 phans
419 977 835 1037 chamaeleone
855 979 1156 1038 concolori
1174 977 1362 1036 frondi
1382 977 1663 1036 devorato
1679 978 1932 1038 occurrit
1957 976 2216 1038 oleastro

215 1063 349 1122 huic
382 1079 611 1121 veneno
633 1079 774 1136 suo,
837 1064 953 1122 ursi
998 1081 1126 1121 cum
1174 1060 1590 1136 mandragorae
1632 1061 1837 1121 malum
1881 1070 2215 1137 gustavere,

214 1145 491 1206 formicas
514 1146 782 1206 lambunt.
846 1164 1059 1206 cervos
1100 1145 1284 1205 herba
1316 1144 1509 1222 cinare
1539 1146 1838 1204 venenatis
1867 1144 2095 1221 pabulis
2125 1163 2215 1203 re·
2251 1200 2258 1202 A

216 1232 383 1290 sistit.
450 1230 789 1309 palumbes,
821 1231 1079 1309 graculi,
1113 1228 1405 1302 merulae,
1449 1229 1722 1306 perdices
1770 1229 1915 1289 lauri
1946 1229 2089 1289 folio
2119 1246 2213 1288 an-

216 1332 384 1373 nuum
402 1314 689 1374 fastidium
714 1323 980 1393 purgant,
1008 1313 1335 1386 columbae,
1357 1321 1608 1372 turtures
1626 1323 1686 1372 et
1700 1313 2015 1388 gallinacei
2034 1311 2217 1380 herba

143 1425 197 1467 15
214 1416 366 1479 quae
396 1408 642 1458 vocatur
673 1399 927 1459 helxine.
973 1407 1211 1473 anates,
1244 1414 1484 1457 anseres
1518 1407 1871 1474 ceteraeque
1914 1398 2215 1473 aquaticae

217 1483 396 1547 herba
427 1483 685 1542 siderite.
717 1501 895 1560 grues
916 1492 976 1541 et
1014 1482 1232 1541 similes
1262 1483 1432 1540 iunco
1466 1480 1727 1558 palustri.
1769 1496 1980 1538 corvos
2015 1481 2214 1538 occiso

218 1566 654 1642 chamaeleone,
672 1570 783 1645 ‚qui
827 1569 997 1627 etiam
1039 1567 1247 1625 victori
1290 1574 1498 1638 nocet,
1537 1564 1699 1624 lauro
1734 1563 2004 1623 infectum
2059 1566 2213 1622 virus

219 1653 549 1727 exstinguit.

345 1733 442 1793 28.
477 1734 642 1815 (42.)
691 1735 845 1796 Milia
876 1745 1207 1814 praeterea,
1252 1743 1456 1812 utpote
1489 1751 1617 1792 cum
1660 1732 1937 1809 plurumis
1967 1733 2175 1792 anima·
2202 1741 2301 1796 102

141 1843 198 1884 πο
215 1818 366 1879 libus
390 1819 595 1881 eadem
617 1831 817 1897 natura
847 1839 1039 1880 rerum
1064 1818 1214 1880 caeli
1240 1836 1472 1898 quoque
1499 1816 1967 1879 observationem
1993 1825 2050 1876 et
2078 1836 2215 1876 ven-

217 1913 430 1988 torum,
463 1906 744 1979 imbrium,
778 1914 1181 1983 tempestatum
1204 1904 1512 1982 praesagia
1545 1903 1657 1962 alia
1689 1902 1805 1962 alio
1838 1901 2009 1961 modo
2040 1901 2215 1961 dede-

216 1989 320 2062 rit,
364 1988 518 2066 quod
560 1991 835 2067 persequi
876 1991 1192 2048 inmensum
1227 1998 1351 2063 est,
1404 2005 1589 2064 aeque
1620 1987 1849 2046 ‘scilicet
1878 2003 2045 2064 quam
2080 1986 2214 2044 reli-

215 2090 384 2151 quam
420 2092 545 2131 cum
575 2074 816 2151 singulis
843 2074 1130 2133 hominum
1155 2073 1513 2131 societatem.
1563 2071 1845 2149 siquidem
1870 2078 1925 2127 et
1957 2069 2216 2146 pericula

215 2167 592 2233 praemonent
614 2175 726 2216 non
753 2157 913 2216 fibris
942 2157 1115 2217 modo
1148 2158 1438 2232 extisque,
1474 2155 1629 2214 circa
1660 2153 1813 2233 quod
1833 2171 2037 2228 magna
2068 2170 2216 2210 mor-

142 2237 408 2306 25taliur⁸n
441 2242 632 2319 portio
667 2242 899 2315 haeret,
941 2242 1047 2301 sed
1072 2239 1185 2299 alia
1233 2239 1477 2317 quadam
1513 2238 1952 2315 significatione.
2002 2237 2178 2294 ruinis
2198 2245 2302 2297 103

216 2326 617 2385 inminentibus
648 2326 888 2385 musculi
919 2325 1340 2404 praemigrant,
1377 2323 1572 2382 aranei
1603 2328 1730 2380 cum
1760 2321 1893 2380 telis
1924 2321 2090 2397 primi
2122 2338 2214 2379 ca-

214 2409 369 2468 dunt.
436 2412 672 2487 auguria
702 2410 930 2488 quidem
962 2420 1145 2469 artem
1175 2408 1377 2468 fecere
1408 2406 1559 2484 apud
1593 2405 1885 2466 Romanos
1917 2413 1974 2463 et
2021 2422 2214 2464 sacer-

215 2493 410 2553 dotum
464 2495 775 2571 collegium
816 2494 912 2553 vel
952 2511 1213 2552 maxume
1256 2492 1558 2569 sollemne.
1618 2500 1709 2548 est
1762 2491 1911 2549 inter
1954 2505 2023 2547 ea
2066 2488 2215 2546 locis

214 2569 534 2653 rigentibus
560 2588 619 2638 et
640 2579 872 2656 volpes,
899 2576 1105 2637 animal
1137 2577 1351 2652 alioqui
1383 2575 1642 2635 sollertia
1669 2574 1867 2633 dirum.
1903 2573 2080 2632 amnis
2111 2591 2215 2647 ge-

139 2661 367 2723 solatos
412 2662 691 2741 lacusque
732 2664 956 2721 nonnisi
999 2661 1069 2720 ad
1114 2663 1237 2719 eius
1291 2661 1426 2718 itum
1481 2658 1842 2736 reditumque
1903 2665 2214 2715 transeunt.

214 2745 584 2805 observatum
619 2764 744 2806 eam
785 2764 922 2805 aure
968 2746 1040 2804 ad
1073 2746 1334 2821 ,glaciem
1377 2744 1639 2822 adposita
1684 2743 2017 2801 coniectare
2057 2756 2212 2798 cras-

216 2830 515 2889 situdinem
546 2832 735 2908 geluS.

341 2914 440 2974 29.
492 2915 656 2993 (43.)
702 2914 829 2973 Nec
847 2915 1029 2973 minus
1087 2915 1246 2973 clara
1291 2913 1429 2971 exiti
1475 2912 1818 2970 documenta
1854 2918 1982 2967 sunt
2013 2909 2182 2966 etiam
2199 2915 2301 2968 104

218 3000 650 3058 contemnendis
685 2998 1041 3057 animalibus,
1097 2997 1172 3055 M.
1216 2997 1403 3054 Varro
1463 3004 1662 3054 auctor
1715 2994 1804 3052 es't
1863 3011 1894 3052 a
1938 2991 2214 3052 cuniculis

106 3119 117 3131 .
143 3103 196 3144 35
216 3082 548 3141 subfossum
577 3085 632 3141 in
662 3083 935 3161 Hispania
966 3083 1262 3159 oppidum,
1300 3098 1330 3139 a
1365 3080 1537 3156 talpis
1569 3081 1624 3137 in
1653 3076 1977 3149 Thessalia,
2020 3075 2091 3134 ab
2124 3094 2212 3134 ra-

212 3168 302 3225 nis
353 3168 643 3226 civitatem
698 3169 755 3225 in
813 3166 997 3227 Gallia
1021 3166 1276 3244 pulsam,
1336 3164 1407 3223 ab
1472 3163 1715 3222 locustis
1756 3162 1812 3220 in
1860 3161 2093 3232 Africa,
2142 3177 2217 3218 ex

215 3250 410 3324 Gyaro
455 3250 769 3325 Cycladum
811 3250 996 3310 insula
1038 3249 1264 3309 incolas
1305 3266 1335 3307 a
1364 3248 1621 3307 muribus
1655 3246 1922 3323 fugatos,
1967 3246 2023 3303 in
2053 3242 2216 3313 Italia

217 3336 529 3394 Amunclus
568 3353 598 3394 a
645 3335 1013 3413 serpentibus
1045 3335 1289 3395 deletas
1358 3332 1501 3391 citra
1533 3329 1923 3408 Cynamolgos
1974 3326 2212 3387 Aethio·
