2320 3650
504 100 878 147 NA'r..ms²r.
912 100 959 146 1.
1009 84 1204 169 (xxx.
1238 100 1430 146 xxxl.
1463 89 1720 165 xxxu.)
2071 87 2152 145 55

156 256 388 317 marinis
428 251 721 313 XXVIIII.
784 252 921 331 quid
968 254 1152 331 prosit
1195 252 1515 328 navigatio,
1543 252 1614 310 V.
1675 252 1819 332 (34)
1854 251 2155 324 Quomodo

157 340 370 401 mariua
401 354 553 416 aqua
581 338 639 396 in
669 337 1092 396 mediterraneo
1125 335 1311 414 possit
1340 335 1489 409 lieri,
1545 336 1688 413 (35)
1720 335 2010 414 quomodo
2034 334 2155 395 tha·

156 421 479 496 lassomeli,
535 420 680 499 (36)
705 420 998 498 quomodo
1020 417 1365 495 hydromeli.
1421 418 1565 497 (37)
1583 417 1925 489 ¹Remedium
1956 426 2155 478 contra

155 505 505 586 peregrinas
536 521 736 581 aquas.
806 501 949 582 (38)
962 516 971 528 ⁵
989 502 1081 563 Ex
1111 518 1313 561 musco
1345 502 1666 561 medicinae
1695 500 1795 561 VI.
1832 500 2154 562 Medicinae

113 609 232 655 sex
259 588 522 648 harenis.
595 586 904 666 (39—45)
940 586 1030 646 De
1064 586 1203 645 salis
1244 585 1561 659 generibus
1605 594 1663 643 et
1706 585 2057 645 confecturis
2098 594 2159 643 et

152 671 459 733 medicinis
487 669 934 729 observationes
965 667 1172 729 ccun
1214 662 1360 752 (40.
1398 669 1470 728 de
1503 669 1701 727 muria.
1772 668 1873 727 41.
1913 669 1985 728 de
2018 668 2158 728 salis

152 755 499 817 auctoritate
530 751 806 812 historica
839 750 1014 811 CXX.
1067 750 1167 811 42.
1201 752 1313 811 flos
1341 752 1482 811 salis
1509 750 1640 826 XX,
1670 751 1904 827 salsugo
1936 750 2007 810 11.
2052 750 2154 811 43.

153 840 229 902 de
273 854 425 914 garo
468 834 600 897 XV.
662 836 763 895 44.
806 836 878 895 de
921 836 1089 896 alece
1132 834 1285 895 VIII.
1351 835 1451 894 45.
1499 836 1572 895 de
1613 843 1814 895 natura
1870 834 2027 893 salis.
2083 833 2156 892 de

93 1022 139 1064 ι.
153 938 365 1066 Ἑὲΐῑῖ
391 912 2156 1083 ἰῗὲἱὶι.ἕῑῖῗ.ἒ.”ἕο“ῗέἷέιῗθῖἕέ3”ὒέθζέἒὲξὲῗέᾚαῖἱῖἷίἒὲ

155 1098 216 1150 et
256 1086 710 1149 ohservationes
752 1082 930 1144 xcn.
992 1085 1248 1145 Summa:
1313 1085 1632 1145 medicinae
1678 1094 1736 1144 et
1776 1085 2054 1146 historiae
2100 1094 2159 1144 et

130 1173 607 1233 ‘ohservationes
636 1165 1131 1230 Dccccxxml.
1169 1167 1179 1183 ⁶

277 1254 372 1314 Ex
403 1252 767 1313 auctoribus:
811 1251 888 1311 Μ.
919 1252 1206 1326 Varrone,
1242 1249 1446 1311 Cassio
1471 1251 1804 1326 Parmense,
1844 1250 2154 1326 Cicerone,

151 1337 459 1411 Muciano,
499 1334 738 1411 Caelio,
773 1333 986 1410 Celso,
1023 1335 1255 1412 Trogo,
1290 1333 1521 1410 Ovidio,
1555 1335 1823 1410 Polybio,
1864 1334 2153 1394 Sornatio.

89 1436 137 1477 ιδ
152 1420 465 1481 Externis:
505 1418 881 1493 callimache,
916 1417 1132 1494 Ctesia,
1153 1417 1401 1494 Eudico,
1429 1418 1858 1496 Theophrasto,
1883 1417 2154 1491 Eudoxo,

154 1505 574 1582 Theopompo,
619 1502 943 1576 Polycrito,
974 1501 1152 1578 Iuba,
1188 1500 1378 1577 Lyco,
1411 1501 1679 1578 Apione,
1712 1500 2014 1580 Epigene,
2048 1500 2154 1560 Pe-

152 1587 328 1666 lope,
366 1586 619 1663 Apelle,
653 1585 1021 1660 Democrito,
1070 1583 1411 1661 Thrasyllo,
1459 1583 1784 1659 Nicandro,
1837 1582 2152 1644 Menandro

151 1670 469 1745 comoedo,
501 1668 719 1748 Attalo,
752 1669 1023 1730 Sallustio
1055 1668 1361 1746 Dionysio,
1395 1668 1651 1745 Andrea,
1684 1667 1981 1744 Nicerato,
2016 1667 2152 1746 Hip·

152 1762 422 1835 pocrate,
452 1752 758 1812 Anaxilao.
1263 1758 1268 1763 ’

86 1855 137 1896 20
276 1837 455 1897 Libro
486 1835 723 1897 XXXII.
763 1837 1124 1896 continentur
1154 1835 1480 1897 medicinae
1513 1854 1590 1895 ex
1622 1836 1988 1915 aquatilibus.
2047 1837 2149 1915 (1)

149 1923 383 1982 Summa
421 1929 659 1980 naturae
703 1920 792 1978 vis
841 1921 900 1979 in
930 1920 1268 1997 antipathia.
1320 1921 1393 1980 de
1428 1919 1750 1979 echeneide
1785 1920 1869 1995 II,
1939 1919 2040 1999 (2)
2078 1920 2150 1980 de

148 2003 462 2082 torpedine
491 2002 619 2077 VH,
674 2001 776 2082 (3)
810 2003 884 2064 de
919 2002 1126 2080 lepore
1157 2002 1377 2062 mariun
1410 2002 1482 2062 V.
1537 2003 1642 2081 (4)
1675 2002 1957 2063 Mirabilia
1991 2002 2151 2062 rubri

148 2087 341 2148 maris.
418 2084 647 2164 (5—9)
699 2085 790 2146 De
846 2086 1093 2163 ingeniis
1142 2086 1405 2164 piscium.
1467 2088 1859 2166 proprietates
1911 2088 2152 2165 piscium

148 2169 452 2234 mirabiles
484 2162 587 2253 (7.
626 2168 723 2230 ubi
773 2187 850 2229 ex
891 2187 1060 2229 manu
1102 2170 1307 2245 edant,
1362 2167 1418 2230 8.
1462 2170 1562 2230 ubi
1610 2186 1896 2247 responsa
1948 2170 2155 2230 dentur

84 2273 226 2314 aex
251 2252 548 2331 piscibus,
601 2251 700 2311 uhi
748 2269 960 2312 vocem
1001 2262 1353 2329 agnoscant,
1407 2253 1465 2312 9.
1503 2252 1601 2312 ubi
1629 2254 1807 2314 amari
1856 2254 1997 2329 sint,
2055 2253 2152 2313 uhi

148 2338 307 2411 salsi,
344 2335 444 2395 uhi
472 2334 697 2411 dulces,
731 2335 831 2395 ubi
858 2352 973 2395 non
1002 2331 1202 2419 muti).
1263 2335 1408 2415 (10)
1436 2336 1678 2409 Quando
1710 2338 1911 2396 marini
1952 2337 2153 2415 pisces

148 2420 202 2479 in
232 2438 341 2480 usu
371 2418 436 2478 P.
471 2417 541 2477 R.
577 2437 712 2477 esse
746 2419 1069 2497 coeperint.
1133 2419 1355 2479 Numae
1384 2422 1547 2496 regis
1590 2420 1921 2480 constitutio
1961 2421 2033 2480 de
2064 2422 2148 2495 pi·

147 2503 366 2563 scihus.
430 2501 577 2581 (11)
611 2501 704 2561 De
749 2502 968 2562 curalio
1007 2503 1332 2573 medicinae
1380 2511 1440 2562 et
1472 2502 1918 2564 observationes
1949 2502 2146 2562 XLIII.

147 2604 282 2646 esse
312 2594 380 2645 et
408 2586 673 2645 locorum
702 2585 1079 2663 sympathiam
1110 2596 1171 2645 et
1200 2585 1587 2665 antipathiam.
1639 2588 1935 2665 pastinaca
1966 2585 2145 2645 v1111.

83 2669 292 2748 ³⁰(12)
315 2668 411 2744 De
478 2669 495 2700 *⁶
533 2667 730 2729 cordia
761 2670 912 2728 inter
942 2687 1007 2728 se
1038 2670 1418 2745 marinorum,
1451 2670 1627 2746 galeo
1653 2669 1782 2745 XV,
1817 2670 1995 2729 mullo
2020 2659 2146 2728 XV.

145 2753 276 2831 (13.
316 2752 427 2831 14)
517 2770 551 2810 e
580 2749 651 2810 iis
683 2752 892 2830 quibus
920 2753 979 2811 in
1008 2770 1155 2831 aqua
1191 2762 1250 2812 et
1281 2754 1337 2812 in
1368 2761 1526 2813 terra
1560 2755 1751 2812 victus
1782 2762 1889 2812 est.
1950 2754 2024 2813 de
2055 2769 2146 2812 ca-

141 2836 360 2896 storeis
400 2834 725 2894 medicinae
757 2844 825 2895 et
864 2835 1311 2916 observationes
1340 2835 1497 2911 LVI,
1564 2835 1709 2915 (14)
1756 2836 1829 2895 de
1861 2835 2148 2896 testudine

140 2918 470 2979 medicinae
513 2927 574 2977 et
617 2916 1061 2979 observationes
1089 2918 1304 2994 LXVI,
1372 2919 1516 2999 (16)
1558 2928 1755 2980 aurata
1785 2918 1923 2993 IIII,
1979 2919 2149 2979 stella

140 3003 360 3063 marina
406 3000 553 3078 VII,
619 3001 763 3079 (17)
823 3002 1078 3062 dracone
1131 3004 1352 3062 marino
1398 3002 1512 3079 111,
1572 3003 1922 3062 salsamento
1963 3000 2147 3076 XXV,

77 3086 332 3146 assat-dis
364 3084 411 3145 I.
463 3083 653 3158 cybia.
718 3082 863 3164 (18)
896 3084 1055 3145 Rana
1089 3087 1306 3146 marina
1335 3085 1450 3161 VI,
1497 3086 1806 3146 fluviatiles
1837 3086 1967 3162 LII,
2011 3105 2149 3147 rana

138 3168 367 3229 rubeta.
424 3166 874 3227 ohservationes
908 3168 1065 3229 circa
1104 3185 1211 3229 eas
1251 3167 1491 3228 XXXII.
1560 3169 1704 3249 (19)
1739 3170 2014 3245 enhydris
2039 3171 2147 3243 VI,

138 3252 337 3312 cancri
372 3250 686 3312 fluviatiles
708 3249 890 3326 XIIII,
938 3253 1131 3311 cancri
1157 3252 1360 3311 marini
1386 3244 1525 3327 VII,
1568 3255 1810 3314 cocleae
1839 3254 2149 3314 fluviatiles

136 3334 263 3413 VII,
289 3334 554 3399 coracini
569 3332 696 3413 1111,
721 3333 909 3395 Porco
933 3335 1099 3413 pisce
1114 3334 1188 3411 II,
1217 3333 1359 3414 (20)
1376 3336 1555 3397 vitulo
1577 3339 1793 3397 marino
1813 3336 1888 3412 X,
1913 3352 2146 3396 murena
