2320 3650
131 88 254 152 228
865 103 925 152 c.
962 104 1152 152 rum
1183 100 1482 152 socnam

68 258 400 318 asadiacens
457 274 650 317 verum
703 266 767 317 et·
807 257 1121 317 meridiano
1173 257 1327 334 quod
1369 255 1625 316 Indicum
1683 254 2132 339 appellavimus,
2225 252 2234 263 “

130 358 396 419 quaeque
445 358 578 418 pars
632 341 839 401 orienti
889 342 1134 402 adversa
1177 349 1339 400 recto
1386 322 1779 418 pra&endimr
1822 342 2011 419 spatio
2054 341 2136 402 ad

129 425 341 484 flexum
383 434 441 484 et
485 426 642 486 initio
689 423 870 484 Indici
908 425 1078 484 maris
1123 442 1312 491 Xv111.
1343 422 1552 485 LXXV
1594 421 1651 482 M
1692 418 1960 501 passuum
2004 425 2133 485 col·

129 508 273 584 ligit.
319 508 528 568 deinde
561 527 671 588 qua
696 508 945 568 flectitur
973 509 1030 566 in
1061 510 1360 570 meridiem
1388 523 1593 573 xxllu.
1626 505 1834 567 LXXV
1854 505 1912 566 Μ
1942 508 2131 586 passu,

129 602 192 651 ut
234 590 654 653 Eratosthenes
694 592 899 668 tradit,
944 609 1129 669 usque
1175 593 1246 653 ad
1292 590 1488 652 Indum
1529 609 1749 655 amnem
1781 593 1877 670 qui
1921 601 2011 651 est
2055 591 2183 654 abs

45 687 113 740 57
140 676 443 735 occidente
488 677 615 735 finis
645 676 861 755 Indiae.
946 672 1273 754 conplures
1304 686 1493 737 autem
1523 684 1697 735 totam
1726 676 1907 753 ipsius
1943 675 2134 752 longi-

128 759 378 821 tudinem
407 758 504 819 XL
544 761 763 820 dierum
798 759 1164 837 noctiumque
1195 760 1429 820 velifico
1470 760 1696 818 navium
1737 775 1908 839 curvi
1936 759 2136 818 det-er·

127 844 443 919 minavere,
471 852 530 902 et
560 861 591 902 a
616 842 1010 919 septentrione
1041 843 1114 903 ad
1137 844 1437 905 meridiem
1462 857 1680 908 XXVIII
1706 840 1819 901 LM
1836 858 2133 920 passuum.

130 927 390 1005 Agrippa
421 926 792 1002 longitudinis
823 927 1088 1003 ’Χ-ῑζῇῑῑ,
1121 924 1943 1005 latitudinis‘i'iz’i‘ffprodidit.
2019 926 2135 985 Po-

131 1011 386 1070 sidonius
419 1009 491 1069 ab
523 1010 925 1070 aestivo'solis
969 1020 1095 1091 ortu
1138 1011 1212 1072 ad
1243 1011 1543 1071 hibernum
1575 1018 1840 1071 exortum
1874 1014 2133 1070 'metatus
2154 1025 2211 1067 ιο

132 1102 222 1154 est
252 1110 398 1167 eam,
444 1092 745 1153 adversam
778 1093 1015 1154 Galliam
1057 1102 1334 1170 statuens,
1384 1112 1554 1174 quam
1583 1093 1656 1155 ab
1690 1094 1996 1155 occidente
2030 1109 2134 1153 ae·
2155 1090 2160 1115 ³

131 1179 280 1236 stivo
328 1175 400 1236 ad
444 1177 804 1237 occidentem
844 1178 1143 1239 hibernum
1183 1178 1503 1241 metabatur
1551 1185 1730 1239 totam
1782 1196 1816 1238 a
1868 1176 2130 1238 favonio·

131 1263 325 1338 itaque
356 1260 659 1337 adversam
685 1261 811 1320 eius
833 1263 990 1322 venti
1015 1262 1226 1323 adflatu
1259 1254 1443 1322 i'uvari
1472 1260 1687 1322 Indiam
1716 1259 2132 1338 salubremque

45 1354 114 1408 58
138 1344 260 1404 fieri
291 1343 425 1405 haut
456 1344 626 1415 dubia
664 1346 887 1406 ratione
919 1346 1131 1406 docuit.
1224 1345 1356 1406 Alia
1385 1345 1541 1406 illius
1573 1345 1724 1406 caeli
1765 1344 1985 1419 facies,
2030 1343 2133 1404 alii

130 1429 379 1490 siderum
421 1438 613 1505 ortus,
660 1428 831 1490 binae
870 1438 1124 1490 aestates
1163 1430 1221 1488 in
1252 1445 1433 1504 enac,
1478 1429 1648 1489 binae
1681 1445 1908 1488 messes
1937 1427 2130 1487 media
2153 1441 2206 1485 ιε

128 1514 276 1571 inter
316 1512 447 1572 illas
490 1511 679 1572 hieme
723 1514 1029 1573 etesiarum
1071 1513 1241 1587 flatu,
1297 1521 1494 1572 nostra
1538 1529 1687 1572 vero
1724 1511 1922 1572 bruma
1956 1510 2131 1571 leues

129 1594 210 1655 ibi
238 1613 446 1671 aurae,
491 1612 649 1655 mare
691 1597 1037 1673 navigabile.
1105 1604 1315 1672 gentes
1357 1605 1415 1656 et
1453 1594 1633 1658 urbes
1668 1612 1848 1674 quam
1873 1595 2131 1663 innume·

128 1697 262 1753 rae,
308 1680 355 1738 si
391 1681 517 1757 quis
560 1681 742 1738 omnis
778 1681 1053 1759 persequi
1083 1680 1243 1751 velit.
1311 1680 1522 1761 etenim
1558 1679 1847 1758 patefacta
1896 1686 1983 1738 est
2014 1695 2134 1737 non

126 1762 299 1821 modo
328 1762 648 1823 Alexandri
676 1761 867 1840 Magni
898 1764 1068 1823 armis
1099 1758 1547 1843 regumque'qui
1589 1769 1973 1839 successere,
2004 1763 2131 1832 xcir·

129 1848 448 1906 cumvectis
491 1848 658 1906 etiam
693 1848 749 1904 in
782 1846 1126 1922 Hyrcanium
1170 1866 1329 1908 mare
1373 1856 1431 1908 et
1461 1846 1734 1927 Caspium
1769 1845 2023 1907 Seleuco
2069 1856 2208 1906 etzo

129 1929 417 1989 Antiocho
474 1929 894 2008 praefectoque
951 1930 1155 1990 classis
1213 1949 1413 1991 eorum
1454 1931 1760 2006 Patrocle,
1815 1933 2016 1990 verum
2069 1940 2134 1990 et

128 2013 260 2072 aliis
308 2013 647 2073 auctoribus
693 2012 966 2090 Graecis,
1022 2016 1119 2093 qui
1177 2033 1303 2076 cum
1351 2015 1591 2093 regibus
1639 2013 1851 2075 Indicis
1898 2013 2129 2088 morati,

130 2098 278 2155 sicut
305 2094 717 2173 Megasthenes
761 2106 820 2159 et
852 2097 1164 2174 Dionysius
1195 2116 1227 2159 a
1257 2097 1636 2178 Philadelpho
1666 2099 1902 2174 missus,
1943 2114 2021 2157 ex
2057 2114 2134 2157 ea

45 2192 115 2247 59
134 2198 307 2241 causa
336 2181 473 2239 viris
505 2197 737 2259 quoque
767 2182 1020 2258 gentium
1050 2181 1388 2261 prodidere.
1483 2182 1615 2242 Non
1643 2191 1833 2242 tamen
1873 2189 1963 2240 est
1999 2180 2130 2240 dili-

44 2293 53 2296 ,
129 2264 361 2341 gentiae
393 2264 580 2341 locus,
623 2264 771 2325 adeo
805 2266 1033 2327 diversa
1069 2275 1126 2327 et
1157 2264 1520 2327 incredibilia
1549 2265 1863 2328 traduntur.
1944 2263 2129 2325 Alex·-
2150 2271 2205 2311 ²⁵

2311 2383 2312 2436 1

130 2346 292 2407 andri
324 2345 514 2424 Magni
545 2349 785 2409 comites
815 2350 873 2408 in
914 2368 987 2410 eo
1018 2358 1204 2410 tractu
1233 2349 1430 2411 Indiae
1463 2366 1633 2429 quem
1662 2348 1834 2409 armis
1872 2347 2128 2425 subege-

126 2440 256 2491 runt
287 2432 642 2509 scripserunt
661 2432 715 2491 V
737 2432 888 2493 milia
920 2428 1264 2513 oppidorum
1292 2433 1497 2508 fuisse,
1523 2432 1739 2495 nullum
1764 2429 1889 2491 Coo
1920 2431 2128 2506 minus,

127 2514 385 2592 gentium
426 2513 621 2591 V1111‚
676 2514 1010 2595 Indiamque
1077 2518 1305 2578 tertiam
1354 2525 1579 2596 partem
1644 2533 1779 2576 esse
1842 2524 2128 2575 terrarum

52 2604 56 2610 '
131 2598 411 2680 omnium,
450 2598 859 2660 multitudinem
887 2600 1233 2679 populorum
1263 2601 1632 2677 innumeram,
1664 2598 1955 2678 probabili
1983 2615 2128 2657 sane

125 2683 370 2751 ratione.
463 2680 587 2743 Indi
621 2684 768 2744 enim
804 2686 1059 2761 gentium
1089 2701 1279 2763 prope
1314 2685 1427 2745 soli
1467 2701 1767 2761 numquam
1796 2684 2126 2759 migravere
2148 2688 2230 2744 30'
2303 2743 2304 2772 ¹

129 2766 336 2827 finibus
393 2767 533 2826 suis.
629 2767 974 2844 colliguntur
1028 2785 1061 2828 a
1110 2767 1325 2829 Libero
1372 2768 1546 2829 Patre
1610 2767 1680 2828 ad
1733 2764 2127 2826 Alexandrum

126 2848 392 2927 Magnum
422 2868 599 2927 reges
633 2859 831 2911 eorum
861 2849 1055 2927 CLIII,
1099 2852 1261 2912 annis
1292 2850 1375 2912 vl
1413 2851 1529 2913 mil.
1569 2847 1841 2911 ccccm
1874 2848 2129 2910 adiciunt

43 2943 114 2998 60
136 2942 195 2993 et
224 2952 453 2994 menses
484 2932 582 2993 111.
659 2934 920 2996 Amniu'm
948 2937 1087 2995 mira
1121 2936 1381 2996 vastitas.
1437 2935 1699 3014 proditur
1731 2932 2127 2994 Alexandrum

129 3016 286 3077 nullo
331 3018 422 3077 die
473 3019 654 3080 minus
693 3018 873 3079 stadia
921 3014 1024 3078 DC
1067 3020 1374 3095 navigasse
1416 3020 1474 3078 in
1514 3017 1655 3078 Indo
1704 3034 1814 3077 nee
1858 3014 2123 3095 potuisse

128 3184 404 3243 minorem
456 3182 655 3261 Gange
719 3204 857 3245 esse
917 3193 1163 3246 constat.
1266 3187 1495 3248 Seneca
1563 3186 1734 3246 etiam
1797 3182 1948 3263 apud
2016 3199 2126 3242 nos

66 3317 71 3320 .
127 3275 401 3343 temptata
463 3266 658 3327 Indiae
728 3269 1209 3329 commentatione
1266 3267 1367 3329 Lx
1424 3270 1604 3329 amnis
1662 3270 1786 3329 eius
1845 3265 2124 3347 prodidit,

127 3350 317 3424 gentis
348 3345 603 3409 cxvm.
705 3351 814 3412 Par
844 3351 1011 3420 labos
1047 3354 1117 3412 sit
1150 3353 1358 3412 montis
1391 3369 1749 3422 enumerare.
1821 3354 2127 3428 iunguntur

2289 3043 2298 3126 4

129 3109 261 3160 ante
301 3117 533 3160 menses
563 3101 617 3160 V
656 3103 966 3179 enavigare
1011 3101 1252 3163 adiectis
1297 3102 1500 3182 paucis
1544 3101 1787 3178 diebus,
1827 3108 1892 3164 ,et
1932 3106 2198 3162 umen&
2295 3133 2296 3158 η

2287 3213 2294 3360 ,Γ

2271 3491 2288 3578 4

2303 2651 2306 2708 1
