2320 3650
28 3464 35 3507 l

160 88 277 149 172
902 100 963 147 c.
998 95 1190 148 Pmm
1222 98 1521 148 smmum
1550 137 1555 138 γ

155 256 356 315 forma.
422 250 615 315 Medio
645 254 800 316 flexu
830 254 1081 332 iungitur
1108 253 1261 314 ostio
1291 252 1528 315 Maeotii
1559 252 1738 315 lacus.
1806 251 2152 318 Cimmerius

73 349 138 406 77
153 341 450 418 Bosporus
479 339 538 399 id
568 356 635 399 os
664 347 924 415 vocatur,
960 337 1128 398 MMD
1164 356 1320 418 pass.
1354 337 1666 400 latitudine.
1721 337 1800 397 At
1829 340 1980 399 inter
2001 340 2151 401 duos

71 455 78 460 ·
151 424 453 502 Bosporos
490 421 795 484 Thracium
836 432 896 483 et
925 420 1291 482 Cimmerium
1334 422 1556 483 directo
1595 440 1813 498 cursu,
1840 432 1904 482 ut
1945 435 2153 485 auctor

68 936 137 991 78

91 1937 139 1972 ⁴⁴

90 1980 137 2014 45

72 2031 139 2086 79

73 3291 144 3345 80

153 516 244 567 est
271 506 575 582 Polybius,
617 506 669 567 D
698 506 758 566 Μ
789 525 945 585 pass.
980 508 1277 566 intersunt.
1330 508 1569 566 circuitu
1597 523 1744 566 vero
1772 508 1951 574 totius
1984 507 2151 569 Ponti

151 592 372 651 viciens
396 590 579 651 semel
604 591 907 651 centenaL
919 591 998 667 M,
1019 598 1083 649 ut
1106 598 1309 652 auctor
1329 598 1420 649 est
1440 589 1627 650 Varro
1651 598 1711 650 et
1734 590 1863 650 fere
1885 602 2145 652 veteres.
2176 605 2205 644 ⁵

149 673 354 753 Nepos
401 672 707 735 Cornelius
755 672 951 735 CCCL
979 673 1147 733 -mili‘a
1196 675 1404 750 adicit,
1445 673 1846 734 Artemidorus
1882 690 2146 744 xxvlllt.

151 756 367 819 XVIIII
408 757 466 818 Μ
509 759 681 834 facit,
729 758 992 838 Agrippa
1035 775 1226 825 xxm.
1269 754 1369 816 LX
1401 758 1555 833 mih,
1599 756 1894 818 Mucianus
1935 775 2148 828 xxnu.

149 840 314 902 XXV
341 841 419 902 M.
474 842 655 902 Simili
685 843 854 902 modo
885 842 957 903 de
981 842 1255 921 Europae
1286 841 1472 902 latere
1500 851 1825 902 mensuram
1854 842 1952 902 alii
1982 845 2149 910 ffi

150 923 440 986 LXXVIII
454 925 573 985 MD
599 927 1083 1003 determinavere,
1116 928 1212 987 alii
1237 926 1331 995 Χῖ
1344 923 1553 987 LXXII
1576 926 1749 985 milia.
1776 924 1851 986 Μ.
1868 927 2059 987 Varro
2079 928 2151 988 ad

149 1010 301 1069 hunc
332 1010 561 1069 modum
590 1012 848 1071 metitur:
891 1009 983 1070 Ab
1016 1013 1167 1071 ostio
1192 1012 1354 1072 Ponti
1379 1009 1751 1088 Apolloniam
1781 1007 2152 1071 CLXXXVII
2169 1023 2222 1063 ¹0

148 1093 208 1153 M
234 1091 286 1152 D
321 1111 512 1171 pass.,
550 1091 813 1172 Callatim
841 1095 1202 1172 tantundem,
1246 1096 1318 1156 ad
1350 1095 1558 1154 ostium
1590 1093 1766 1153 Histri
1798 1091 2044 1171 CXXV,
2077 1095 2153 1155 ad

149 1177 550 1251 Borysthenen
603 1175 766 1238 CCL.
849 1176 1279 1239 Cherronesum
1333 1177 1810 1239 Heracleotarum
1873 1179 2154 1257 oppidum

154 1258 513 1321 CCCLXXV
546 1261 605 1322 Μ
634 1279 814 1341 pass.,
850 1262 921 1323 ad
952 1261 1394 1342 Panticapaeum
1427 1262 1583 1341 quod
1616 1262 1793 1340 aliqui
1822 1262 2151 1342 Bosporum

151 1353 382 1420 vocant,
416 1354 729 1424 extremum
759 1348 816 1406 in
845 1346 1119 1428 Europae
1152 1365 1276 1424 ora,
1311 1343 1522 1407 CCXII
1554 1344 1613 1405 M
1640 1344 1716 1422 D,
1750 1364 1901 1425 quae
1932 1365 2156 1407 summa

153 1429 332 1500 eflicit
358 1431 506 1496 ‘iu-ff
529 1428 806 1491 XXXVII
837 1429 896 1491 M
923 1429 997 1490 D.
1031 1430 1297 1510 Agrippa
1329 1449 1362 1491 a
1388 1430 1666 1505 ‘Byzantio
1707 1430 2026 1492 adfflumen
2053 1427 2152 1490 Hi·
2171 1448 2222 1489 15

151 1523 326 1573 strum
349 1513 521 1575 DLX.
546 1514 677 1576 inde
700 1513 1140 1593 Panticapaeum
1164 1513 1506 1575 DCXXXV.
1541 1513 1729 1574 Lacus
1751 1516 1879 1592 ipse
1904 1514 2156 1576 Maeotis

154 1597 385 1658 Tanaim
414 1616 635 1658 amnem
657 1616 731 1658 ex
752 1598 992 1677 Ripaeis
1014 1600 1302 1660 montibus
1322 1598 1669 1659 defluentem
1693 1600 2015 1677 accipiens,
2049 1616 2154 1659 no·

151 1683 442 1743 vissimum
472 1683 620 1742 inter
647 1681 943 1761 Europam
976 1682 1295 1763 Asiamque
1326 1682 1526 1759 finem,
1571 1684 1734 1751 ῑξῇῖῖ.
1768 1682 1851 1744 VI
1879 1700 2157 1761 passuum

153 1765 211 1827 M
254 1768 491 1828 circuitu
534 1775 737 1846 patere
785 1766 1041 1828 traditur.
1096 1768 1169 1830 ab
1217 1768 1344 1829 aliis
1390 1768 1478 1838 ἴςῖ,
1514 1766 1679 1828 XXV
1720 1767 1796 1829 Μ.
1858 1767 1953 1835 Ab
2000 1767 2153 1827 ostio

156 1853 279 1911 eius
312 1850 384 1911 ad
416 1850 630 1911 Tanais
653 1852 859 1911 ostium
890 1852 1113 1913 directo
1147 1870 1317 1913 cursu
1343 1849 1706 1912 CCCLXXV
1722 1851 1794 1912 M
1816 1870 1982 1931 pass.
2018 1861 2218 1912 essem

158 1943 413 2009 constat,
467 1934 712 1996 adcolae
758 1937 914 1996 sinus
956 1938 1083 1998 eius
1126 1939 1183 1996 in
1211 1939 1505 1998 mentione
1535 1935 1818 1998 Thraciae
1855 1937 1997 1996 dicti
2025 1942 2156 1995 sunt

155 2018 529 2098 Histropolim
559 2036 763 2098 usque.
824 2018 963 2083 Inde
995 2023 1142 2083 ostia
1172 2020 1367 2081 Histri.
1432 2020 1604 2080 Ortus
1634 2021 1727 2081 hic
1757 2021 1816 2079 in
1847 2019 2155 2081 Germania

152 2105 302 2181 iugis
349 2104 556 2163 montis
608 2102 891 2164 Abnobae
944 2120 1020 2165 ex
1070 2105 1319 2166 adverso
1364 2104 1598 2165 Raurici
1649 2103 1870 2169 Galliae
1929 2104 2154 2183 oppidi,

151 2188 341 2249 multis
369 2189 518 2248 ultra
544 2186 713 2267 Alpis
741 2188 969 2248 milibus
1000 2204 1069 2250 ac
1096 2207 1205 2268 per
1233 2191 1557 2249 innumeras
1588 2189 1786 2268 lapsus
1812 2189 2010 2265 'gentis
2038 2186 2154 2247 Da-

150 2273 282 2332 nuvi
306 2273 536 2333 nomine
556 2317 575 2348 ,
611 2273 870 2332 inmenso
901 2290 1177 2351 aquarum
1206 2283 1376 2334 auctu
1414 2281 1472 2333 et
1501 2273 1653 2337 unde
1692 2273 1937 2352 primum
1966 2271 2219 2347 Illyri-2⁵

3 2402 4 2409 κ
88 2432 97 2440 ¹
153 2375 283 2416 cum
323 2356 501 2418 adluit
543 2355 743 2417 Hister
782 2357 1140 2435 appellatuS,
1188 2356 1289 2418 LX
1321 2357 1578 2418 amnibus
1618 2352 1915 2435 receptis,
1961 2355 2154 2416 medio
2220 2352 2225 2367 ¹

152 2441 337 2500 ferme
368 2458 606 2501 numero
637 2457 836 2501 eorum
872 2440 1212 2518 navigabili,
1259 2442 1319 2500 in
1346 2441 1582 2502 Pontum
1614 2442 1792 2501 vastis
1835 2459 1948 2500 sex
1974 2439 2156 2501 flumi-

152 2524 321 2585 nibus
346 2524 653 2586 evolvitur.
713 2523 958 2585 Primum
991 2526 1199 2586 ostIum
1232 2524 1489 2600 Peuces,
1520 2542 1663 2603 mox⁸
1686 2527 1814 2602 ipsa
1843 2524 2045 2585 Peuce
2073 2524 2154 2583 in-

153 2609 299 2686 sula,
333 2627 365 2669 a
398 2618 508 2688 qu'a
533 2625 845 2688 proxumus
866 2609 1068 2669 alveus
1098 2608 1428 2689 appellatus
1450 2606 1668 2670 XVIIII
1688 2607 1748 2668 M
1765 2625 1924 2686 pass.
1948 2624 2156 2685 magna

153 2690 364 2773 palude
398 2693 686 2754 sorbetur.
734 2712 811 2754 ex
842 2693 1051 2753 eodem
1082 2690 1252 2753 alveo
1287 2702 1345 2753 et
1375 2711 1554 2772 super
1582 2691 1963 2771 Histropolim
1994 2692 2221 2752 lacusao

153 2779 403 2856 gignitur
430 2777 612 2839 LXIII
642 2777 878 2857 M'pass.
913 2777 1156 2853 ambitu,
1199 2776 1508 2853 Halmyrim
1548 2785 1776 2837 vocant.
1839 2776 2157 2837 secundum

156 2865 363 2924 ostium
392 2861 620 2922 Naracu
655 2871 837 2922 stoma
876 2860 1236 2940 appellatur,
1282 2863 1510 2923 tertium
1537 2858 1726 2923 Calon
1772 2869 1958 2921 stoma
2001 2862 2158 2921 iuxta

155 2947 394 3009 insulam
427 2947 827 3022 Sarmaticam,
874 2954 1132 3024 quartum
1162 2945 1620 3006 Pseudostomon
1650 2953 1707 3005 et
1737 2944 1924 3006 insula
1960 2942 2156 3004 Cono-

155 3048 274 3110 pon
296 3030 581 3107 diabasis,
618 3034 828 3109 postea
860 3029 1091 3090 Boreon
1127 3038 1312 3090 stoma
1347 3029 1635 3090 et‘Psilon
1671 3038 1873 3089 stoma.
1928 3028 2159 3106 siugnla

155 3125 345 3174 autem
376 3131 477 3174 ora
507 3123 661 3175 tanta
692 3123 820 3174 sunt
859 3123 921 3174 ut
952 3113 1228 3193 prodatur
1267 3116 1325 3173 in
1351 3111 1449 3173 XL
1477 3113 1632 3173 milia
1667 3130 1938 3192 passuum
1967 3113 2155 3190 longi·
2173 3131 2222 3175 ss

156 3196 364 3257 tudinis
393 3197 545 3256 vinci
573 3216 731 3257 mare
763 3197 1105 3276 dulcemque
1134 3197 1397 3275 intellegi
1425 3195 1706 3257 haustum.

277 3279 443 3358 (25.)
486 3279 580 3338 Ab
626 3298 697 3339 eo
740 3283 796 3339 in
839 3282 937 3360 ple
1019 3299 1074 3339 m
1117 3282 1348 3359 quidem
1398 3298 1598 3341 omnes
1639 3278 1980 3356 Scytharum
2024 3288 2159 3339 sunt

160 3370 397 3441 gentes,
443 3363 639 3424 variae
681 3372 873 3425 tamen
920 3363 1075 3426 hori
1111 3364 1377 3445 adposita
1423 3374 1699 3442 tenuere,
1751 3364 1898 3426 alias
1948 3362 2156 3440 Getae,
