2320 3650
193 89 311 152 166
872 99 933 149 0.
965 99 1156 149 rum
1191 98 1489 148 saonam

190 274 320 317 eum
349 254 420 316 ab
446 254 687 316 dextera
729 264 894 333 parte
933 254 1187 315 Andrum
1226 252 1567 331 navigantes
1600 253 1674 315 ab
1703 253 1956 331 Achaia,
2000 253 2196 321 dirum

190 359 261 400 ac
300 339 656 419 pestiferum.
731 338 957 417 Aegaei
1009 358 1143 419 pars
1186 337 1417 414 Myrtoo
1479 339 1664 400 datur.
1702 339 2072 419 ‘appellatur
2116 338 2209 399 ab·

187 424 375 484 insula
409 441 586 503 parva
627 441 776 501 quae
822 425 1074 484 cernitur
1117 421 1513 484 Macedoniam
1545 440 1577 482 a
1608 421 1892 483 Geraesto
1937 424 2190 501 petenti-

186 508 295 568 bus
324 508 459 569 haut
497 507 703 587 procul
734 506 1013 568 Euboeae
1045 506 1311 582 Carysto.
1365 506 1605 566 Romani
1629 509 1814 567 omnia
1836 506 1990 567 haec
2010 508 2191 567 maria

186 591 410 652 duobus
441 591 770 652 »nominibus
819 591 1148 671 appellant,
1193 590 1628 674 Macedonicum
1661 605 2027 670 quacumque
2069 589 2188 652 Ma·
2211 609 2235 647 5

189 677 487 737 cedoniam
530 685 626 737 aut
661 674 976 736 *Threciam
1018 676 1276 753 attingit,
1321 674 1673 735 Graeciense
1722 693 1833 753 qua
1886 674 2188 735 Graeciam

189 760 384 822 adluit.
449 775 578 820 nam
625 758 831 820 Graeci
871 768 930 819 et
970 757 1188 842 Ionium
1219 758 1473 820 dividunt
1517 760 1573 818 in
1602 760 1857 819 Siculum
1894 777 1966 819 ac
2004 755 2184 818 Cr'eti·

191 864 321 905 cum
348 844 419 905 ab
451 844 675 919 insulis),
708 845 844 904 item
872 842 1116 903 Icarium
1152 843 1308 921 quod
1339 851 1430 902 est
1460 844 1611 903 inter
1633 844 1862 903 Samum
1893 852 1953 903 et
1988 842 2184 919 Myco-

106 929 340 1015 ⁸<imnum.
411 938 608 989 cetera
636 930 862 994 nomina
896 929 1054 987 sinus
1098 927 1317 987 dedere
1364 944 1511 1005 quos
1557 926 1820 987 diximus,
1888 965 1898 973 -

110 1025 180 1077 52
325 1011 420 1073 12.
457 1011 625 1092 (19.)
666 1010 742 1071 Et
781 1012 958 1073 maria
985 1011 1216 1092 quidem
1243 1020 1568 1090 gentesque
1610 1013 1668 1071 in
1704 1012 1880 1072 tertio
1914 1010 2186 1090 Europae
2202 1026 2247 1068 ιο

190 1100 324 1168 sinu
357 1096 428 1156 ad
459 1095 611 1156 hunc
648 1094 876 1156 modum
917 1114 984 1156 se
1025 1094 1271 1171 habent,
1309 1094 1531 1155 insulae
1560 1104 1778 1155 autem:
1816 1093 1909 1155 Ex
1938 1094 2185 1155 adverso

193 1180 579 1259 Thesprotiae
608 1197 641 1240 a
673 1178 951 1240 Buthroto
991 1177 1101 1239 XII
1139 1179 1294 1239 milia
1324 1196 1629 1258 passuum,
1661 1179 1866 1239 eadem
1895 1179 1967 1240 ab
2004 1178 2185 1240 Acro·

191 1263 1049 1428 332222¹¹21332¹53⁰25¹¹53533¹3
1063 1261 2187 1427 ⁰32232202225'3333333533053322
2238 1351 2244 1357 ·

192 1451 465 1514 passuum
505 1431 719 1493 XCVII
761 1432 880 1493 mil.
923 1434 981 1492 in
1013 1430 1426 1509 longitudinem
1464 1440 1703 1511 patens,
1747 1430 2006 1492 Homero
2040 1430 2247 1491 dictans

194 1518 437 1580 Scheria
470 1526 527 1579 et
549 1517 860 1593 Phaeacia,
903 1513 1261 1577 Callimacho
1302 1518 1473 1576 etiam
1504 1515 1806 1596 Drepane.
1842 1515 1851 1536 ¹
1879 1516 2038 1576 circa
2066 1531 2186 1574 eam

195 1602 437 1681 aliquot,
470 1601 576 1662 sed
607 1601 678 1661 ad
718 1599 937 1661 Italiam
964 1612 1236 1678 vergens
1254 1598 1578 1677 Othronos,
1608 1600 1678 1661 ad
1709 1598 2056 1660 Leucadiam
2087 1598 2184 1659 Pa·

117 1692 313 1749 53xoe
344 1687 513 1762 duae,
544 1684 598 1745 V
624 1683 683 1745 Μ
714 1685 1001 1758 discretae
1040 1703 1073 1746 a
1108 1683 1389 1761 Corcyra.
1459 1703 1573 1745 nec
1616 1683 1826 1763 procul
1855 1683 1929 1744 ab
1960 1684 2032 1743 iis
2061 1691 2186 1743 ante

200 1765 515 1847 Corcyram
548 1768 826 1848 Ericusa,
870 1768 1159 1846 Marathe,
1205 1766 1532 1851 Elaphusa,
1564 1767 1886 1845 Malthace,
1919 1766 2184 1843 Trachie,
2288 1801 2289 1804 =

196 1854 535 1932 Pythionia,
579 1853 854 1931 Ptychia,
895 1852 1217 1930 Tarachie,
1261 1863 1321 1914 et
1353 1872 1386 1914 a
1420 1853 1700 1917 Phalacro
1733 1851 2035 1929 Corcyrae
2059 1848 2243 1931 pro-si
2288 1870 2289 1873 ¹

171 1941 484 2000 -montorio
520 1938 800 2016 scopulus
846 1939 906 1997 in
951 1955 1121 2017 quem
1163 1940 1437 1998 mutatam*
1481 1937 1668 1999 Ulixis
1708 1954 1916 1997 navem
1942 1954 1989 2021 ,a
2029 1934 2189 1996 simili
2270 1950 2285 2011 ζ

196 2026 400 2103 specie
434 2022 628 2083 fabula
660 2028 767 2081 est.
832 2029 966 2083 ante
993 2022 1356 2082 Leucimnam
1385 2022 1605 2097 Sybota
1624 2066 1643 2099 ,
1674 2023 1823 2082 inter
1850 2019 2190 2081 Leucadiam

196 2117 388 2168 autem
419 2116 478 2167 et
505 2105 782 2166 Achaiam
809 2106 1151 2185 permultae,
1185 2124 1422 2184 quarum
1451 2105 1804 2168 Teleboides
1836 2104 2191 2182 eaedemque
2282 2108 2285 2109 ’

197 2191 456 2273 Taphiae
483 2190 555 2253 ab
581 2190 809 2267 incolis,
835 2199 967 2251 ante
989 2188 1333 2250 Leucadiam
1363 2190 1730 2269 appellantur
1752 2188 2034 2269 Taphias,
2059 2187 2188 2249 Car·
2236 2262 2239 2271 ⁵

193 2294 303 2338 nos
326 2322 345 2353 ,
396 2275 613 2352 Oxiae,
656 2274 997 2350 Prinoessa,
1036 2272 1488 2339 ante.Aetoliam
1521 2273 1870 2348 Echinades,
1902 2272 2243 2351 Aegialiqz

189 2358 467 2437 CotoniS,
486 2359 779 2436 Thyatira,
804 2358 1068 2435 Geoaris,
1094 2357 1397 2434 Dionysia,
1410 2356 1671 2435 nyrnus,
1697 2356 1957 2434 Chalcis,
1970 2357 2189 2431 Pinara,

118 2442 443 2522 54Mystus.
504 2453 637 2505 ante
682 2461 782 2504 eas
827 2444 885 2503 in
924 2443 1041 2517 alto
1088 2440 1498 2521 Cephallania,
1545 2441 1914 2518 Zacynthus,
1955 2450 2192 2519 utraque

201 2529 421 2606 libera,
451 2526 683 2604 Ithaca,
718 2526 1081 2603 Dulichium,
1113 2528 1308 2602 Same,
1343 2522 1615 2602 Crocyle.
1682 2544 1715 2586 a
1743 2525 1902 2586 Paxo
1948 2523 2192 2605 Cephal·

199 2613 351 2676 lania
392 2612 675 2693 quondam
702 2610 968 2672 M‘elaena
1003 2610 1154 2671 dicta
1184 2608 1267 2672 XI
1293 2609 1520 2671 milibus
1550 2627 1709 2689 pass.
1737 2608 1924 2686 abest,
1957 2609 2193 2670 circuitu

198 2707 362 2780 patet
392 2694 603 2758 XCIII.
678 2697 850 2758 Same
879 2694 1084 2757 ‘diruta
1126 2712 1159 2755 a
1202 2693 1476 2755 Romanis
1520 2694 1709 2756 adhuc
1751 2702 1945 2754 tamen
1983 2690 2243 2773 oppidano

199 2785 311 2845 tria
340 2780 535 2843 habet.
600 2782 752 2841 inter
794 2780 942 2840 hanc
985 2787 1044 2839 et
1079 2778 1358 2840 Achaiam
1390 2795 1517 2838 cum
1550 2774 2105 2858 oppido'magnifica
2140 2782 2195 2836 et

200 2867 502 2928 fertilitate
540 2865 857 2944 praecipua
903 2862 1262 2940 ZacynthuS,
1304 2862 1611 2941 aliquando
1658 2862 1971 2942 appellata·
1997 2861 2192 2936 Hyrie,

165 2944 172 2947 *
206 2949 622 3031 Cephallaniae
652 2967 685 3010 a
712 2948 1025 3009 meridiana
1064 2956 1232 3027 parte
1259 2944 1422 3006 XXV
1451 2944 1510 3006 M
1553 2945 1767 3029 abestg.
1800 2962 1969 3006 mons
1997 2942 2195 3006 Elam
2270 3012 2271 3017 ἵ

119 3034 283 3098 55ibi
312 3033 546 3096 nobilis.
614 3035 743 3113 ipsa
786 3033 1026 3093 circuitu
1071 3030 1300 3108 colligit
1335 3028 1582 3091 XXXVI
1622 3029 1700 3089 M.
1766 3028 1859 3090 Ab
1892 3047 1965 3091 ea
2004 3028 2194 3089 Ithaca
2256 3050 2273 3059 ··

185 3118 313 3178 ‘XV
347 3116 406 3177 M
440 3117 632 3194 distat,
672 3119 729 3177 in
761 3134 873 3196 qua
899 3114 1344 3177 mons-Neritus.
1404 3122 1528 3174 tota
1568 3118 1713 3175 vero
1756 3115 1999 3175 circuitu
2041 3116 2239 3193 patet*

206 3199 372 3261 XXV
398 3199 457 3260 M
487 3218 644 3279 pass.
704 3200 777 3261 ab
807 3218 878 3260 ea
907 3200 1160 3260 Araxum
1188 3198 1578 3277 Peloponnesi
1607 3196 2067 3278 promontorium
2090 3191 2191 3257 ΧΠ

207 3282 268 3343 M
296 3300 453 3361 pass.
513 3292 646 3342 ante
685 3283 835 3344 hanc
868 3285 928 3343 in
968 3284 1086 3343 alto
1117 3282 1382 3358 Asteris,
1419 3282 1627 3359 Prote,
1664 3289 1795 3343 ante
1839 3266 2189 3359 Zaoynffi

205 3365 423 3428 XXXV
451 3364 509 3425 M
543 3364 700 3444 pass.
743 3368 802 3427 in
836 3384 1040 3429 eurum¹
1076 3375 1310 3427 ventum
1343 3366 1705 3447 Strophades
1733 3344 2191 3459 dunessfflffl

104 3526 148 3546 h..
