2320 3650
217 119 337 182 162
962 130 1021 178 e.
1068 130 1262 178 mm
1299 97 1597 178 sncmmr

210 298 301 348 cat
346 285 608 365 poenalis
658 302 838 363 aquas
885 284 1140 364 dirisque
1187 284 1416 362 genitas
1461 284 1758 361 argenteis
1807 283 1930 347 suis
1979 285 2231 347 misceri

208 389 506 432 recusans.

123 467 190 519 32
324 455 383 516 9.
418 455 586 535 (16.)
634 453 975 521 Thessaliae
1007 454 1231 514 adnexa
1272 450 1569 528 Magnesia
1602 460 1725 528 est,
1759 453 1929 512 cuius
1960 453 2103 514 fons
2136 455 2229 517 Li-

205 539 443 614 bethra,
480 538 693 617 oppida
727 536 951 613 Iolcus,
993 535 1351 611 Ormenium,
1385 535 1596 611 Pyrra,
1620 534 1949 612 Methone,
1985 536 2229 616 Olizon,

83 657 86 660 -
206 624 656 701 promontorium
685 622 914 699 Sepias,
948 621 1162 699 oppida
1193 618 1472 694 Castana,
1509 619 1842 698 Spalathra,
1882 633 2267 699 promonto-⁵

204 703 350 767 rium
382 706 716 780 Aeantium,
764 704 980 783 oppida
1006 703 1330 778 Meliboea,
1363 701 1614 778 Rhizus,
1647 702 1976 781 Erymnae,
2014 710 2231 767 ostium

204 792 384 867 Penii,
417 791 630 869 oppida
658 788 1005 864 Homolium,
1041 786 1244 862 Orthe,
1269 786 1512 862 Iresiae,
1544 787 1625 846 Pe
1654 789 1667 801 ”
1708 806 1803 862 na,
1837 787 2230 868 Thaumacie,

206 874 446 952 Gyrton,
482 872 780 950 Crannon,
812 871 1116 946 Acharne,
1149 870 1398 944 Dotion,
1431 868 1605 944 Melit
1696 881 1728 946 ',
1759 871 2051 949 Phylace,
2091 874 2231 935 Pot-

203 960 353 1018 niae.
447 956 643 1036 Epiri,
694 955 988 1030 Achaiae,
1045 954 1313 1030 Atticae,
1366 952 1710 1026 Thessaliae
1758 956 1818 1014 in
1881 968 2231 1035 porrectum

205 1042 505 1119 longitudo
572 1035 1039 1100 CCCCLXXXX
1109 1039 1324 1098 milium
1381 1055 1540 1117 pass.
1615 1038 1894 1117 traditur,
1977 1041 2230 1103 latitudo
2250 1060 2283 1100 ιο

208 1124 625 1192 CCLXXXVII
669 1123 900 1186 milium.
1081 1167 1088 1174 .

123 1205 191 1276 33
336 1210 433 1269 10.
468 1210 636 1287 (17.)
691 1206 1031 1269 Macedonia
1074 1216 1283 1289 postea
1324 1206 1417 1268 cl.
1456 1206 1843 1285 populorum,
1878 1208 2118 1269 duobus
2152 1211 2231 1270 in-

207 1294 363 1354 cluta
388 1292 628 1369 regibus
666 1289 1067 1371 'quondamque
1107 1300 1393 1352 terrarum
1428 1289 1705 1367 imperio,
1751 1290 2025 1353 Emathia
2056 1303 2233 1355 antea

207 1377 377 1437 dicta.
443 1377 602 1437 Haec
632 1377 704 1436 ad
734 1374 1063 1453 Epiroticas
1099 1376 1292 1453 gentis
1334 1377 1393 1435 in
1422 1374 1568 1434 solis
1598 1391 1878 1435 occasum
1928 1376 2231 1437 recedens

206 1470 342 1539 post
371 1470 539 1538 terga
572 1458 907 1537 Magnesiae
938 1467 1113 1538 atque
1147 1458 1486 1519 Thessaliae
1517 1458 1826 1518 infestatur
1857 1459 2285 1521 aDardanis.1⁵

207 1554 430 1624 partem
470 1546 593 1605 eius
625 1543 1142 1623 septentrionalem
1174 1542 1425 1604 Paeonia
1461 1560 1531 1601 ac
1552 1541 1875 1620 Pelagonia
1904 1553 2231 1623 protegunt

208 1646 240 1689 a
285 1627 575 1690 Triballis.
647 1626 874 1706 Oppida
902 1628 1151 1705 Aegiae,
1184 1627 1242 1686 in
1279 1645 1394 1706 quo
1430 1627 1672 1703 sepeliri
1703 1644 1831 1686 mos
1863 1629 2086 1705 reges,
2119 1629 2228 1690 Be-

207 1729 380 1789 roea,
427 1721 486 1771 et
531 1713 587 1771 in
628 1712 873 1787 regione
919 1730 1068 1790 quae
1117 1711 1308 1771 Pieria
1339 1710 1668 1790 appellatur
1698 1729 1732 1771 a
1764 1730 2019 1772 nemore
2049 1713 2228 1791 Aegi-

125 1811 194 1864 34
207 1796 377 1856 nium.
413 1798 469 1856 in
512 1812 616 1856 ora
638 1794 948 1873 Heraclea,
981 1796 1194 1857 flumen
1227 1794 1456 1875 Apilas,
1481 1795 1698 1874 oppida
1729 1795 1955 1873 Pydna,
1986 1795 2227 1875 Oloros,

210 1881 389 1939 amnis
417 1879 771 1939 Haliacmon.
833 1880 984 1940 intus
1014 1881 1304 1955 Aloritae,
1334 1879 1596 1956 Vallaei,
1617 1878 1970 1956 Phylacaei,
2011 1879 2221 1957 Cyrre-
2242 1898 2284 1938 ιο

210 1972 358 2039 stae,
386 1963 701 2039 Tyrissaei,
727 1962 888 2023 Pella
913 1964 1168 2040 colonia,
1196 1962 1471 2043 oppidum
1488 1963 1662 2023 'Stobi
1692 1964 1906 2025 civium
1938 1965 2228 2026 Romano·

208 2065 351 2107 rum.
382 2064 518 2107 mox
531 2047 881 2123 Antigonea,
898 2049 1171 2127 Europus
1193 2048 1266 2108 ad
1289 2047 1497 2107 Axium
1513 2065 1757 2124 amnem,
1778 2049 2117 2129 eodemque
2133 2067 2229 2111 no-

208 2131 359 2191 mine
388 2151 498 2211 per
533 2130 689 2209 quod
717 2129 1010 2209 Rhoedias
1042 2132 1186 2207 fluit,
1218 2132 1461 2207 Scydra,
1498 2129 1800 2209 Eordaea,
1834 2131 2056 2210 Mieza,
2092 2135 2228 2196 Gor-

126 2228 193 2282 35
209 2215 435 2290 dyniae.
475 2232 612 2276 mox
641 2216 698 2274 in
728 2231 830 2274 ora
855 2213 1090 2291 Ichnae,
1116 2215 1323 2275 fluvius
1344 2214 1550 2274 Axius.
1590 2213 1684 2277 Ad
1707 2216 1862 2277 hunc
1888 2218 2069 2279 linem
2091 2220 2226 2295 Dar-

210 2298 361 2376 dani,
394 2301 630 2374 Treres,
659 2299 859 2359 Pieres
882 2299 1286 2361 Macedoniam
1306 2298 1602 2360 adcolunt.
1648 2299 1721 2360 ab
1750 2301 1872 2372 hoc
1896 2304 2287 2364 amnena-a

213 2385 380 2444 oniae
409 2393 617 2462 gentes
643 2382 940 2459 Paroraei,
971 2382 1649 2461 Eordenses„Almopii,
1675 2383 2047 2464 Pelagones,
2075 2387 2233 2466 Myg-

212 2467 413 2528 doneS.
469 2476 694 2528 montes
721 2466 1036 2547 Rhodope,
1054 2468 1328 2546 ScopiuS,
1356 2465 1627 2528 Orbelus.
1669 2467 1804 2528 dein
1830 2472 2232 2547 praeiacente.

212 2554 434 2625 gremio
460 2562 740 2612 terrarum
764 2550 1096 2627 Arethusii,
1126 2551 1602 2628 AntiochienseS,
1635 2551 2092 2631 Idomenenses,
2118 2556 2230 2625 Do·

211 2633 359 2711 beri,
386 2636 783 2711 Aestrienses,
810 2635 1208 2711 AllantenseS,
1234 2634 1729 2712 Audaristenses,
1753 2635 2027 2715 Morylli,
2062 2639 2235 2702 Gare-

213 2721 320 2794 sci,
335 2720 680 2796 Lyncestae,
698 2718 1019 2795 Othryonei
1044 2729 1104 2778 et
1117 2719 1293 2779 ‘liberi
1318 2718 1605 2779 Amantini
1630 2730 1806 2800 atque
1835 2720 2123 2800 Orestae,
2141 2740 2234 2786 co·
2250 2735 2286 2778 ³⁰

214 2801 406 2864 Ioniae
435 2805 783 2865 Bullidensis
815 2813 873 2863 et
903 2804 1171 2880 DiensiS,
1202 2802 1620 2881 Xylopolitae,
1653 2805 2007 2867 Scotussaei
2028 2808 2237 2883 liberi,

132 2882 495 2950 36Heraclea
530 2889 786 2963 Sintica,
830 2887 1183 2965 Tymphaei,
1217 2886 1526 2947 Toronaei.
1593 2887 1658 2948 In
1693 2906 1798 2949 ora
1837 2892 2007 2951 sinus
2050 2892 2239 2954 Mace·

217 2967 423 3034 donica
454 2973 728 3052 oppidum
764 2970 1070 3035 Chalastra
1113 2980 1171 3031 et
1208 2972 1360 3030 intus
1391 2970 1656 3048 Piloros,
1695 2971 1877 3048 Lete,
1920 2976 2239 3057 medioque

218 3048 403 3114 litoris
434 3057 589 3117 flexu
624 3055 1044 3116 Thessalonice
1076 3054 1299 3116 liberae
1331 3055 1676 3117 conditionis
1707 3058 1815 3134 (ad
1851 3058 2009 3121 hane
2036 3080 2072 3121 a
2095 3062 2239 3123 Dur-

219 3136 416 3197 rachio
453 3139 654 3199 CXLV
691 3140 847 3199 milia
881 3140 1231 3217 passuum),
1274 3137 1556 3215 Therme,
1602 3143 1661 3200 in
1702 3140 2071 3205 Thermaico
2119 3147 2288 3208 sinon

222 3220 435 3294 oppida
478 3222 729 3296 Dicaea,
776 3223 1184 3297 Palinandrea,
1243 3222 1490 3299 Scione,
1533 3228 2008 3302 promontorium
2062 3228 2241 3291 Cam·

222 3305 507 3379 straeum,
542 3305 756 3382 oppida
788 3305 1061 3384 Pallene,
1103 3306 1373 3383 Phlegra.
1461 3306 1588 3381 Qua
1632 3310 1691 3367 in
1724 3312 1984 3386 regione
2014 3323 2243 3375 montes

115 3408 118 3415 >
223 3377 851 3465 HypsizoruS,·Epitus,
873 3388 1505 3468 Aigion,Elaeuomne,
1530 3393 1749 3471 ‘oppida
1771 3392 2039 3473 Nyssos,
2066 3388 2243 3474 Pm-
