2320 3650
171 44 289 104 150
884 54 944 101 c,
992 55 1185 101 rum
1230 53 1529 102 secuum
2255 113 2257 154 ⁴

79 220 185 274 168
325 209 424 269 61.
460 207 627 286 (81.)
674 208 993 268 Volucrum
1027 207 1232 268 animal
1267 209 1414 285 parit
1443 209 1792 286 vespertilio
1835 218 2073 282 tantum,
2100 211 2175 270 cui
2256 205 2257 234 ³

166 303 223 353 et
253 292 730 356 membranaceae
760 294 969 370 pinnae
1007 293 1120 350 uni.
1178 291 1384 351 eadem
1407 292 1534 352 sola
1564 291 1880 351 volucrum
1909 293 2063 352 lacte
2091 313 2174 352 nu·

165 378 261 436 trit
294 375 486 435 uberav
509 376 842 436 admovens.
903 395 1114 454 parens
1163 377 1426 452 geminos
1461 375 1666 435 volitat
1698 376 1978 455 amplexa
2015 377 2175 436 intan-
2256 401 2257 434 4

167 461 239 520 tis
288 478 604 539 secumque
639 468 851 537 portat.
917 460 1105 520 eidem
1136 460 1429 519 coxendix
1457 465 1569 519 una'
1614 460 1889 535 traditur,
1928 470 1989 519 et
2024 463 2081 519 in
2111 463 2174 521 ci·
2256 497 2257 526 ;

168 545 306 610 batu
337 544 559 604 culices
592 544 924 621 gratissimi.
2198 563 2208 571 ·

84 638 184 692 169
328 626 429 688 62.
469 627 636 707 (82.)
676 629 946 688 Rursus
928 646 984 687 ln
1011 603 1385 687 terrestribus
1429 644 1542 688 ova
1587 629 1822 705 pariunt
1852 638 2175 706 serpentes,

168 713 243 772 de
283 711 492 790 quibus
535 712 785 772 nondum
828 712 1040 771 dictum
1087 721 1195 770 est.
1256 721 1469 771 coeunt
1509 712 1832 789 conplexu,
1885 712 2044 772 adeo
2087 713 2175 786 cir-

169 796 535 856 cumvolutae
585 796 694 854 sibi
744 797 908 873 ipsae
951 805 1010 854 ut
1050 814 1158 855 una
1206 796 1535 855 existumari
1569 794 1783 873 biceps
1828 797 2044 873 possit.
2109 796 2176 854 vi·

166 898 346 958 perae
382 898 505 938 mas
553 889 726 957 caput
767 881 967 938 inserit
1009 881 1063 938 in
1106 896 1207 954 OS,
1255 880 1408 957 quod
1454 878 1553 937 illa
1598 878 1833 939 abrodit
1875 880 2176 959 voluptatis

84 972 187 1026 170
201 963 528 1023 dulcedine.
591 963 975 1022 Terrestrium
1010 964 1214 1023 eadem
1258 964 1386 1022 sola
1420 964 1565 1022 intra
1598 981 1663 1022 se
1698 964 1853 1040 parit
1883 981 2003 1023 ova
2035 964 2224 1025 uniusm

170 1047 390 1106 coloris
436 1055 493 1105 et
534 1048 729 1107 mollia
772 1057 831 1105 ut
874 1049 1088 1125 pisces.
1154 1049 1324 1133 tertia
1369 1046 1460 1105 die
1512 1048 1657 1105 intra
1701 1056 1936 1106 uterum
1972 1048 2172 1107 catulos

170 1131 459 1205 excludit,
518 1131 650 1190 dein
702 1131 944 1206 singulis
995 1131 1201 1190 diebus
1245 1117 1503 1207 si'ngulos
1548 1132 1733 1208 parit,
1794 1132 2007 1207 viginti
2066 1132 2171 1191 fere

168 1231 428 1273 numero.
496 1216 691 1293 itaque
729 1223 964 1273 ceterae
992 1213 1270 1274 tarditatis
1302 1215 1648 1292 inpatientes
1690 1224 2077 1294 perrumpunt
2105 1215 2167 1274 la·

168 1308 295 1358 tera
328 1298 526 1357 occ-isa
553 1309 814 1376 parente.
877 1295 1131 1379 Ceterae
1160 1306 1469 1374 serpentes
1503 1307 1779 1357 contexta
1805 1316 1924 1357 ova
1959 1301 2169 1357 interra

168 1382 473 1459 incubant,
519 1393 575 1442 et
611 1383 790 1442 fetum
822 1392 1105 1460 sequente
1141 1375 1450 1441 excludunt
1478 1398 1647 1440 anno.
1724 1381 2022 1442 crocodili
2051 1383 2165 1440 vici·
2188 1404 2224 1441 15

169 1466 277 1526 bus
317 1428 620 1539 incubant,
668 1485 791 1525 mas
827 1476 884 1525 et
931 1466 1159 1525 femina.
1229 1465 1347 1525 Sed
1397 1466 1753 1543 reliquorum
1800 1483 2045 1544 quoque
2078 1476 2169 1524 ter·

169 1553 437 1609 restrium
469 1549 743 1618 reddatur
775 1552 1101 1626 generatio,

88 1641 187 1696 171
333 1634 431 1695 63.
469 1634 635 1712 (83.)
682 1634 962 1711 Bipedum
1007 1634 1170 1693 solus
1206 1633 1379 1692 homo
1428 1632 1656 1691 animal
1677 1635 1886 1709 gignit.
1987 1632 2173 1691 homiui

170 1727 384 1777 tantum
413 1720 577 1796 primi
610 1720 795 1776 coitus
824 1718 1197 1795 paenitentia,
1232 1718 1526 1792 augurium
1551 1716 1781 1774 scilicet
1806 1718 1969 1775 vitae
2002 1736 2032 1776 a
2057 1733 2170 1794 pae-

171 1802 402 1861 nitenda
446 1803 691 1877 orIgine
763 1803 977 1861 ceteris
1027 1800 1361 1862 animalibus
1412 1801 1543 1859 stati
1578 1818 1685 1878 per
1737 1808 2011 1879 tempora
2061 1800 2224 1861 annia>

84 1907 120 1946 -ι
131 1905 178 1938 aa
193 1885 553 1960 concubituS,
587 1886 819 1959 homini,
851 1896 912 1945 ut
944 1887 1154 1946 dictum
1180 1894 1288 1961 est,
1318 1884 1576 1943 omnibus
1609 1884 1796 1943 horis
1803 1885 2028 1944 dierum
2053 1902 2171 1945 noc·

88 1971 471 2046 172tiumque.
537 1971 752 2027 ceteris
795 1972 970 2028 satias
1006 1972 1062 2028 in
1100 1971 1274 2043 coitu,
1312 1968 1520 2027 homini
1569 1985 1758 2045 prope
1790 1967 1974 2027 nulla.
2035 1967 2171 2027 Mes-

174 2053 352 2113 salina
371 2050 572 2112 Claudi
588 2032 858 2112 Caesaris
878 2055 1127 2112 coniunx
1141 2053 1399 2129 regalem
1414 2052 1774 2110 existumans
1792 2051 2048 2129 palmam
2070 2051 2171 2110 ele·

172 2138 255 2214 git
286 2139 342 2195 in
373 2137 429 2195 id
461 2147 750 2197 certamen
781 2137 1194 2196 nobilissimam
1234 2156 1266 2195 e
1296 2137 1612 2214 prostitutis
1658 2135 1936 2195 ancillam
1968 2145 2174 2194 merce-

173 2222 367 2280 nariae
413 2222 612 2298 stipiS,
659 2240 900 2299 eamque
946 2231 1120 2279 nocte
1174 2239 1243 2279 ac
1287 2220 1377 2278 die
1424 2220 1722 2297 superavit
1772 2220 1978 2296 quinto
2019 2229 2221 2297 atque-25

174 2307 453 2363 vicesimo
487 2305 816 2364 concubitu.
873 2305 936 2363 In
971 2305 1258 2364 hominum
1287 2321 1509 2380 genere
1541 2302 1794 2362 maribus
1827 2302 2176 2362 deverticula

177 2389 409 2465 veneris
441 2389 803 2465 excogitata,
838 2391 1025 2447 omnia
1074 2388 1307 2447 scelere
1343 2396 1617 2460 naturae,
1652 2386 1883 2446 feminis
1921 2404 2070 2445 vero
2097 2385 2177 2445 ab·

176 2480 354 2530 ortus.
414 2482 682 2548 quantum
727 2473 781 2530 in
827 2473 935 2532 hac
965 2481 1130 2550 parte
1177 2471 1354 2531 multo
1399 2470 1774 2528 nocentiores
1823 2487 1999 2548 quam
2032 2472 2176 2529 ferae

174 2554 392 2614 sumus!
465 2555 637 2614 Viros
682 2556 971 2615 avidiores
1013 2556 1247 2613 veneris
1281 2555 1503 2627 hieme,
1534 2553 1780 2614 feminas
1812 2563 2050 2615 aestate
2083 2552 2176 2612 He-

90 2649 193 2703 173
206 2638 403 2699 siodus
435 2638 706 2717 prodidit.
769 2636 969 2697 Coitus
990 2639 1216 2698 aversis
1249 2638 1596 2716 elephantis,
1623 2637 1888 2710 cameliS,
1922 2637 2225 2713 tigribus,³o

174 2722 461 2798 lyncibuS,
490 2722 865 2798 rhinoceroti,
884 2722 1059 2795 leoni,
1095 2722 1399 2798 dasypodi,
1418 2720 1719 2795 cuniculis,
1746 2720 1961 2799 quibus
1989 2736 2179 2780 aversa

172 2806 467 2884 genitalia.
535 2806 741 2866 cameli
779 2808 949 2866 etiam
980 2805 1322 2864 solitudines
1359 2814 1453 2864 aut
1501 2813 1734 2864 secreta
1768 2813 1935 2863 certe
1970 2811 2175 2882 petunt,

173 2908 365 2968 neque
417 2892 768 2948 intervenire
814 2889 981 2949 datur
1034 2891 1157 2949 sine
1203 2889 1485 2966 pernicie.
1551 2887 1740 2947 coitus
1786 2896 1913 2948 tota
1955 2888 2089 2962 die,
2133 2893 2178 2944 et

172 2972 260 3032 his
293 2982 509 3033 tantum
539 2993 614 3032 ex
646 2973 907 3032 omnibus
941 2971 1148 3050 quibus
1173 2973 1361 3032 solida
1394 2971 1621 3048 ungula.
1683 2973 1742 3030 in
1770 2971 2176 3050 quadripedum

177 3072 397 3128 genere
428 3059 601 3116 maris
630 3057 880 3115 olfactus
909 3057 1195 3116 accendit.
1254 3064 1587 3115 avertuntur
1619 3063 1678 3113 et
1708 3073 1913 3129 caneS,
1938 3056 2219 3133 phocac,³⁵

95 3135 359 3210 174lupi‚
402 3138 459 3195 in
494 3140 802 3217 medioque
849 3140 1005 3198 coitu
1046 3141 1322 3217 invitique
1367 3141 1537 3198 etiam
1594 3138 1936 3198 cohaerent.
2007 3140 2175 3215 Supra

180 3216 459 3275 dictorum
489 3221 830 3301 plerumque
863 3222 1108 3283 feminae
1133 3224 1363 3300 priores
1395 3223 1832 3299 superveniunt,
1866 3223 1927 3281 in
1950 3218 2173 3312 reliquis

95 3317 132 3355 a
148 3311 434 3354 mmai-es.
496 3303 612 3358 ursi
644 3314 853 3378 autem,
879 3315 950 3363 ut
980 3305 1192 3364 dictum
1219 3314 1329 3381 est,
1359 3305 1689 3367 humanitus
1711 3307 1900 3381 strati,
1934 3298 2173 3365 irenacei
