2320 3650
514 75 674 121 NA'r.
717 74 901 123 ms'r.
939 76 1113 123 vnn.
1152 72 1396 128 35-37,
1435 61 1732 148 (58—61.)
1996 69 2115 130 109

104 227 223 290 tulo
255 229 426 288 litore
455 229 698 303 oceani,
726 230 786 289 in
812 229 1100 290 Laconica
1143 229 1441 309 Europae.
1509 229 1730 294 Fasces
1773 233 1907 295 huic
1942 254 2113 297 secu·

100 332 311 391 resque
344 311 639 372 Romanae
683 314 834 374 viam
875 314 1127 390 faciunt,
1174 314 1441 393 idemque
1486 333 1593 394 pro
1624 318 1928 379 maiestate
1972 339 2113 398 pue·

101 399 263 458 ritiae
289 406 401 457 est.
447 397 743 474 distinguit
759 397 832 458 ab
855 400 1049 475 equite
1075 400 1312 473 curiam,
1334 398 1420 458 dis
1451 401 1770 462 advocatur
1791 403 2112 481 placandis,

100 499 442 560 omnemque
465 490 692 542 vestem
721 482 1073 557 inluminat,
1055 501 1113 542 ιιι
1136 482 1465 582 triumphali
1482 486 1759 545 miscetur
1775 504 1937 548 auro.
1976 506 2116 567 qua-

98 576 344 645 propter
375 575 656 626 excusata
693 576 752 626 et
791 584 1086 645 purpurae
1115 568 1198 627 sit
1225 567 1465 628 insania.
1534 569 1640 629 sed
1675 570 1824 631 unde
1859 573 2115 647 conchy-

97 652 190 711 liis
222 650 433 729 pretia,
465 651 596 729 quis
623 651 783 711 virus
817 667 999 728 grave
1032 652 1088 710 in
1116 651 1277 727 fuco,
1310 651 1480 712 color
1510 662 1779 713 austerus
1812 657 1871 713 in
1899 656 2115 732 glauco

94 745 153 796 et
180 734 459 795 irascenti
490 734 696 795 similis
719 731 911 795 mari?
964 734 1189 812 Lingua
1218 754 1509 813 pur-purae
1544 737 1901 814 longitudine
1936 740 2081 816 digi-
2098 749 2201 804 128

91 819 227 893 tali,
263 835 379 897 qua
403 819 664 896 pascitur
689 818 1046 898 perforando
1077 819 1307 898 reliqua
1339 822 1665 896 conchylia.
1725 830 1880 884 tanta
1906 822 2114 884 duritia

91 903 303 963 aculeo
332 911 441 962 est.
475 920 665 980 aquae
695 903 1008 964 dulcedine
1037 913 1318 964 necantur
1344 914 1403 964 et
1435 904 1625 965 sicubi
1655 905 1866 966 flumen
1906 908 2114 968 inmer-

72 989 267 1065 ·gitur,
299 986 520 1065 alioqui
544 997 753 1066 captae
780 997 840 1047 et
864 987 1071 1048 diebus
1093 988 1518 1066 quinquagenis
1552 991 1753 1049 vivont
1775 991 1960 1052 saliva
1986 1010 2111 1053 sua.

92 1070 372 1133 Conchae
426 1087 630 1132 omnes
686 1072 994 1132 celerrime
1061 1080 1366 1148 crescunt,
1424 1076 1742 1153 praecipue
1795 1093 2109 1191 purpurae.

89 1172 241 1217 anno
267 1155 717 1232 magnitudinem
747 1156 988 1235 inplent.

219 1239 390 1318 (61.)
439 1239 614 1313 Quod
644 1241 694 1300 si
723 1241 1003 1301 hactenus
1036 1249 1391 1300 transcurrat
1415 1243 1732 1321 expositio,
1758 1243 2079 1304 fraudatam
2095 1245 2197 1308 129

89 1322 381 1403 profecto'
394 1341 462 1383 se
486 1323 713 1385 luxuria
739 1325 941 1385 credat
962 1342 1187 1402 nosque
1212 1323 1609 1401 indiligentiae
1633 1326 1883 1386 damnet.
1917 1345 2113 1405 quam-

90 1408 299 1468 obrem
353 1425 780 1487 persequemur
827 1410 999 1469 etiam
1044 1408 1348 1483 officinas,
1409 1418 1471 1469 ut
1516 1418 1802 1489 tamquam
1855 1412 1912 1469 in
1957 1413 2114 1472 victu

83 1494 321 1570 frugum
350 1493 615 1553 noscitur
642 1496 792 1556 ratio
823 1495 911 1553 sic
946 1510 1149 1553 omnes
1178 1491 1276 1570 qui
1307 1492 1432 1553 istis
1453 1493 1708 1571 gaudent
1741 1495 1996 1572 praemia
2029 1496 2113 1554 vi-

84 1587 181 1636 tae
218 1594 364 1637 suae
399 1576 671 1637 calleant.
763 1574 1129 1648 Concharum
1159 1575 1237 1636 ad
1273 1594 1559 1657 purpuras
1584 1586 1643 1655 et
1667 1577 1972 1653 conchylia
1994 1589 2200 1643 -130

85 1660 295 1722 eadem
339 1662 493 1721 euim
529 1663 947 1736 *est⁴materia,
1004 1661 1114 1721 sed
1157 1660 1335 1721 distat
1368 1671 1834 1740 temperamento
1875 1696 1960 1709 ——-
1999 1664 2112 1724 duo

83 1754 218 1806 sunt
246 1749 506 1822 genera:
537 1744 806 1806 bucinum
834 1746 1022 1805 minor
1052 1744 1278 1805 concha
1303 1744 1373 1805 ad
1400 1746 1825 1807 similitudinem
1851 1748 1977 1807 eius
2001 1765 2115 1827 qua

82 1830 284 1890 bucini
328 1848 510 1907 sonus
552 1830 741 1891 editur
759 1874 778 1906 ,
819 1830 973 1891 unde
1006 1848 1188 1891 causa
1225 1832 1481 1907 nomini,
1509 1832 1857 1893 rotunditate
1896 1834 2017 1893 oris
2058 1835 2117 1893 in

80 1915 350 1992 margine
388 1916 591 1975 iucisa.
651 1914 896 1975 alterum
932 1933 1189 1993 purpura
1228 1924 1479 1977 vocatur
1509 1916 1836 1977 cuniculato
1872 1934 2113 1996 procur·

81 2009 254 2060 rente
290 2008 489 2058 rostro
524 2009 584 2059 et
615 1998 876 2059 cuniculi·
898 1999 1084 2059 latere
1116 2001 1402 2059 introrsus
1433 1998 1691 2061 tubulato
1711 2045 1729 2076 ,
1764 2018 1876 2079 qua
1906 2018 2111 2080 prose-

78 2093 244 2143 ratur
276 2083 497 2160 lingua.
564 2091 874 2162 praeterea
906 2083 1192 2144 clavatum
1227 2092 1319 2142 est
1348 2083 1420 2143 ad
1449 2082 1735 2144 turbinem
1764 2101 1947 2164 usque
1978 2104 2111 2146 acu·

80 2168 198 2228 leis
223 2169 283 2227 in
315 2166 522 2227 orbem
546 2169 808 2246 septenis
836 2167 987 2243 fere,
1013 2169 1112 2245 qui
1140 2184 1257 2225 non
1286 2175 1417 2226 sunt
1447 2165 1681 2243 bucino,
1713 2167 1821 2228 sed
1852 2169 2115 2247 utrisque

78 2251 270 2312 orbes
310 2251 555 2313 totidem
594 2260 737 2330 quot
787 2251 1041 2312 habeant
1082 2267 1286 2311 annos.
1347 2250 1616 2310 bucinum
1659 2252 1885 2311 nonnisi
1928 2254 2110 2330 petris

77 2336 373 2396 adhaeret
405 2337 681 2414 circaqu‘e
714 2337 997 2415 scopulos
1037 2334 1271 2412 legitur.

212 2419 316 2480 37.
364 2419 916 2499 Purpuraenomine
939 2419 1056 2479 alio
1081 2419 1352 2498 pelagiae
1384 2427 1684 2479 vocantur.
1748 2437 1944 2479 earum
1974 2438 2077 2497 ge·
2094 2430 2194 2484 131

73 2522 225 2564 nera
270 2504 443 2582 plura
489 2503 705 2583 pabulo
748 2513 807 2564 et
863 2505 993 2565 solo
1044 2502 1332 2564 discreta:
1376 2502 1604 2563 lutense
1649 2512 1816 2581 putre
1868 2503 2006 2563 limo
2052 2513 2112 2564 et

73 2589 337 2665 algense
384 2589 694 2648 enutritum
720 2588 906 2665 alga,
951 2587 1290 2647 vilissimum
1333 2595 1657 2665 utrumqne.
1741 2588 1946 2647 melius
1987 2596 2107 2647 tae-

72 2674 294 2733 niense
325 2672 389 2731 in
422 2672 630 2732 taeniis
660 2674 832 2733 maris
870 2672 1220 2746 collectum,
1265 2670 1380 2730 hoc
1408 2687 1643 2750 quoqne
1689 2676 1882 2731 tamen
1912 2672 2107 2731 etiam-

73 2774 217 2816 nm
267 2757 485 2828 levius·
514 2766 692 2835 atque
731 2757 985 2818 dilutius.
1060 2755 1399 2816 calculense
1443 2755 1773 2834 appellatur
1803 2772 1836 2813 a
1879 2754 2107 2814 calculo

72 2844 260 2902 maris
305 2841 456 2900 mire
510 2850 706 2919 aptum
761 2840 1117 2916 conchyliis,
1176 2848 1237 2899 et
1282 2839 1459 2917 longe
1506 2847 1798 2938 optumum
1840 2840 2108 2916 purpuris

73 2926 453 2999 dialutense,
469 2925 555 2985 id
596 2935 688 2985 est
716 2926 878 2985 vario
919 2924 1032 2984 soli
1066 2941 1290 3001 genere
1335 2931 1576 3002 pastum.
1642 2923 1943 3000 capiuntur
1978 2941 2074 2982 au·
2090 2932 2193 2985 132

69 3019 195 3070 tem
241 3026 548 3090 purpurae
597 3008 854 3088 parvolis
895 3008 1163 3086 rarisque
1208 3016 1370 3067 textu
1425 3007 1610 3068 veluti
1650 3006 1837 3066 nassis
1890 3007 1948 3065 in
1989 3008 2107 3068 alto

71 3096 277 3154 iactis.
319 3108 324 3113 ’
367 3096 521 3153 inest
563 3094 635 3152 iis
678 3110 849 3168 esca,
896 3092 1134 3151 clusiles
1159 3091 1604 3188 mordacesque
1653 3089 1944 3168 conchae,
1997 3109 2110 3151 ceu

67 3180 322 3239 mitulos
383 3177 665 3236 videmus.
743 3176 848 3236 has
898 3175 1209 3235 seminecis
1266 3175 1376 3235 sed
1416 3174 1686 3239 redditas
1740 3176 1881 3235 mari
1940 3175 2107 3236 avido

65 3263 238 3324 hiatu
261 3262 682 3323 reviviscentis
716 3260 991 3338 adpetunt
1027 3276 1320 3337 purpurae
1358 3259 1765 3337 porrectisque
1795 3259 2043 3337 linguis
2026 3279 2106 3320 ιιι-

67 3347 324 3408 festant.
388 3354 447 3406 at
497 3345 635 3406 illae
688 3344 895 3405 aculeo
938 3342 1340 3403 exstimulatae
1384 3342 1653 3403 claudunt
1697 3361 1832 3405 sese
1880 3345 2105 3424 conpri-

2124 3508 2238 3586 A
