2320 3650
180 101 261 165 20
330 120 337 133 *
904 107 963 154 c.
995 107 1191 155 PLlNI
1227 105 1527 155 SECUNDI

184 280 276 329 tur
312 262 609 353 (psittaci,
676 265 776 326 59.
813 263 1350 342 picaeglandareS.
1418 263 1518 324 60.
1556 270 1800 340 propter
1832 276 2075 325 corvom
2114 260 2213 319 lo-

188 363 460 433 quentem
513 350 721 410 seditio
777 349 977 427 populi
1032 347 1272 408 Romani
1325 391 1339 405 .
1410 347 1554 426 (61)
1607 346 1972 421 Diomediae.
2047 344 2211 424 (62)

189 438 354 512 Quae
398 435 659 496 animalia
700 434 839 495 nihil
885 435 1126 494 discant.
1196 433 1267 511 (6
1313 435 1341 511 )
1378 432 1468 493 De
1500 442 1641 512 potu
1684 435 1891 494 avium.
1927 432 2024 493 'de
2057 448 2216 508 por-
2303 466 2306 509 1

189 523 492 601 phyrione.
556 518 699 598 (64)
747 518 1224 597 Himantopodes.
1290 518 1421 596 (65.
1468 517 1579 597 66)
1634 519 1724 578 De
1783 527 1952 596 pastu
2007 518 2219 576 avium
2305 524 2306 571 1

190 601 337 692 (66.
377 598 765 692 onocrotali).
831 603 964 689 (67.
1000 602 1112 683 68)
1149 603 1240 663 De
1285 605 1616 682 peregrinis
1645 600 1862 663 ‘avibus
1894 596 2219 688 [Phaleri·
2242 621 2266 661 5
2305 608 2306 667 l

192 693 328 766 deS,
367 690 719 764 Phasianae,
756 687 1130 764 Numidicae,
1194 687 1295 749 68.
1334 687 1812 767 phoenicopteri,
1862 697 2220 771 attagenae,

191 776 744 856 phalacrocoraces,
777 773 1268 852 pyrrhocoraces,
1296 768 1688 856 lagopodes).
1745 772 1889 852 (69)
1915 772 2007 832 De
2033 774 2225 831 novis

193 860 415 927 avibus,
460 859 748 919 bibiones.
816 857 960 937 (70)
996 856 1086 917 De
1119 857 1405 918 fabulosis
1436 858 1657 919 avibus.
1723 857 1867 937 (71)
1903 856 2049 930 Quis
2079 857 2224 934 gal-

193 942 343 1006 linas
374 944 588 1003 farcire
622 943 948 1017 instituerit,
983 945 1199 1022 quique
1229 943 1345 1003 hoc
1377 944 1541 1022 primi
1578 959 1859 1003 censores
1890 943 2223 1002 vetuerint.
2304 998 2306 1031 ⁴

200 1029 344 1109 (72)
384 1028 512 1108 quis
543 1029 758 1107 primus
791 1027 1005 1089 aviaria
1061 1028 1385 1087 instituerit.
1449 1029 1521 1089 de
1555 1028 1781 1106 Aesopi
1813 1027 2025 1104 patina.
2098 1025 2226 1103 (73
2250 1046 2306 1089 ιο“

200 1111 397 1192 -80)
432 1111 745 1181 Generatio
777 1113 964 1172 avium
996 1105 1192 1197 (quae
1224 1122 1462 1191 praeter
1491 1115 1616 1173 avis
1647 1131 1758 1173 ova
1790 1113 2048 1190 gignant.
2112 1113 2228 1170 74.

202 1214 445 1257 ovorum
474 1214 696 1274 genera
730 1206 787 1256 et
817 1205 1073 1257 naturae.
1131 1198 1231 1257 75.
1256 1199 1396 1258 vitia
1429 1208 1488 1258 et
1518 1198 1776 1258 remedia
1799 1195 2228 1257 incubantium.

203 1281 303 1343 76.
349 1282 648 1357 Augustae
693 1300 768 1349 ex
818 1282 946 1341 ovis
988 1283 1304 1359 augurium.
1372 1283 1470 1342 77.
1507 1282 1712 1362 quales
1742 1281 1996 1359 gallinae
2045 1291 2230 1359 optu-
2305 1308 2306 1333 ι

144 1425 168 1452 ,
202 1385 352 1426 mae.
407 1363 507 1425 78.
533 1366 720 1429 morbi
757 1384 955 1426 earum
997 1375 1056 1427 et
1096 1368 1373 1428 remedia.
1429 1368 1529 1428 79.
1567 1367 1935 1447 ardeolarum
1966 1384 2230 1442 genera.
2305 1420 2306 1471 1

205 1451 306 1512 80.
342 1457 517 1529 'quae
575 1451 709 1517 sint,
737 1468 848 1511 ova
902 1468 1222 1527 cynosura,
1286 1470 1435 1531 quae
1491 1453 1857 1530 hypenemia.
1917 1451 2234 1530 quomodo
2258 1474 2306 1523 ιω

207 1546 440 1615 optume
487 1545 792 1617 serventur
836 1531 1011 1622 ova).
1080 1536 1226 1616 (81)
1262 1535 1425 1609 Quae
1459 1537 1757 1597 volucrum
1789 1536 1915 1595 sola
1948 1536 2236 1595 animalia
2305 1612 2306 1617 η

207 1623 392 1702 pariat
437 1629 496 1679 et
538 1620 689 1680 lactc
732 1623 979 1681 nutriat:
1024 1619 1169 1701 (82)
1217 1620 1381 1694 Quae
1425 1623 1786 1681 terrestrium
1822 1637 1932 1679 ova
1966 1623 2234 1698 pariant.
2305 1666 2306 1671 ,

210 1706 565 1783 serpentium
599 1707 922 1782 generatio.
989 1703 1303 1784 (83—87)
1337 1705 1721 1766 Terrestrium
1756 1706 2005 1764 omnium
2036 1722 2236 1781 gene·

208 1791 357 1872 ratio
405 1784 550 1873 (84.
590 1808 739 1869 quae
777 1791 849 1849 sit
880 1793 1203 1854 animalium
1238 1792 1293 1850 in
1329 1791 1509 1851 uteris
1540 1792 1774 1870 positio.
1835 1787 1935 1850 85.
1972 1806 2237 1868 quorum
2305 1867 2306 1872 ἵ

211 1875 534 1934 animalium
566 1876 733 1952 origo
766 1875 952 1938 adhuc
985 1879 1206 1939 incerta
1238 1878 1332 1953 sit,
1389 1874 1487 1938 86.
1553 1877 1625 1936 de
1660 1875 2059 1935 salamandris.
2127 1874 2236 1936 87.
2260 1930 2280 1940 ,

213 1978 365 2038 quae
401 1968 708 2021 nascantur
755 1981 830 2021 ex
869 1980 983 2022 non
1026 1963 1257 2041 genitia.
1320 1970 1633 2040 quae-*nata
1674 1961 1812 2020 nihil
1844 1961 2145 2037 gignant..
2183 1885 2307 2034 1·ηή

215 2044 425 2121 quibus
454 2051 661 2107 neuter
692 2065 870 2107 sexus
902 2043 1037 2133 sit).
1103 2045 1415 2125 (88—90)
1448 2046 1538 2105 De
1584 2045 1853 2105 sensibus
1896 2045 2240 2105 animalium

216 2123 473 2214 (quibus
521 2138 709 2194 tactus
749 2133 1133 2212 praecipuus,
1186 2129 1394 2209 quibus
1438 2138 1733 2207 gustatus,
1780 2129 1991 2208 quibus
2038 2130 2239 2201 visne,
2305 2181 2306 2188 ,

217 2211 427 2293 quibus
459 2214 768 2291 odoratus,
821 2217 1029 2295 quibus
1074 2216 1319 2276 audituS.
1378 2216 1450 2275 de
1487 2214 1678 2293 talpis,
1746 2232 1817 2274 an
1861 2214 2081 2272 ostreis
2135 2233 2239 2274 au·

215 2299 386 2358 ditus.
451 2296 550 2359 89.
603 2300 699 2377 qui
739 2319 815 2360 ex
867 2300 1125 2380 piscibus
1171 2299 1493 2359 clarissime
1533 2293 1784 2359 audiant.
1847 2297 1948 2372 90.
1998 2299 2104 2377 qui
2160 2317 2241 2358 ex

216 2381 477 2461 piscibus
528 2401 790 2451 maxume
848 2378 1231 2472 odorentur).
1297 2382 1609 2463 (91—93)
1641 2382 1966 2442 Diversitas
2013 2386 2242 2443 anima-

217 2468 356 2528 lium
399 2468 455 2525 in
509 2478 677 2546 pastu
731 2463 875 2554 (92.
927 2488 1080 2550 quae
1126 2471 1371 2528 venenis
1416 2469 1637 2543 vivant,
1696 2466 1796 2528 93.
1846 2485 1998 2546 quae
2044 2476 2242 2542 terra,
2304 2475 2306 2544 l

219 2569 370 2631 quae
401 2552 552 2612 fame
584 2562 679 2614 aut
711 2556 800 2613 siti
830 2572 946 2614 non
974 2547 1326 2635 intereant).
1385 2553 1529 2632 (94)
1554 2554 1626 2613 de
1661 2553 1996 2612 diversitate
2031 2562 2242 2631 potus.
2305 2551 2306 2608 l

221 2636 368 2715 (95)
403 2635 566 2709 Quae
594 2638 744 2697 inter
769 2658 834 2699 se
861 2639 1195 2700 dissideant.
1240 2638 1386 2717 (96)
1413 2639 1716 2697 amicitiam
1738 2636 2064 2697 animalium
2094 2657 2243 2699 esse
2305 2699 2306 2702 ,

221 2730 279 2781 et
320 2721 596 2783 adfectus
646 2724 985 2784 animalium.
1054 2723 1324 2801 exempla
1357 2722 1623 2783 adfectus
1666 2722 2043 2799 serpentium.
2121 2723 2243 2801 (97
2267 2735 2307 2794 π

221 2787 418 2885 -98)
455 2805 545 2866 De
579 2825 779 2869 somno
814 2809 1137 2870 animalium
1191 2802 1337 2894 [98.
1413 2825 1521 2868 uae
1557 2801 1906 2893 somnient).
1963 2808 2244 2868 Summa:

223 2908 324 2963 res
356 2899 414 2949 et
445 2890 720 2953 historiae
755 2903 812 2954 et
848 2895 1293 2954 observationes
1323 2891 1374 2951 D
1432 2889 1714 2952 CXCIIII.

351 2973 445 3033 Ex
479 2978 846 3040 auctoribus:
900 2978 1169 3055 Manilio,
1211 2976 1487 3037 Cornelio
1519 2976 1857 3050 Valeriano,
1891 2976 2062 3049 actiS,
2099 2975 2246 3038 Um-
2299 2945 2307 3018 4

226 3059 414 3119 bricio
445 3058 724 3139 Meliore,
769 3062 1050 3124 Massurio
1085 3063 1336 3135 Sabino,
1373 3060 1623 3120 Antistio
1656 3060 1968 3135 Labeone,
2005 3059 2246 3140 Trogo,

158 3193 175 3200 -
229 3141 556 3219 Cremutio,
605 3145 682 3206 M.
715 3147 1013 3224 Varrone,
1058 3147 1257 3209 Macro
1292 3145 1575 3221 Aemili0,
1618 3143 1891 3220 Melisso,
1935 3143 2307 3223 Muciano&

228 3226 486 3306 Nepote,
518 3228 699 3292 Fabio
724 3232 976 3308 Pictore,
1011 3233 1076 3293 T.
1099 3232 1392 3306 Lucretio,
1428 3227 1703 3291 Cornelio
1729 3228 1931 3305 Celso,
1963 3228 2248 3307 Horati0,

208 3310 572 3396 ‘Deculone,
606 3315 855 3394 HyginO,
891 3320 1181 3393 Sasernis,
1214 3315 1471 3393 Nigidio,
1508 3313 1759 3375 Mamilio
1792 3317 1959 3376 Sura.
2021 3313 2253 3376 Exter-

228 3396 346 3458 nis:
380 3396 658 3476 Homero,
693 3401 1047 3480 Phemonoe,
1082 3403 1446 3476 Philemone,
1480 3400 1642 3461 Boeo
1669 3402 1767 3484 qui
1792 3390 2261 3481 ὄρνιθογονίαν,
2305 3425 2306 3488 j
