2320 3650
633 150 794 199 ΝΑΤ.
826 144 1004 198 ΗῙΒΤ.
1038 151 1112 197 11.
1155 110 1338 201 2—7.
1357 104 1589 221 (2-5.)
2052 140 2133 200 67

140 307 320 367 minus
357 305 630 382 evolent,
687 305 1003 384 contraque
1047 306 1247 380 gravia
1291 324 1365 364 ne
1399 314 1563 364 ruant
1587 306 1871 383 ‘suspendi
1906 306 2134 367 levibus

141 393 194 450 in
224 390 475 451 sublime
507 388 896 450 tendentibus.
942 389 1027 447 sic
1060 389 1185 466 pari
1220 389 1543 458 indiversa
1573 390 1698 447 nisu
1731 390 1789 448 in
1819 407 1923 449 suo
1957 408 2132 468 quae-

142 494 246 554 que
274 474 605 533 consistere
631 474 956 551 inrequieto
982 472 1171 531 mundi
1190 473 1370 550 ipsius
1397 474 1707 532 constricta
1732 474 1991 549 circuitu,
2019 490 2132 551 quo

140 576 376 636 semper
417 558 476 619 in
524 576 590 616 se
635 565 903 616 currente
945 557 1111 627 imam
1157 564 1329 633 atque
1373 557 1622 620 mediam
1651 557 1710 613 in
1743 565 1865 616 toto
1897 566 2132 631 terram,

101 643 503 719 scandemque
546 642 818 700 universo
870 640 1159 699 cardinem
1203 648 1356 698 stare
1402 641 1785 717 pendentem,
1831 640 2136 700 librantem

139 744 242 804 per
275 743 432 804 quae
466 725 772 803 pendeat,.
799 725 877 783 ita
919 723 1102 782 solam
1152 723 1486 782 inmobilem
1531 723 1688 782 circa
1739 741 1864 782 eam
1895 724 2136 783 volubili

136 809 551 883 universitate,
608 807 968 885 eandemque
1001 825 1077 865 ex
1109 806 1369 865 omnibus
1399 809 1554 865 necti
1598 807 1905 885 eidemque
1952 809 2136 866 omnia

136 895 316 953 inniti.
374 892 433 952 6.
468 890 624 950 Inter
652 890 799 950 hanc
831 890 1172 969 caelumque
1207 890 1415 950 eodem
1446 892 1648 968 spiritu
1678 892 1933 970 pendent
1963 892 2139 949 certis
2153 907 2219 959 12

140 978 400 1037 discreta
446 975 647 1053 spatiis
690 983 917 1052 septem
960 974 1151 1033 sidera
1185 992 1333 1051 quae
1367 973 1437 1033 ab
1470 976 1703 1034 incessu
1733 990 2011 1034 vocamus
2047 992 2136 1032 er-

84 1081 125 1120 10
139 1061 359 1135 rantia,
409 1077 539 1118 cum
572 1067 766 1117 errent
795 1057 948 1116 nulla
978 1058 1165 1116 minus
1196 1056 1330 1117 illis.
1392 1056 1608 1117 Eorum
1638 1058 1863 1118 medius
1898 1059 1989 1118 sol
2022 1058 2136 1117 fer-

139 1154 232 1204 tur
254 1143 611 1221 amplissima
636 1141 1018 1218 magnitudine
1044 1158 1114 1201 ac
1138 1149 1451 1219 potestate,
1487 1160 1597 1201 nec
1620 1152 1943 1221 temporum
1965 1142 2137 1201 modo

137 1239 549 1305 terrarumque
605 1226 709 1285 sed
761 1226 1011 1284 siderum
1063 1225 1234 1284 etiam
1282 1225 1539 1303 ipsorum
1594 1225 1861 1306 caelique
1917 1235 2135 1285 rector.

140 1312 308 1371 Hunc
354 1328 492 1369 esse
536 1309 724 1368 mundi
762 1309 939 1368 totius
986 1309 1227 1368 animum
1275 1326 1345 1367 ac
1388 1309 1614 1387 planius
1656 1319 1938 1385 mentem,
1990 1309 2139 1369 hunc
2156 1318 2223 1371 13

141 1393 471 1474 principale
506 1402 743 1452 naturae
778 1393 1039 1468 regimen
1086 1410 1155 1451 ac
1198 1408 1405 1451 numen
1452 1392 1697 1452 credere
1744 1394 1919 1453 decet
1959 1410 2141 1471 opera

82 1503 125 1544 15
144 1482 270 1541 eius
308 1478 701 1537 aestumantis.
756 1475 863 1535 Hic
895 1476 1084 1534 lucem
1118 1475 1296 1535 rebus
1329 1477 1607 1535 ministrat
1640 1477 1943 1555 aufertque
1978 1485 2139 1535 tene·

140 1564 302 1636 bras,
335 1561 433 1620 hic
456 1560 685 1639 reliqua
710 1560 903 1619 sidera
927 1559 1180 1639 occultat
1201 1560 1499 1636 inlustrat,
1531 1560 1627 1619 hic
1648 1562 1795 1619 vicis
1819 1571 2142 1638 temporum

143 1663 470 1724 annumque
514 1661 749 1721 semper
801 1650 1206 1702 renascentem
1263 1662 1338 1703 ex
1392 1661 1497 1702 usu
1547 1652 1782 1704 naturae
1833 1652 2140 1723 temperat,

142 1731 238 1790 hic
286 1728 441 1789 caeli
483 1729 766 1787 tristitiam
798 1727 1027 1786 discutit
1083 1735 1257 1805 atque
1293 1728 1464 1786 etiam
1494 1727 1720 1787 humani
1749 1727 1943 1788 nubila
1975 1729 2142 1788 animi

147 1821 418 1889 serenat,
468 1811 563 1871 hic
601 1831 762 1885 suurn
805 1810 993 1891 lumen
1030 1811 1246 1871 ceteris
1293 1830 1525 1891 quoque
1576 1812 1863 1872 sideribus
1894 1813 2142 1887 fenerat,

80 1923 128 1964 πο
146 1897 520 1978 praeclaruS,
555 1897 828 1972 eximius,
863 1896 1050 1955 omnia
1085 1896 1343 1972 intuens,
1379 1898 1565 1956 omnia
1601 1899 1771 1957 etiam
1803 1898 2142 1971 exaudienS,

148 1991 210 2043 ut
240 1981 492 2062 principi
523 1980 839 2040 litterarum
867 1978 1120 2038 Homero
1153 1979 1447 2057 placuisse
1479 1981 1536 2039 in
1569 1998 1681 2043 uno
1715 1998 1787 2040 eo
1818 1983 2011 2041 video,

273 2066 334 2124 7.
371 2065 495 2144 (5.)
532 2063 905 2142 Quapropter
937 2063 1192 2139 effigiem
1228 2064 1322 2123 dei
1351 2063 1708 2144 formamque
1745 2083 2029 2144 quaerere
2063 2065 2227 2128 in·14

149 2148 487 2215 becillitatis
531 2147 810 2211 humanae
857 2164 1014 2206 reor.
1078 2146 1351 2226 Quisquis
1399 2158 1487 2207 est
1533 2149 1727 2224 deus,
1770 2152 1818 2207 si
1848 2149 2019 2208 modo
2057 2157 2147 2208 est

151 2233 330 2308 alius,
380 2240 439 2291 et
470 2249 830 2310 quacumque
863 2232 919 2289 in
939 2239 1136 2309 parte,
1174 2240 1329 2290 totus
1364 2241 1454 2291 est
1485 2250 1722 2307 sensuS,
1775 2242 1929 2292 totus
1961 2234 2143 2306 vi‘suS,

82 2326 304 2379 utotus
329 2316 575 2391 audituS,
607 2324 762 2375 totus
785 2316 1028 2388 animae,
1064 2323 1221 2373 totus
1253 2316 1441 2391 animi,
1474 2325 1627 2375 totus
1657 2311 1776 2375 sui.v
1810 2315 2146 2376 Innumeros

152 2401 384 2481 quidem
431 2400 679 2458 credere
727 2407 899 2476 atque
944 2400 1116 2457 etiam
1158 2416 1233 2457 ex
1263 2399 1415 2457 vitiis
1460 2399 1776 2476 hominum,
1833 2409 1892 2459 ut
1921 2400 2144 2461 Pudici—

150 2486 320 2562 tiam,
359 2479 780 2558 Concordiam,
815 2480 1099 2556 Mentem,
1133 2482 1344 2560 Spem,
1377 2482 1705 2559 Honorem,
1745 2482 2144 2557 Clementiam,

152 2565 389 2643 Fidem,
432 2575 525 2626 aut
561 2568 652 2644 (ut
683 2566 1019 2626 Democrito
1048 2567 1294 2645 placuit)
1330 2568 1475 2626 duos
1508 2570 1769 2642 omnino,
1802 2568 2053 2628 Poenam
2090 2576 2149 2625 et

150 2651 524 2725 Beneficium,
558 2647 835 2709 maiorem
866 2650 937 2709 ad
970 2652 1297 2710 socordiam
1330 2652 1573 2710 accedit.
1618 2650 1866 2729 Fragilis
1900 2661 1957 2711 et
1984 2649 2144 2710 labo·
2163 2662 2230 2714 15

85 2737 312 2799 soriosa
340 2732 662 2794 mortalitas
693 2734 749 2791 in
772 2734 951 2811 partis
974 2735 1082 2792 ista
1107 2734 1351 2810 digessit
1377 2735 1714 2794 infirmitatis
1742 2753 1880 2795 suae
1905 2751 2146 2808 memor,

153 2828 213 2879 ut
241 2817 607 2898 portionibus
632 2817 858 2876 coleret
891 2818 1135 2896 quisque
1170 2835 1283 2896 quo
1315 2820 1559 2877 maxime
1584 2818 1893 2895 indigeret.
1948 2817 2147 2896 Itaque

150 2904 381 2964 nomina
424 2902 538 2961 alia
587 2900 714 2960 aliis
746 2901 1016 2977 gentibus
1054 2910 1112 2959 et
1141 2902 1365 2960 numina
1396 2903 1452 2960 in
1482 2903 1685 2961 iisdem
1715 2901 2151 2961 innumerabilia

150 2989 509 3060 invenimus,
556 2984 757 3043 inferis
801 3001 1032 3063 quoque
1074 2985 1132 3043 in
1164 3002 1383 3061 genera
1426 2986 1767 3064 descriptiS,
1814 2985 2149 3064 morbisque

154 3081 213 3131 et
240 3070 438 3140 multis
471 3069 642 3128 etiam
676 3068 960 3146 pestibus,
994 3069 1122 3128 dum
1155 3087 1289 3127 esse
1322 3068 1580 3146 placatas
1610 3070 1837 3147 trepido
1868 3079 2023 3129 metu
2055 3089 2149 3129 cu-

85 3156 359 3235 sapimus.
424 3153 688 3232 Ideoque
724 3154 894 3213 etiam
926 3152 1158 3231 publice
1195 3151 1401 3212 Febris
1432 3155 1622 3213 fanum
1654 3156 1710 3213 in
1739 3153 1957 3214 Palatio
1996 3155 2231 3219 dica-16

155 3248 275 3299 tum
304 3246 428 3313 est,
479 3234 753 3295 Orbonae
801 3236 872 3295 ad
917 3237 1120 3295 aedem
1154 3235 1356 3295 Larum
1404 3256 1503 3297 ara
1547 3248 1604 3297 et
1635 3237 1824 3298 Malae
1859 3238 2146 3297 Fortunae

154 3321 456 3401 Esquiliis.
514 3320 912 3394 ⁴Quamobrem
956 3320 1136 3378 maior
1184 3320 1450 3379 caelitum
1499 3321 1748 3400 populus
1781 3324 1949 3381 etiam
1985 3337 2150 3397 quam

153 3406 451 3467 hominum
481 3403 971 3481 intellegipotest
990 3447 1006 3477 ,
1055 3420 1182 3461 cum
1213 3403 1420 3479 singuli
1452 3421 1685 3483 quoque
1718 3423 1796 3463 ex.
1824 3405 2026 3463 semeti
2062 3418 2301 3603 »ᾖδες-[ἂ

1712 3488 1747 3545 5
1780 3485 1813 3520 *
2037 3495 2079 3548 g*
2105 3494 2132 3530 2
2217 3494 2244 3526 a

2032 3555 2156 3602 P.
