2320 3650
552 116 714 163 NAT.
750 115 933 163 msr.
979 115 1160 163 xnu.
1196 109 1435 189 13—16.
1472 103 1753 207 (la—19)
2027 106 2150 168 269

126 271 495 342 auatoritato,⁴
512 269 742 329 fuerunt
775 279 834 330 et
861 272 934 332 ad
965 288 1109 330 avos
1131 289 1317 350 usque
1349 280 1581 337 nostros
1599 314 1617 347 ,
1649 272 1789 350 quin
1812 280 1869 332 et
1897 270 2147 332 Falerno

126 358 247 419 iam
282 361 556 432 reperto,
597 354 749 413 sicut
782 355 1026 432 adparet
1061 374 1137 415 ex
1168 355 1271 415 illo
1317 355 1763 416 comiciversu:

241 438 589 516 Quinque
624 436 878 500 Thasii
923 440 1068 498 vini
1101 440 1555 517 depromam,
1592 439 1763 499 bina
1797 439 2113 501 Falerni.

125 523 197 583 Ρ.
227 522 478 581 Licinius
511 519 760 585 Crassus
788 521 850 581 L.
883 522 1060 582 lulius
1087 521 1306 585 Caesar
1338 540 1619 587 censores
1649 541 1797 584 anno
1829 523 1988 584 urbis
2012 542 2148 587 con-

81 607 292 670 sditae
322 619 577 668 DOLXV.
627 606 953 681 edixerunt,
979 626 1067 667 ne
1097 609 1264 685 quis
1301 607 1545 669 vinum
1571 606 1925 668 Graecum
1959 609 2147 668 Ami-

126 708 498 767 neumque
529 691 834 750 octonis
868 693 1065 750 aeris
1098 684 1400 768 singula
1426 690 1953 789 quadrantalia
1981 711 2149 755 ven-

127 775 364 835 deret.
410 774 559 834 haec
579 775 741 833 enim
769 773 952 837 verba
981 785 1133 834 sunt.
1179 784 1334 839 tanta
1364 793 1509 835 vero
1538 774 1766 839 Graeco
1796 776 1930 835 vino
1965 778 2151 852 gratia

128 866 261 918 erat
295 867 353 917 ut
382 857 647 935 singulae
675 859 947 957 potiones
978 859 1036 918 in
1066 861 1335 921 convictu
1366 859 1656 919 darentur.

262 942 394 1018 (17.
400 944 429 1020 )
491 941 714 1014 Quibus
765 944 913 1002 vinis
959 945 1271 1009 auctoritas
1314 943 1490 1003 fuerit
1535 961 1638 1003 sua
1676 945 1734 1002 in
1778 961 2009 1017 mensa,
2030 942 2137 1002 Μ.
2166 953 2235 1007 96

54 1026 323 1090 1oVarro
356 1026 445 1089 his
470 1025 668 1088 verbis
703 1027 902 1087 tradit:
946 1026 1009 1086 L.
1043 1026 1399 1093 Lucullus
1433 1046 1469 1106 p
1491 1046 1621 1087 uer
1651 1028 1844 1106 apud
1873 1037 2153 1106 patrem

125 1127 513 1186 numquam
566 1109 835 1170 lautum
896 1112 1318 1171 convivium
1372 1112 1594 1186 vidit,
1655 1113 1725 1170 in
1786 1130 1924 1190 quo
1986 1112 2152 1189 plus

125 1194 366 1255 semel
410 1192 773 1255 Graecum
819 1196 1059 1255 vinum
1107 1195 1437 1256 daretur.
1505 1197 1672 1273 ipse
1722 1214 1877 1270 cum
1919 1195 2153 1257 rediit

127 1297 222 1338 ex
259 1277 468 1354 Asia,
510 1277 713 1338 milia
746 1280 1005 1339 cadum
1043 1280 1512 1356 congiarium
1542 1279 1804 1340 divisit
1837 1280 2151 1357 amplius

128 1371 447 1423 centum.
536 1361 601 1421 C.
658 1363 1004 1437 Sentius,
1063 1381 1272 1440 quem
1323 1372 1749 1441 praetorem
1803 1363 2148 1438 vidimus,

55 1468 106 1508 ιε
129 1445 388 1507 Chium
441 1447 678 1506 vinum
736 1464 935 1507 suam
980 1448 1256 1508 domum
1309 1447 1624 1507 inlatum
1667 1446 1966 1513 dicebat
2007 1457 2151 1506 tum

128 1531 445 1610 primum
479 1574 497 1604 ,
569 1548 722 1590 cum
772 1530 919 1590 sibi
985 1531 1345 1591 cardiaco
1397 1531 1727 1590 medicus
1786 1518 2147 1590 dedisset.

124 1614 593 1675 Hor-tensius
627 1632 860 1692 super
892 1629 941 1674 x
964 1629 1019 1674 Μ
1058 1615 1312 1689 cadum
1343 1614 1969 1694 heredi-reliquit.
2016 1613 2150 1674 hac-

124 1709 301 1759 tenus
341 1698 550 1758 Varro.
626 1699 724 1762 15.
785 1695 977 1771 Quid?
1042 1716 1155 1758 non
1212 1708 1270 1759 et
1320 1696 1541 1759 Caesar
1595 1697 1843 1759 dictator
1882 1698 2148 1776 triumphi
2172 1706 2237 1761 97

124 1784 219 1844 sui
254 1799 401 1843 cena
432 1782 547 1841 vini
577 1780 821 1861 Falerni¹
841 1782 1185 1863 amphoras,
1214 1780 1341 1844 Chii
1359 1783 1549 1845 cados
1572 1783 1631 1843 in
1668 1783 1934 1844 convivia
1965 1782 2152 1842 distri-

51 1863 296 1932 wbuit?
355 1867 506 1926 idem
536 1866 907 1945 Hispaniensi
952 1868 1240 1947 triumpho
1277 1865 1480 1929 Chium
1522 1877 1582 1928 et
1613 1867 1922 1929 Falernum
1973 1867 2150 1942 dedit,

129 1951 313 2030 epulo
345 1968 490 2011 vero
531 1953 588 2010 in
629 1954 801 2012 tertio
848 1953 1154 2013 consulatu
1198 1970 1303 2013 suo
1340 1952 1648 2013 Falernum
1665 1998 1681 2029 ,
1731 1952 1963 2027 Chium,
2011 1951 2152 2011 Les-

126 2037 290 2095 bium
308 2080 325 2110 ,
378 2033 806 2112 Mamertinum,
858 2054 973 2114 quo
1016 2045 1285 2115 tempore
1338 2038 1580 2115 primum
1630 2045 1897 2115 quattuor
1933 2054 2155 2111 genera

126 2121 251 2179 vini
288 2119 553 2196 adposita
594 2129 839 2180 constat.
900 2129 1109 2198 postea
1142 2138 1289 2198 ergo
1322 2121 1549 2199 reliqua
1575 2122 1762 2194 omnia
1796 2123 1852 2179 in
1883 2119 2149 2178 nohilita-

127 2214 249 2263 tem
286 2220 508 2262 venere
541 2204 774 2264 circiter
809 2206 1387 2282 septingentesimum
1417 2204 1573 2264 urbis
1605 2222 1830 2264 annum.

53 2309 108 2349 π
267 2289 365 2348 16.
417 2286 585 2364 (18.)
638 2287 840 2366 Itaque
881 2305 996 2348 non
1037 2289 1216 2346 miror
1245 2287 1679 2348 innumerabilia
1714 2305 1906 2365 paene
1926 2304 2145 2363 genera
2168 2296 2240 2350 98

128 2373 336 2431 ficticii
367 2382 601 2448 reperta
624 2372 814 2431 multis
839 2380 972 2432 ante
998 2372 1273 2447 saecuIiS,
1300 2390 1447 2449 quae
1480 2372 1933 2445 nuncdicemus,
1966 2372 2154 2429 omnia

128 2458 206 2517 ad
241 2455 564 2515 medicinae
596 2474 760 2515 usum
785 2457 1153 2533 pertinentia.
1213 2455 1587 2533 omphacium
1611 2473 1726 2534 quo
1756 2456 1929 2514 modo
1961 2454 2149 2530 fieret,

36 2553 39 2556 “
128 2548 380 2620 propter
424 2549 713 2617 unguenta
758 2541 1002 2600 diximus
1034 2541 1232 2619 priore
1269 2540 1440 2600 libro.
1510 2540 1572 2599 fit
1609 2558 1642 2598 e
1676 2538 1980 2614 labrusca,
2013 2537 2208 2598 hoc¹²
2154 2564 2223 2613 ,30

129 2634 227 2685 est
259 2624 379 2682 vite
408 2624 682 2698 silvestri,
712 2625 866 2703 quod
890 2634 1133 2684 vocatur
1166 2624 1586 2684 oenanthinum.
1630 2623 1808 2683 flores
1834 2625 1957 2682 eius
1989 2621 2151 2681 libris

49 2730 109 2772 3ο
128 2707 359 2769 duabus
422 2708 479 2766 in
531 2709 700 2767 musti
754 2709 902 2768 cado
951 2710 1229 2768 macerati
1276 2717 1410 2786 post
1465 2708 1591 2767 dies
1651 2720 1799 2766 xxx
1849 2712 2151 2766 mutantur.

129 2801 374 2872 praeter
423 2792 538 2852 hoc
586 2791 752 2852 radix
800 2791 1107 2854 labruscae
1157 2802 1217 2852 et
1267 2792 1417 2851 acini
1473 2793 1630 2862 coria
1686 2790 2010 2869 perficiunt.
2090 2789 2146 2848 hi
2168 2799 2237 2854 99

126 2876 314 2957 paulo
353 2886 492 2954 post
536 2894 705 2954 quam
750 2874 1080 2935 defloruere
1120 2877 1416 2952 singulare
1460 2876 1776 2939 remedium
1816 2873 2032 2933 habent
2080 2874 2151 2932 ad

128 2960 578 3037 refrigerandos
623 2962 677 3019 in
724 2960 942 3019 morbis
976 2977 1289 3040 corporum
1331 2960 1608 3035 ardores,
1637 2958 2043 3035 gelidissima,
2091 2966 2153 3017 ut

129 3045 371 3122 ferunt,
406 3055 624 3105 natura.
686 3062 822 3123 pars
867 3061 1069 3103 eorum
1109 3054 1277 3106 aestu
1316 3045 1554 3105 moritur
1600 3044 1785 3122 prius
1806 3059 1975 3120 quam
2013 3041 2148 3100 reli-

47 3154 112 3198 35
134 3148 280 3228 qua,
302 3130 402 3207 qui
423 3129 765 3189 solstitiales
795 3129 1073 3189 dicuntur.
1130 3129 1385 3189 universi
1405 3145 1710 3207 numquam
1740 3135 2149 3202 maturescunt,

132 3224 194 3275 et
230 3215 290 3273 si
318 3214 478 3291 prius
507 3231 675 3292 quam
706 3222 828 3274 tota
857 3223 1184 3274 marcescat
1213 3231 1325 3274 uva
1357 3213 1585 3273 incocta
1617 3212 1785 3273 detur
1814 3209 1946 3270 cibo
1979 3210 2148 3288 galli-

129 3315 325 3359 naceo
350 3298 587 3375 generi,
616 3298 903 3358 fastidium
932 3299 1114 3375 gignit
1150 3316 1292 3357 uvas
1311 3297 1652 3396 adpetendi.

261 3382 399 3460 (19.
424 3384 511 3460 1.)
543 3379 913 3443 Ficticiorum
942 3384 1182 3461 primum
1208 3382 1270 3441 fit
1298 3400 1373 3443 ex
1401 3383 1529 3461 ipso
1553 3383 1689 3442 vino
1715 3382 1871 3460 quod
1898 3388 2111 3440 vocant
2135 3389 2236 3441 100

2213 3551 2279 3583 A
