2320 3650
208 69 328 131 122
897 81 957 128 c,
989 81 1181 128 pum
1212 80 1513 128 sEcunm

205 257 317 317 que
348 241 717 314 incorruptae
748 236 1018 311 originis,
1062 233 1250 292 media
1297 233 1711 310 magnitudine,
1762 233 1967 293 colore
2009 236 2213 295 subru-

203 323 326 395 tilo,
360 329 546 379 rarum
592 328 950 396 conspectu.·
998 327 1271 395 superest
1317 317 1600 377 haliaetus
1648 313 1967 377 clarissima
2015 321 2212 379 oculo·

204 424 326 463 rum
350 406 498 479 acie,
533 403 748 462 librans
783 421 857 461 ex
889 402 1006 460 alto
1031 418 1166 459 sese
1197 402 1443 478 visoque
1475 402 1533 458 in
1563 402 1703 459 mari
1727 403 1888 479 pisce
1912 420 2214 482 praeceps

154 498 188 551 9
212 491 268 547 in
306 506 435 547 eum
479 505 660 546 ruens
698 495 756 544 et
798 486 1079 564 discussis
1111 493 1354 563 pectore
1392 486 1556 561 aquis
1587 486 1839 563 rapiens.
1900 484 2015 545 Illa
2047 505 2215 564 quam

205 574 428 632 tertiam
465 573 707 630 fecimus
739 570 1033 647 aquaticas
1066 570 1187 628 avis
1236 570 1390 626 circa
1437 578 1638 644 stagna
1687 568 1903 646 adpetit
1935 589 2210 647 mergeu-
2231 594 2252 631 s

202 658 274 714 tis
308 673 373 714 se
408 655 682 728 subinde,
735 654 922 712 donec
968 654 1189 730 sopitas
1225 653 1586 729 lassatasque
1631 653 1832 729 rapiat.
1891 654 2216 730 spectanda

205 740 513 814 dimicatio,
547 751 655 797 ave
687 738 757 796 ad
787 736 1050 815 perfugia
1082 735 1310 795 litorum
1341 736 1616 795 tendente
1638 781 1653 809 ,
1698 754 1962 795 maxume
1999 739 2050 795 si
2085 756 2214 796 con·

205 824 385 883 densa
416 822 672 882 harundo
703 823 795 895 sit,
831 820 1030 897 aquila
1063 819 1195 878 inde
1225 821 1339 878 ictu
1374 819 1646 895 abigente
1678 819 1806 879 alae
1843 829 1918 893 et,
1959 838 2095 880 cum
2126 821 2213 880 ad·

204 916 394 984 petat,
445 909 499 964 in
550 907 707 965 lacus
753 905 997 963 cadente
1045 902 1416 980 umbramque
1455 921 1613 961 suam
1660 904 1811 961 nanti
1857 903 1964 962 sub
2005 923 2156 982 aqua
2185 923 2214 963 a

205 991 374 1049 litore
421 989 808 1061 ostendente,
849 1005 1046 1046 rursus
1100 1005 1208 1046 ave
1257 988 1314 1045 in
1363 987 1596 1046 diverso
1644 997 1701 1045 et
1731 987 1829 1045 ubi
1870 989 2124 1047 minume
2153 1007 2211 1047 se
2229 1003 2281 1042 ιογ

207 1073 405 1132 credat
430 1074 763 1150 exspectari
790 1080 1146 1147 emergente.
1187 1071 1335 1130 haec
1360 1088 1535 1129 causa
1557 1073 1847 1147 gregatim
1881 1071 2090 1131 avibus
2122 1090 2211 1131 na·

204 1156 390 1230 tandi,
427 1158 558 1234 quia
604 1156 803 1233 plures
847 1154 1012 1213 simul
1053 1171 1168 1212 non
1210 1154 1552 1213 infestantur
1593 1172 1878 1237 respersu·
1913 1157 2213 1232 pinnarum

206 1241 430 1298 hostem
477 1240 886 1298 obcaecantes.
950 1256 1130 1316 saepe
1166 1247 1224 1297 et
1256 1238 1495 1316 aquilae
1540 1240 1705 1315 ipsae
1748 1256 1861 1297 non
1892 1239 2213 1299 tolerantes

121 1335 189 1386 10
214 1323 437 1401 pondus
479 1323 902 1401 adprehensum
945 1340 1054 1382 una
1106 1330 1460 1398 merguntur.
1533 1321 1831 1381 Haliaetus
1873 1331 2095 1383 tantum
2137 1325 2210 1382 in·

206 1408 413 1485 plumis
449 1410 750 1466 etiamnum
781 1406 975 1483 pullos
1007 1423 1144 1464 suos
1179 1407 1511 1484 percutiens
1540 1406 1785 1466 subinde
1818 1408 1979 1483 cogit
2012 1408 2281 1467 adver-151

207 1509 306 1550 sos
351 1493 556 1550 intueri
602 1491 766 1550 solis·
793 1490 987 1549 radios
1020 1500 1108 1563 et,
1163 1491 1212 1548 si
1262 1489 1626 1548 coniventem
1671 1490 2212 1569 humectantemque

208 1576 625 1648 animadvertit,
652 1576 996 1653 praecipitat
1022 1593 1055 1632 e
1080 1574 1213 1633 nido
1235 1574 1397 1632 velut
1420 1572 1802 1633 adulterinum
1827 1583 2004 1651 atque
2039 1576 2210 1651 dege-

127 1670 188 1720 11
216 1677 431 1737 perem.
476 1660 633 1718 illum
664 1661 825 1717 cuius
857 1658 1015 1717 acies
1048 1659 1207 1717 firma
1251 1667 1450 1716 contra
1494 1659 1651 1716 stetit
1689 1658 1916 1717 educat.
1983 1659 2211 1718 haliaeti

209 1760 368 1801 suum
401 1761 585 1818 genus
623 1759 736 1801 non
767 1742 1000 1816 habent,
1036 1742 1140 1801 sed
1187 1759 1262 1800 ex
1296 1741 1530 1800 diverso
1577 1742 1895 1821 aquilarum
1928 1744 2090 1801 coitu
2120 1759 2208 1802 na·

210 1835 459 1886 scuntur.
500 1827 555 1885 id
587 1827 816 1903 quidem
849 1827 1003 1905 quod
1036 1846 1111 1909 ex
1143 1827 1217 1884 iis
1245 1835 1434 1885 natum
1467 1835 1557 1884 est
1588 1829 1645 1884 in
1687 1825 1994 1903 ossifragis
2028 1844 2209 1904 genus
2226 1843 2279 1887 m

207 1909 384 1968 habet
430 1929 463 1968 e
513 1910 719 1989 quibus
758 1912 1020 1970 voltures
1065 1912 1319 1969 minores
1365 1919 1861 1988 progenerantur,
1917 1920 1981 1969 et
2031 1929 2105 1970 ex
2146 1912 2209 1969 iis

208 1995 396 2070 magni
422 1996 515 2071 qui
532 1996 760 2053 omnino
778 2011 891 2052 non
912 2003 1212 2071 generant.
1249 1993 1489 2067 Quidam
1512 1993 1765 2053 adiciunt
1782 2012 1966 2070 genus
1987 1994 2208 2072 aquilae

210 2095 376 2156 quam
401 2077 698 2137 barbatam
726 2089 959 2150 vocant,
995 2077 1169 2136 Tusci
1200 2095 1343 2140 vero
1376 2078 1741 2154 ossifragam.

128 2170 191 2223 12
339 2162 465 2240 (4.)
504 2161 711 2221 Tribus
749 2164 945 2240 primis
978 2171 1037 2221 et
1068 2163 1612 2239 quinto-aquilarum
1645 2163 1852 2238 generi
1885 2161 2205 2223 inaedifica-

208 2255 298 2304 tur
329 2246 463 2305 nido
497 2246 645 2323 lapis
706 2248 944 2319 aetites,
990 2263 1160 2323 quem
1198 2245 1373 2321 aliqui
1406 2245 1610 2304 dixere
1642 2247 1901 2322 gagiten,
1932 2244 2009 2303 ad
2043 2243 2206 2303 multa
2220 2261 2277 2319 ²⁵1

207 2329 463 2388 remedia
507 2330 700 2405 utilis,
752 2330 889 2388 nihil
932 2332 1065 2406 igne
1110 2325 1464 2407 deperdens.
1521 2338 1612 2399 est
1669 2339 1857 2388 autem
1904 2328 2056 2406 lapis
2107 2329 2207 2388 iste

211 2429 538 2487 nraegnans
560 2415 710 2472 intus
741 2415 878 2488 alio,
916 2432 1041 2472 cum
1070 2415 1313 2491 quatias,
1345 2413 1506 2472 velut
1535 2414 1591 2470 in
1615 2421 1784 2472 utero
1815 2422 2079 2487 sonante,
2110 2410 2209 2472 sed

126 2503 194 2556 13
212 2496 299 2552 vis
330 2495 430 2554 illa
463 2497 687 2556 medica
717 2514 834 2555 non
861 2499 969 2556 nisi
1003 2498 1137 2557 nido
1172 2497 1434 2574 direptis.
1497 2495 1809 2556 Nidificant
1846 2499 1900 2556 iu
1942 2497 2129 2573 petris
2154 2502 2207 2554 et

210 2578 549 2654 arboribus,
594 2582 821 2658 pariunt
855 2590 914 2640 et
950 2598 1059 2640 ova
1087 2591 1281 2655 terna,
1314 2580 1629 2639 excludunt
1653 2581 1857 2658 pullos
1886 2579 2078 2653 binos,
2107 2578 2207 2638 visi

212 2673 341 2722 sunt
375 2673 434 2721 et
463 2672 583 2721 tres
616 2664 943 2741 aliquando.
986 2665 1229 2724 alterum
1262 2664 1561 2742 expellunt
1582 2665 1778 2723 taedio
1813 2652 2276 2723 nutriendi—sel

99 2783 104 2789 -
214 2749 430 2826 quippe
476 2764 551 2806 eo
599 2757 864 2826 tempore
912 2749 1055 2826 ipsis
1101 2748 1290 2807 cibum
1333 2749 1569 2824 negavit
1605 2757 1810 2808 natura
1851 2748 2205 2827 prospiciens

210 2849 284 2890 ne
322 2833 567 2891 omnium
599 2831 853 2891 ferarum
890 2832 1042 2891 fetus
1071 2840 1436 2910 raperentur.
1495 2850 1720 2908 ungues
1753 2849 1989 2910 quoque
2025 2845 2206 2890 earum

208 2918 565 2975 invertuntur
596 2915 803 2975 diebus
833 2917 924 2990 iis,
952 2915 1258 2983 albescunt
1288 2915 1477 2974 inedia
1501 2916 1732 2992 pinnae,
1765 2926 1829 2975 ut
1850 2915 2061 2975 merito
2088 2931 2205 2992 par·
2272 2984 2273 2995 χ

208 3006 298 3056 tus
332 3016 471 3058 suos
501 2999 747 3057 oderint.
781 3033 867 3047 -—
908 3000 1011 3060 sed
1046 3002 1271 3059 eiectos
1311 2999 1382 3060 ab
1417 2998 1506 3058 his
1554 3010 1863 3076 cognatum
1909 3017 2095 3076 genus
2118 3013 2201 3057 οι·
2272 3000 2273 3013 ’

127 3088 193 3139 14
213 3080 414 3155 sifragi
449 3084 747 3160 excipiunt
762 3092 832 3142 -et
863 3084 1116 3144 educant
1134 3101 1263 3142 cum
1293 3084 1431 3142 suis.
1484 3100 1684 3142 verum
1714 3082 1945 3143 adultos
1979 3093 2251 3161 quoquest

213 3167 583 3238 persequitur
614 3183 825 3242 parens
859 3177 917 3226 et
952 3168 1128 3243 longe
1159 3167 1354 3243 fugat,
1399 3166 1659 3226 aemulos
1696 3167 1928 3227 scilicet
1955 3167 2197 3245 rapinae·

216 3249 275 3297 et
303 3241 556 3318 alioquin
590 3265 759 3307 unum
787 3268 893 3332 par
927 3251 1245 3330 aquilarum
1272 3267 1479 3328 magno
1503 3250 1574 3310 ad
1599 3248 1987 3329 populandum
2012 3255 2219 3321 mom*

217 3327 280 3377 ut
309 3324 581 3401 satietur,
616 3330 856 3407 indiget.
914 3334 1293 3425 determinant
1325 3352 1471 3412 ergo
1494 3335 1714 3415 spatia,
1753 3343 1814 3394 et
1844 3335 1901 3395 in
1934 3345 2196 3414 proxumo
