2320 3650
545 99 707 145 ΝΑΤ.
752 98 937 147 ms'r.
973 99 1151 146 v1111.
1184 96 1425 149 15-16,
1463 87 1767 165 (le—25.)
2075 86 2156 147 95

146 269 277 334 rum
304 259 542 330 capuita
567 260 659 311 est
676 270 716 311 a
739 251 1109 328 vergiliarum
1132 261 1339 311 exortu
1362 252 1434 311 ad
1464 254 1675 313 arcturi
1698 270 1987 313 occasum.
2018 252 2155 311 reli-

150 351 269 414 quo
301 343 565 412 tempore
598 334 841 394 hiberno
868 335 1046 394 latent
1077 338 1132 394 in
1162 334 1487 412 gurgitibus
1518 336 1644 393 imis
1679 338 1787 394 nisi
1817 346 2024 414 tepore
2055 336 2156 396 ali-

58 447 64 456 ·
151 419 538 497 quoevocati
581 427 676 477 aut
709 417 1060 496 pleniluniis.
1126 421 1511 496 pinguescunt
1549 428 1605 476 et
1646 420 1941 480 intantum
1966 430 2025 479 ut
2056 420 2154 479 de·

146 501 397 577 hiscant,
432 503 549 561 vita
586 501 919 578 longissima
958 502 1046 562 his
1072 502 1296 564 bienni.

75 599 123 656 1⁵
248 585 442 664 (21.)
475 585 704 645 Animal
736 595 824 644 est
851 602 1089 663 parvom
1113 588 1443 685 scorpionis
1467 586 1687 663 effigie,
1712 588 1906 645 aranei
1935 579 2147 662 magni·
2172 596 2241 649 54

146 668 366 729 tudine.
428 668 544 728 hoc
585 687 650 728 se
698 679 754 728 et
793 669 1006 743 thynno
1058 678 1116 729 et
1167 672 1226 729 ei
1252 672 1349 749 qui
1390 670 1620 769 gladius
1658 679 1899 729 vocatur
1943 670 2153 729 crebro

147 745 408 829 delphini
444 753 889 828 magnitudinem
948 753 1257 828 excedenti
1302 753 1408 813 sub
1456 756 1625 833 pinna
1673 753 1867 829 adfigit
1922 752 2151 813 aculeo.

145 844 427 914 tantoque
472 835 704 896 infestat
734 836 972 912 dolore,
1021 847 1080 898 ut
1110 839 1167 896 in
1201 839 1365 898 navis
1408 854 1830 916 saepenumero
1864 835 2150 895 exsiliant.

148 919 319 996 quod
341 927 400 977 et
431 918 572 978 alias
606 920 824 980 faciunt
851 920 1095 981 aliorum
1123 923 1237 981 vim
1284 923 1552 982 timentes
1582 921 1833 997 mugiles
1853 937 2151 995 maxume,

72 1018 127 1080 ις)
147 1012 262 1062 tam
314 1003 668 1081 praecipuae
709 1004 1038 1066 velocitatis
1078 1014 1139 1064 ut
1181 1014 1512 1066 transversa
1547 1006 1776 1081 navigia
1801 1005 2026 1064 interim
2061 1022 2153 1064 suiv

146 1087 495 1164 periactent.

281 1169 375 1229 16.
414 1168 582 1246 (22.)
631 1171 775 1231 Sunt
808 1180 865 1230 et
906 1173 963 1230 iu
997 1171 1106 1231 hac
1147 1181 1314 1250 parte
1348 1182 1586 1233 naturae
1633 1174 1891 1249 auguria,
1938 1180 2065 1230 sunt
2098 1177 2239 1240 et55

147 1251 407 1349 piscihus
439 1254 750 1332 praescita.
815 1255 1012 1314 Siculo
1048 1254 1209 1316 bello
1242 1256 1649 1318 ambulantem
1681 1256 1851 1315 litore
1884 1255 2150 1332 Augusto

150 1336 334 1412 piscis
379 1354 411 1395 e
459 1338 600 1395 mari
644 1337 723 1398 ad
754 1338 941 1415 pedes
978 1340 1099 1397 eius
1137 1340 1421 1415 exsilivit,
1472 1357 1586 1418 quo
1617 1348 1955 1415 argumento
1986 1347 2153 1398 vates

75 1431 129 1473 15
122 1419 511 1504 respondere
548 1415 874 1500 Neptunum
906 1432 1127 1499 patrem
1149 1422 1459 1500 adoptante
1493 1432 1610 1481 tum
1641 1422 1751 1481 sibi
1781 1424 1962 1482 Sexto
1986 1422 2159 1481 Pomw

134 1503 309 1584 peio,
342 1538 425 1550 —·
453 1513 608 1564 tanta
643 1513 768 1563 erat
802 1505 1022 1565 navalis
1057 1509 1145 1565 rei
1177 1506 1388 1584 gloria,
1417 1538 1499 1551 —·
1528 1505 1634 1564 sub
1664 1503 1912 1584 pedibus
1937 1503 2151 1566 Caesa-

150 1587 232 1650 ris
263 1586 482 1646 futuros
516 1588 611 1666 qui
641 1589 819 1648 maria
838 1598 1107 1667 tempore
1137 1589 1240 1651 illo
1273 1598 1557 1650 tenerent.

279 1670 443 1749 (23.)
490 1671 736 1750 Piscium
766 1672 1019 1732 feminae
1050 1675 1300 1733 maiores
1333 1690 1500 1750 quam
1529 1690 1737 1731 mares.
1806 1674 1863 1730 in
1899 1671 2148 1748 quodam
2168 1681 2238 1735 56

149 1772 368 1831 genere
400 1756 625 1814 omnino
658 1772 775 1814 non
806 1765 934 1816 sunt
962 1774 1174 1832 marce,
1207 1758 1356 1815 sicut
1395 1757 1452 1814 in
1484 1756 1760 1831 erythinis
1805 1764 1864 1814 et
1896 1755 2151 1817 ohannis.

75 1857 129 1927 2ο
151 1856 350 1923 omnes
384 1840 531 1904 enim
564 1840 691 1903 ovis
721 1841 994 1918 gravidae
1031 1843 1348 1919 capiuntur.
1389 1840 1685 1918 Vagantur
1708 1842 1994 1917 gregatim
2023 1840 2154 1902 fere

150 1918 429 2000 cuiusque
461 1924 698 1999 generis
731 1925 1040 2022 squamosi
1106 1925 1408 2003 capiuntur
1440 1934 1571 1984 ante
1618 1924 1763 1985 solis
1796 1933 2001 1983 ortum.
2037 1933 2154 1982 tum

148 2024 411 2066 maxume
447 2008 687 2085 piscium
722 2007 939 2067 fallitur
974 2009 1152 2066 visus·
1215 2008 1484 2068 noctibus
1509 2010 1696 2087 quies,
1732 2017 1791 2066 et
1819 2006 2153 2067 inlustribus

150 2109 337 2170 aeque
386 2109 552 2168 quam
594 2090 686 2150 die
736 2101 993 2150 cernunt.
1060 2091 1234 2150 Aiunt
1279 2101 1335 2154 et
1379 2093 1428 2150 si
1478 2101 1697 2152 teratur
1726 2108 1946 2169 gurges
1977 2093 2151 2149 inter·

150 2192 284 2233 esse
320 2184 618 2252 capturae,
652 2176 842 2251 itaque
876 2174 1056 2251 pluris
1090 2176 1347 2234 secundo
1373 2183 1558 2234 tractu
1586 2175 1716 2252 capi
1741 2192 1911 2253 quam
1943 2175 2148 2252 primo.

79 2272 132 2345 25
140 2256 330 2337 Gustu
365 2258 501 2325 olei
519 2276 821 2339 maxume,
857 2258 989 2316 dein
1019 2257 1260 2316 modicis
1303 2257 1579 2316 imbribus
1614 2258 1867 2334 gaudent
1903 2257 2152 2316 aluntur·

152 2359 285 2419 que.
336 2343 570 2424 quippe
602 2350 661 2400 et
689 2341 1043 2409 harundines
1071 2341 1329 2418 quamvis
1358 2341 1414 2399 in
1447 2332 1659 2418 palude
1690 2350 2011 2417 prognatae
2037 2358 2154 2401 non

112 2434 338 2499 ·tamen
387 2426 511 2484 sine
564 2414 747 2485 imbre
795 2425 1153 2500 adulescunt,
1212 2434 1270 2484 et
1300 2423 1442 2485 alias
1482 2423 1856 2503 ubicumque
1868 2426 2064 2502 pisces
2094 2425 2153 2482 in

150 2500 353 2571 eadem
388 2528 536 2588 aqua
571 2509 815 2585 adsidui,
861 2509 909 2568 si
940 2526 1054 2568 non
1086 2508 1319 2583 adfluat,
1350 2509 1758 2568 exanimantur

278 2588 444 2673 (24.)
480 2592 1162 2671 Praegelidambiemem
1195 2610 1396 2652 omnes
1426 2592 1697 2668 sentiunt,
1750 2593 1858 2653 sed
1889 2610 2152 2653 maxume
2168 2597 2236 2654 57

76 2697 129 2743 30
151 2678 245 2755 qui
283 2677 534 2755 lapidem
562 2678 620 2735 in
653 2678 845 2757 capite
876 2676 1096 2739 habere
1126 2678 1562 2751 *existumantum
1594 2685 1655 2736 ut
1697 2675 1840 2753 lupi,
1878 2675 2151 2773 chromis,

148 2761 414 2841 sciaena,
461 2761 686 2859 phagri.
749 2778 876 2820 cum
907 2778 1155 2838 asperae
1187 2760 1407 2827 hiemes
1446 2759 1635 2834 fuere,
1671 2758 1830 2818 multi
1862 2760 2024 2823 caeci
2057 2776 2151 2818 ca-

148 2845 394 2942 piuntur.
467 2846 661 2922 itaque
701 2842 792 2917 his
833 2844 1125 2902 mensibus
1175 2845 1364 2904 iacent
1400 2844 1695 2921 speluncis
1729 2842 1965 2918 conditi,
2005 2843 2153 2900 sicut

147 2930 203 2986 in
242 2930 601 2987 terrestrium
634 2945 863 3005 genere
886 2928 1205 3003 retulimus,
1236 2945 1500 2987 maxume
1530 2926 1811 3005 hippurus
1846 2934 1928 2984 et
1937 2942 2099 2984 cora·
2115 2923 2238 3010 ‘223⁶

148 3012 260 3070 cini
304 3011 493 3085 hieme
544 3029 661 3071 non
726 3012 878 3090 capti
935 3021 1342 3090 praeterquam
1398 3011 1561 3081 statis
1605 3009 1810 3070 diebus
1850 3008 2074 3088 paucis
2089 3018 2153 3069 et

77 3093 354 3157 asiisdem
394 3114 665 3174 semper,
716 3096 853 3155 item
882 3113 1116 3155 murena
1151 3103 1211 3157 et
1246 3094 1495 3173 orphus,
1556 3110 1809 3170 conger,
1843 3111 2060 3171 percae
2094 3101 2153 3153 et

148 3179 427 3240 saxatiles
485 3197 706 3257 omnes.
782 3188 937 3239 terra
971 3178 1233 3258 quidem,
1292 3178 1407 3240 hoc
1440 3188 1531 3237 est
1564 3177 1736 3237 vado
1753 3178 1934 3240 maris
1978 3194 2149 3236 exca-

148 3271 309 3340 vate,
344 3250 514 3343 condi
552 3282 659 3341 per
680 3262 904 3324 hiemes
936 3261 1318 3342 torpedinem,
1349 3271 1618 3340 psettam,
1641 3261 1872 3327 soleam
1903 3261 2147 3329 tradunt.

277 3346 444 3433 (25)
493 3345 734 3449 Quidam
760 3365 961 3415 rursus
997 3356 1197 3408 aestus
1223 3346 1555 3426 inpatientia
1586 3346 1790 3407 mediis
1822 3342 2236 3413 fervoribus58

2097 3536 2215 3564 ,a-
2286 3552 2314 3564 m
