2320 3650
199 87 322 150 236
834 122 849 129 -
886 84 958 145 e.
983 98 1173 145 rum
1205 97 1502 144 :sl-:cunm
1609 86 1612 91 ’

112 263 296 318 astae
326 261 642 330 quaternae
672 252 1032 311 coalescunt.
1097 253 1289 313 multis
1334 251 1706 330 candidisque
1750 250 1973 328 lignum
2020 251 2140 311 hoc
2181 269 2212 310 a

197 335 465 397 carnibus
495 335 842 395 discernitur
871 337 1098 411 tunicis,
1124 337 1253 396 aliis
1278 337 1515 414 corpori
1544 335 2026 411 adhaerentibus,
2055 337 2212 394 laxe·

199 437 313 498 que
352 419 571 479 distans
612 428 825 479 tantum
878 422 1187 479 cacuminis
1230 419 1328 479 filo
1382 418 1681 481 adhaeret.
1770 435 1914 478 caro
1959 428 2212 478 mature·

88 512 91 515 '
197 505 308 563 scit
346 519 516 564 anno.
587 503 925 582 quibusdam
965 513 1153 564 tamen
1198 506 1254 562 iu
1300 504 1481 578 lociS,
1526 511 1587 562 ut
1629 505 1687 561 in
1716 501 1955 579 Cypro,
2019 520 2212 581 quam·

197 604 366 666 quam
397 588 467 647 ad
501 588 883 646 maturitatem
911 604 1025 646 non
1055 589 1390 665 perveniat,
1421 596 1589 663 grato
1623 603 1840 664 sapore
1875 586 2071 645 dulcis
2105 595 2210 645 est.
2231 611 2250 649 s

193 671 394 731 folium
425 670 506 730 ibi
536 670 705 730 latius
725 715 742 746 ,
788 670 1007 730 fructus
1040 688 1209 750 quam
1229 671 1474 748 reliquis
1502 670 1840 744 rotundior,
1876 687 1996 729 nec
2022 679 2087 728 ut
2114 670 2210 729 de·

194 763 433 814 voretur
473 770 724 832 corpuS,
770 772 969 813 verum
1019 764 1081 814 ut
1121 763 1440 832 exspuatur
1477 770 1622 813 suco
1665 752 1840 811 modo
1895 771 2208 832 expresso.

111 848 179 902 34
201 848 260 898 et
296 840 353 896 in
384 838 598 897 Arabia
636 837 905 914 languide
947 837 1151 897 dulces
1191 839 1492 898 traduntur
1526 855 1663 897 esse
1697 837 1970 914 palmae,
2017 856 2207 915 quam·

128 948 133 951 Δ
197 938 363 1001 quam
394 921 533 980 Iuba
560 922 709 998 apud
739 922 1003 981 Scenitas
1032 921 1264 981 Arabas
1294 921 1556 999 praefert
1586 920 1853 979 omnibus
1898 921 2209 999 saporibus

193 1023 361 1085 quam
389 1014 600 1065 vocant
628 1004 856 1065 dablan.
921 1015 1122 1065 cetero
1154 1007 1280 1064 sine
1309 1003 1563 1064 maribus
1601 1021 1719 1083 non
1760 1005 2016 1080 gignere
2051 1006 2260 1065 femi-10

194 1107 299 1149 nas
330 1087 538 1166 sponte
569 1088 726 1148 edito
753 1105 992 1148 nemore
1024 1089 1393 1163 confirmant,
1427 1086 1700 1166 circaque
1733 1088 2003 1163 singulos
2032 1090 2207 1166 pluris

111 1182 178 1236 35
204 1181 404 1231 nutare
435 1173 491 1230 in
516 1190 645 1231 eum
673 1189 887 1251 pronas
911 1171 1308 1233 blandioribus
1339 1173 1540 1231 comis.
1595 1171 1755 1230 illum
1788 1173 2014 1231 erectis
2037 1173 2206 1251 hispi-

199 1256 329 1315 dum
361 1255 569 1315 adflatu
599 1257 845 1334 visuque
876 1256 1007 1334 ipso
1047 1266 1105 1315 et
1135 1256 1384 1334 pulvere
1409 1258 1584 1315 etiam
1612 1256 1879 1332 reliquas
1911 1258 2204 1329 maritare,

196 1340 360 1400 huius
392 1339 602 1399 arbore
638 1342 837 1400 excisa
868 1341 1099 1399 viduvio
1130 1349 1268 1418 post
1292 1340 1671 1398 sterilescere
1701 1338 1970 1399 feminas.
2036 1339 2204 1399 adeo·

196 1441 309 1502 qne
340 1433 431 1482 est
459 1425 691 1483 veneris
727 1423 1059 1483 intellectus
1087 1433 1149 1483 nt
1182 1425 1367 1483 coitus
1406 1425 1578 1483 etiam
1616 1423 1996 1498 excogitatus
2028 1426 2106 1483 sit
2134 1423 2255 1483 abis

192 1508 420 1567 homine
466 1526 499 1566 e
544 1507 794 1568 maribus
846 1507 993 1566 flore
1034 1526 1104 1567 ac
1148 1507 1453 1585 lanugine,
1518 1507 1747 1566 interim
1792 1518 1942 1566 vero
1994 1517 2205 1568 tantun

199 1591 441 1668 pulvere
472 1592 738 1668 insperso
768 1591 1017 1650 feminis.

108 1683 177 1737 36
262 1738 271 1749 ,
330 1673 432 1754 (8)
483 1675 763 1734 Seruntur
809 1684 1009 1734 autem·
1043 1675 1272 1753 palinae
1323 1682 1383 1733 et
1427 1683 1630 1734 trunco
1673 1674 1845 1733 duum
1882 1674 2205 1734 cubitorum

193 1758 582 1835 longitudine,
626 1776 658 1818 a
690 1757 938 1818 cerebro
976 1761 1106 1837 ipso
1134 1759 1362 1818 arboris
1401 1757 1623 1816 fissuris
1660 1757 1850 1816 diviso
1897 1766 2082 1836 atque
2108 1759 2201 1818 de—

190 1842 378 1902 fosso.
438 1851 500 1901 et
529 1842 601 1902 ab
631 1844 828 1903 radice
857 1843 1095 1903 avolsae
1133 1842 1324 1922 vitalis
1369 1852 1460 1901 est
1502 1850 1660 1902 satus
1700 1852 1758 1926 et
1795 1858 2095 1902 ramorum
2121 1853 2256 1902 te-2·

196 1926 479 1984 net-rimis.
541 1928 601 1986 in
631 1926 870 2001 Assyria
906 1928 1035 2004 ipsa
1060 1943 1295 2005 quoque
1332 1926 1507 1985 arbor
1538 1929 1734 1985 strata'
1754 1925 1815 1984 in
1841 1926 1982 1985 solo
2015 1927 2200 1987 umido

108 2017 175 2072 37
200 2017 320 2069 tota
351 2009 669 2085 radicatur,
720 2008 825 2071 sed
863 2012 920 2068 in
948 2010 1225 2086 frutices,
1275 2026 1393 2068 non
1421 2011 1477 2068 in
1502 2008 1793 2069 arborem.
1860 2027 2014 2087 ergo
2044 2011 2201 2089 plan·

192 2094 335 2153 turia
386 2094 679 2153 instituunt
742 2094 1154 2174 anniculasque
1209 2094 1561 2154 transferunt
1611 2102 1670 2152 et
1731 2094 1948 2152 iterum
2000 2094 2205 2154 bimas.

192 2176 450 2254 gaudent
470 2179 625 2236 ¹enim
662 2177 973 2238 mutatione
1004 2177 1164 2237 sedis
1184 2222 1202 2253 ,
1235 2194 1414 2237 verna
1443 2176 1614 2252 alibi,
1647 2177 1705 2235 in
1735 2176 1985 2252 Assyria
2018 2188 2199 2238 autem
2281 2205 2282 2208 ¹

193 2262 348 2320 circa
379 2262 536 2321 canis
567 2270 746 2342 ortus.
799 2278 912 2321 nec
941 2263 1102 2321 ferro
1140 2263 1423 2338 attingunt
1466 2261 1546 2319 ibi
1575 2260 1879 2335 novellas,
1926 2261 2036 2321 sed
2069 2262 2254 2322 reli-2⁸

196 2353 333 2420 gant
360 2362 556 2404 comas
584 2346 725 2404 utin
755 2344 1107 2404 altitudinem
1139 2354 1370 2405 exeant.
1429 2343 1700 2404 robustas
1730 2343 2017 2421 deputant
2051 2363 2197 2406 cras·

201 2428 459 2487 situdinis
496 2430 713 2505 gratia,
759 2429 1135 2507 semipedalis
1169 2446 1456 2490 ramorum
1493 2438 1730 2487 truncos
1773 2428 2198 2507 relinquentes,

108 2508 178 2562 38
200 2512 295 2589 qni
326 2510 508 2572 decisi
530 2511 668 2572 alibi
697 2521 908 2573 necant
934 2522 1193 2572 matrem.
1246 2513 1506 2572 Diximus
1533 2512 1750 2570 salsum
1782 2511 1858 2571 ab
1895 2513 1987 2573 his
2019 2514 2199 2574 sola-

125 2582 171 2615 ²⁹
194 2595 375 2672 diligi.
443 2613 621 2673 ergo,
665 2595 762 2655 ubi
789 2614 905 2656 non
935 2604 1029 2655 est
1057 2596 1210 2672 tale,
1253 2597 1438 2656 salem
1474 2594 1868 2673 adspergunt,
1910 2614 2032 2657 nou
2058 2598 2197 2658 radi-

193 2679 389 2754 cibus,
415 2681 523 2740 sed
553 2679 782 2757 longius
810 2680 1005 2758 paulo.
1055 2679 1353 2753 Quaedam
1381 2682 1439 2739 in
1468 2681 1637 2754 Syria
1663 2681 1805 2738 etin
1836 2680 2120 2762 Aegypto
2146 2684 2253 2740 in·

190 2763 361 2823 binos
383 2782 449 2823 se
473 2763 727 2824 dividunt
751 2772 989 2823 truncos
1011 2806 1028 2836 ,
1065 2764 1121 2821 in
1145 2762 1322 2823 Creta
1351 2772 1413 2823 et
1441 2765 1499 2823 in
1529 2773 1762 2837 ternos,
1799 2765 2200 2844 quaedamque

194 2856 252 2907 et
290 2850 348 2907 iu
396 2848 621 2925 quinos.
688 2847 969 2925 quaedam
1010 2847 1203 2906 ferunt
1244 2850 1434 2907 statim
1480 2850 1538 2907 in
1580 2848 1831 2907 trimatu.
1914 2851 1976 2908 in
2007 2848 2199 2928 Cypro

190 2949 369 3007 vero,
410 2932 610 3008 Syria,
650 2930 927 3010 Aegypto
947 2974 965 3006 ,
999 2930 1331 3008 quadr-imae
1351 2976 1368 3006 ‚
1410 2932 1561 2991 aliae
1591 2931 2039 3009 quinquennes,
2084 2932 2200 2992 alti·

190 3016 387 3076 tudine
418 3015 684 3091 hominis,
716 3015 876 3076 nullo
900 3016 1048 3073 intus
1077 3016 1232 3093 ponii
1259 3014 1420 3092 ligno
1441 3014 1709 3098 quamdiu
1729 3024 1880 3075 ‘sunt
1905 3017 2196 3090 novenae,

196 3095 273 3153 ob
306 3099 364 3157 id
395 3099 716 3176 spadonm
738 3107 989 3175 accepto
1019 3100 1269 3158 nomine.
2210 3115 2249 3157 ω

111 3184 181 3236 39
329 3179 431 3255 (9)
494 3181 722 3241 Genera
769 3199 964 3242 earum
1000 3182 1200 3241 (multa.
1263 3181 1577 3241 sterilibus
1613 3180 1692 3240 ad
1740 3186 2029 3244 materias
2070 3200 2198 3262 cpe·

195 3267 434 3333 rumque
481 3261 726 3323 lautiora
769 3265 941 3323 utitur
970 3264 1215 3339 Assyria
1246 3275 1304 3325 et
1346 3273 1476 3325 tota
1498 3265 1715 3324 Persis.
1791 3276 1933 3327 sunt
1971 3276 2040 3327 et
2077 3285 2196 3328 cae-

197 3335 349 3395 dnae
375 3340 687 3414 palmarum
717 3343 952 3423 quoque
986 3348 1203 3423 silvae,
1245 3366 1447 3408 rursus
1476 3349 1873 3425 germinantes
1905 3350 1984 3412 ab
2003 3352 2195 3412 -radtoe
