2320 3650
524 104 684 149 NAT.
726 104 906 150 ffls‘r.
941 94 1711 194 vrn.15—-16.(16*—19.)
1975 89 1976 94 ’
2052 98 2126 157 51

244 255 407 336 (18.)
444 255 697 317 Leonum
728 258 841 318 duo
885 276 1136 335 genera,
1206 260 1533 338 conpactile
1578 271 1637 321 et
1673 262 1856 322 breve
1890 265 2132 342 crispio·
2152 274 2219 329 46

116 340 281 402 ribus
335 340 504 400 iubis,
552 342 660 404 hos
721 343 1050 419 pavidiores
1108 362 1242 402 esse
1296 363 1465 423 quam
1508 345 1718 422 longos
1763 347 2133 426 simplicique

117 424 283 483 villo·
343 442 448 483 eos
479 435 913 504 contemptores
945 428 1264 486 volnerum.
1334 431 1554 488 urinam
1587 431 1760 488 maris
1791 449 1963 489 crure
1998 433 2131 491 sub-

118 509 242 568 lato
288 509 537 569 reddere
579 520 639 569 ut
670 528 867 570 caneS.
909 530 1149 587 gravem
1185 513 1458 588 odorem,
1504 531 1614 572 nec
1640 516 1832 572 minus
1874 514 2128 575 halitum.

24 623 29 626 -
67 610 286 652 araros
323 595 379 651 in
416 603 553 671 potu
589 597 752 654 vesci
785 596 1022 655 alternis
1068 595 1308 672 diebuS,
1358 615 1390 654 a
1432 600 1730 661 saturitate
1778 600 2001 656 interim
2034 601 2132 658 tri-

121 678 238 737 duo
273 676 419 736 cibis
453 696 677 738 carere.
742 697 890 756 quae
920 680 1143 757 possint
1174 682 1229 738 in
1257 680 1578 741 mandendo
1603 681 1789 740 solida
1822 682 2131 758 devorare,

120 780 234 820 nec
279 763 546 838 capiente
603 763 933 823 aviditatem
985 764 1117 823 alvo
1179 766 1460 823 coniectis
1514 767 1570 823 in
1618 766 1803 825 faucis
1848 763 2170 842 unguibus*

122 845 472 921 extrahere,
504 856 600 907 aut
641 848 690 905 si
731 847 1062 923 fugiendum
1103 851 1160 909 in
1204 851 1471 908 satietate
1515 849 1784 909 habeant.
1848 851 2018 908 vitam
2062 851 2131 908 iis
2149 857 2217 913 4⁷

119 930 357 1006 longam
389 930 564 989 docet
595 939 951 1007 argumento,
987 934 1141 1011 quod
1178 934 1446 1011 plerique
1487 933 1753 993 dentibus
1786 934 2004 993 defecti
2040 951 2132 993 re-

46 1037 99 1079 10
124 1015 440 1093 periantur.
517 1015 793 1090 Polybius
837 1016 1140 1076 Aemiliani
1204 1034 1401 1076 comes
1440 1018 1497 1076 in
1549 1028 1784 1077 senecta
1847 1017 2134 1077 bominem

123 1097 197 1157 ab
229 1099 318 1157 his
380 1098 575 1176 adpeti
622 1100 837 1175 refert,
901 1103 1168 1179 quoniam
1209 1100 1281 1160 ad
1322 1102 1757 1179 persequendas
1791 1101 1947 1185 feras
1977 1104 2133 1161 vires

120 1200 239 1241 non
275 1193 604 1260 suppetant.
663 1193 797 1244 tunc
826 1184 1099 1246 obsidere
1143 1183 1347 1243 Africa
1389 1185 1579 1261 urbiS,
1619 1204 1806 1263 eaque
1850 1186 1923 1244 de
1957 1204 2132 1245 causa

124 1269 285 1327 cruci
318 1267 468 1326 fixos
497 1268 715 1328 vidisse
748 1288 814 1328 se
845 1288 972 1328 cum
1003 1270 1301 1347 Scipione,
1331 1271 1466 1347 quia
1501 1271 1684 1329 ceteri
1717 1277 1870 1332 metu
1900 1287 2132 1347 poenae

56 1379 61 1394 ν
123 1352 326 1411 similis
357 1351 827 1412 absterrerentur
863 1354 1068 1413 eadem
1098 1370 1272 1413 noxa.

50 1452 103 1491 15
250 1434 422 1514 (19.)
463 1434 644 1497 Leoni
676 1446 888 1496 tantum
933 1456 1007 1496 ex
1035 1438 1179 1496 feris
1213 1437 1516 1496 clementia
1547 1438 1602 1495 in
1631 1436 1953 1515 supplices.
1989 1446 2220 1514 ‘pro-48

122 1522 319 1579 stratis
358 1522 652 1597 parcitet,
684 1521 782 1581 ubi
813 1523 1021 1596 saevit,
1055 1523 1113 1580 in
1142 1522 1303 1580 viros
1340 1522 1531 1599 potius
1577 1538 1747 1598 quam
1794 1522 1850 1578 in
1892 1521 2135 1579 feminas
2285 1517 2290 1520 ’

122 1604 348 1678 fremit,
392 1605 448 1662 in
486 1604 718 1665 infantis
766 1624 882 1665 nou
915 1606 1022 1676 nisi
1067 1623 1273 1681 magna
1317 1605 1487 1665 fame.
1560 1604 1747 1663 credit
1772 1603 1953 1679 Libya
2001 1622 2132 1682 per-

124 1688 331 1747 venire
367 1688 721 1765 intellectum
763 1690 835 1749 ad
882 1708 988 1749 eos
1031 1707 1288 1767 precum.
1368 1689 1653 1767 captivam
1706 1698 1869 1747 certe
1924 1688 2133 1747 Gaetu-

120 1772 242 1832 liae
273 1770 545 1833 reducem
585 1773 776 1834 audivi
820 1773 1126 1835 multorum
1169 1775 1225 1833 in
1260 1774 1420 1834 silvis
1450 1775 1722 1851 impetum
1754 1791 1787 1833 a
1818 1790 1883 1832 se
1902 1774 2133 1850 'mitiga-

46 1871 101 1911 20
119 1867 240 1916 tum
272 1855 545 1935 adloquio
579 1876 752 1918 ausae
796 1858 996 1918 dicere
1027 1877 1093 1918 se
1122 1859 1424 1934 feminam,
1468 1858 1797 1936 profugam,
1834 1858 2130 1939 infirmam,

122 1941 450 2019 supplicem
493 1943 759 2002 animalisx
793 1946 1038 2003 omnium
1082 1943 1524 2020 generosissimi
1570 1942 1906 2020 ceterisque
1947 1940 2130 2019 impe·
2199 1980 2202 1983 -
2243 1968 2248 1974 ·

121 2027 368 2101 ritantis,
395 2026 684 2102 indignam
710 2029 835 2086 eius
856 2029 1046 2103 gloria
1072 2027 1367 2105 praedam.
1404 2026 1583 2086 Varia
1609 2028 1765 2086 circa
1795 2026 1909 2085 hoc
1938 2026 2136 2103 opinio

124 2128 201 2168 ex
234 2111 468 2185 ingenio
504 2112 785 2188 cuiusque
821 2111 918 2170 vel
951 2130 1090 2173 casu
1120 2113 1362 2170 mulceri
1388 2109 1674 2188 adloquiis
1710 2110 1888 2184 ferae,
1915 2111 2136 2187 'quippe

125 2193 365 2255 obviam·
401 2195 688 2272 serpentis
746 2195 968 2254 extrahi
1015 2205 1185 2254 cantu
1230 2196 1484 2271 cogique
1531 2196 1588 2252 in
1641 2211 1890 2272 poenam
1933 2210 2134 2250 verum

47 2299 102 2338 25
124 2277 410 2337 falsumne
440 2280 514 2338 sit
542 2296 657 2337 non
686 2280 805 2339 vita
839 2279 1190 2338 decreverit.
1259 2278 1511 2337 Leonum
1548 2279 1717 2337 animi
1755 2276 1927 2335 index
1954 2275 2136 2335 cauda
2153 2287 2221 2342 49

127 2363 277 2421 sicut
285 2366 365 2421 et
398 2381 697 2441 equorum
705 2382 893 2422 aureS.
951 2381 1198 2441 namque
1244 2373 1300 2420 et
1341 2363 1448 2420 has
1473 2371 1641 2421 notas
1675 2360 2133 2443 generosissimo

129 2447 338 2523 cuique
383 2457 582 2506 natura
625 2447 839 2506 tribuit.
912 2449 1133 2506 inmota
1167 2465 1312 2523 ergo
1352 2446 1617 2544 placido,
1672 2445 1928 2504 clemens
1974 2436 2133 2502 blan-

126 2530 341 2604 dienti,
390 2532 541 2608 quod
589 2548 776 2590 rarum
830 2540 948 2605 est,
1008 2531 1275 2591 crebrior
1316 2533 1462 2588 enim
1522 2529 1834 2588 iracundia.
1911 2529 2035 2587 eius
2080 2528 2168 2584 in

127 2615 414 2712 principio
447 2626 604 2674 terra
647 2615 1022 2696 verberatur,
1051 2605 1444 2673 'incremento
1500 2623 1667 2690 terga
1726 2631 1833 2686 ceu
1887 2612 2135 2690 quodam

50 2714 103 2754 30
125 2698 495 2758 incitamento
554 2684 939 2776 flagellantur.
1009 2701 1096 2757 vis
1149 2717 1363 2757 summa
1419 2700 1474 2756 in
1523 2706 1789 2775 pectore.
1852 2715 1927 2755 ex
1984 2696 2134 2752 omni

123 2781 370 2841 volnere
412 2785 536 2841 sive
574 2798 774 2859 ungue
808 2786 1078 2860 inpresso
1122 2784 1248 2841 sive
1292 2783 1465 2841 dente
1511 2790 1699 2841 taeter
1742 2779 1978 2859 profluit
2008 2797 2135 2837 san-

122 2866 277 2942 guis·
344 2868 518 2926 iidem
560 2869 746 2927 satiati
820 2868 1036 2925 innoxii
1091 2877 1238 2925 sunt.
1329 2865 1704 2925 Generositas
1751 2866 1809 2923 in
1850 2863 2131 2942 periculis
2156 2877 2223 2929 50

121 2968 387 3010 maxume
421 2952 905 3029 deprehenditur,
958 2967 1072 3009 non
1101 2953 1157 3009 in
1189 2951 1291 3009 illo
1324 2951 1732 3025 tantummodo,
1779 2944 1946 3026 quod
1969 2965 2130 3024 sper·

122 3053 269 3094 neus
310 3036 429 3095 tela
470 3036 563 3095 diu
616 3055 681 3095 se
724 3045 950 3095 terrore
998 3035 1128 3094 solo
1173 3044 1364 3094 tuetur
1405 3054 1474 3094 ac
1507 3034 1667 3093 velut
1700 3034 1837 3109 cogi
1867 3039 2132 3106 testatur,

0 3178 1 3181 ,
54 3138 103 3178 35
124 3121 500 3200 cooriturque
541 3138 654 3179 non
695 3130 980 3199 tamquam
1037 3116 1311 3216 periculo·
1358 3127 1628 3193 coactuS,
1691 3117 1798 3177 sed
1849 3125 2135 3194 tamquam

124 3205 370 3263 amentia
414 3206 610 3264 iratus,
700 3205 799 3264 illa
850 3204 1137 3263 nobilior
1146 3204 1312 3262 ammi
1370 3203 1747 3279 significatio:
1819 3195 2136 3293 quamlibet

123 3305 332 3364 magna
378 3305 579 3347 canum
624 3298 682 3347 et
736 3290 1061 3348 venantium
1101 3289 1386 3364 urguente
1427 3289 1485 3345 'vi
1542 3286 1916 3363 contemptim
1964 3282 2132 3342 resti-

124 3382 372 3449 tansque
417 3372 571 3430 cedit
620 3374 675 3431 in
719 3375 936 3451 campis
981 3381 1038 3430 et
1085 3370 1181 3430 ubi
1235 3372 1491 3449 spectari
1543 3379 1757 3449 potest.
1822 3369 1975 3427 idem
2035 3364 2133 3424 ubi

358 3518 371 3549 “
574 3500 593 3506 ’
1703 3474 1706 3479 ”
1780 3457 1822 3569 Ῐ1
1845 3455 1879 3494 *
2069 3550 2078 3559 κ
2143 3470 2313 3586 Δ.
