2320 3650
225 174 347 237 292
388 249 401 260 ,
900 185 960 233 c.
994 185 1184 232 rum
1216 182 1516 241 summm

226 343 329 402 sed
365 342 518 418 quod
552 343 676 419 ipsa
706 358 820 400 non
851 339 1025 399 habet
1055 340 1183 400 aliis
1213 338 1500 412 tribuens,
1533 339 1806 415 quoniam
1839 347 1935 397 est
1967 337 2218 397 naturalis

224 443 522 486 causarum
557 428 825 486 transitus
856 434 1027 501 atque
1062 442 1094 483 e
1138 421 1607 502 putrescentibus
1639 423 1964 481 identidem
1996 439 2220 498 genera·

140 519 210 572 80
232 519 321 568 tur
346 510 582 588 aliquid.
641 526 784 586 ergo
817 508 1036 567 culices
1064 510 1242 586 parit,
1269 506 1327 566 hi
1356 505 1604 566 fraudati
1634 506 1916 565 alimento
1951 508 2012 564 in
2041 514 2221 577 matre,

224 595 375 672 putri
435 595 557 653 eius
612 593 776 668 tabe,
836 593 908 652 ad
969 601 1271 669 cognatam
1333 590 1561 663 volant,
1623 607 1951 668 morsuque
2009 590 2223 650 ficorum

227 678 472 753 crebro,
517 678 631 737 hoc
666 687 755 737 est
799 675 1058 736 avidiore
1100 685 1305 753 pastu,
1357 676 1691 752 aperientes
1737 691 1848 734 ora
1893 693 2127 747 earum,
2161 675 2274 745 itas¹

225 771 599 840 penetrantes
642 763 792 821 intus
838 760 1022 819 solem
1071 763 1254 839 primo
1307 776 1504 818 secum
1548 759 1828 818 inducunt
1872 759 2225 835 cerealisque

226 864 393 907 auras
425 848 704 906 inmittunt
728 844 949 904 foribus
980 845 1294 922 adapertis.
1348 860 1482 902 mox
1509 843 1764 902 lacteum
1793 860 2105 917 umorem,
2135 843 2224 901 hoc

226 939 316 990 est
344 931 633 991 infantiam
661 931 852 1008 pomi,
905 927 1237 1002 absumunt,
1283 928 1438 1006 quod
1484 927 1545 985 fit
1592 935 1648 986 et
1684 935 1939 1003 sponte,
1997 929 2221 1003 ideoque
2273 978 2274 981 ,

224 1016 411 1075 ficetis
447 1016 754 1092 caprificus
798 1013 1139 1092 permittitur
1171 1013 1242 1072 ad
1282 1013 1565 1070 rationem
1596 1013 1754 1069 venti
1789 1020 1854 1069 ut
1891 1010 2070 1071 flatus
2110 1026 2225 1069 evo·

138 1110 199 1162 81
228 1098 440 1158 lantis
426 1117 481 1157 ιιι
512 1099 658 1158 ficos
689 1099 855 1157 ferat.
917 1097 1049 1157 inde
1079 1106 1373 1176 repertum
1396 1104 1456 1156 ut
1488 1094 1700 1155 inlatae
1731 1113 1984 1173 quoque
2020 1095 2221 1157 aliunde
2241 1111 2274 1155 ιιι

228 1191 286 1242 et
315 1184 464 1241 inter
487 1200 553 1242 se
584 1183 912 1259 conligatae
944 1184 1298 1242 inicerentur
1327 1182 1475 1258 fico,
1511 1179 1710 1258 quod'
1694 1197 1748 1237 ιιι
1782 1197 1997 1239 macro
2029 1179 2153 1238 solo
2169 1186 2225 1235 et

223 1266 513 1343 aquilonio
547 1285 661 1325 non
691 1267 1087 1341 desideratur,
1131 1268 1398 1344 quoniam
1430 1274 1638 1344 sponte
1670 1273 1959 1324 arescunt
1991 1264 2109 1322 loci
2136 1265 2224 1320 situ
2273 1262 2274 1271 ’

222 1352 498 1429 rimisque
534 1351 735 1411 eadem
766 1368 912 1428 quae
948 1351 1194 1410 culicum
1228 1352 1413 1428 oper'e
1462 1366 1638 1410 causa
1672 1350 1954 1427 perlicit,
2007 1366 2116 1408 nec
2145 1344 2223 1406 uhi
2273 1374 2274 1395 ι

222 1434 433 1493 multus
476 1435 705 1514 pulviS,
751 1434 907 1512 quod
948 1435 1141 1495 evenit
1176 1452 1455 1494 maxume·
1477 1432 1773 1512 frequenti
1808 1435 1905 1493 via
1956 1434 2220 1512 adposita.

224 1536 468 1596 namque
516 1528 574 1577 et
619 1519 844 1597 pulveri
885 1520 972 1577 vis
1007 1519 1264 1579 siccandi
1294 1535 1611 1595 sucumque
1644 1517 1818 1577 lactis
1860 1516 2219 1577 absorbendi.
2237 1536 2266 1574 ιι

225 1620 374 1678 quae
416 1603 561 1663 ratio
611 1603 854 1681 pulvere
892 1612 951 1662 et
990 1603 1423 1680 caprificatione
1459 1601 1571 1660 hoc
1602 1618 1841 1679 quoque
1874 1610 2140 1680 praestat
2161 1617 2222 1658 ne

223 1685 527 1762 decidant,
572 1686 874 1764 absumpto
909 1704 1110 1746 umore
1140 1695 1344 1746 tenero
1379 1695 1437 1745 et
1471 1703 1599 1745 cum
1632 1684 1885 1763 quadam
1923 1686 2220 1762 fragilitate
2273 1744 2274 1747 ,

134 1777 204 1834 82
227 1769 580 1848 ponderoso.
655 1769 810 1831 Ficis
846 1771 1048 1831 mollis
1092 1769 1357 1831 omnibus
1398 1778 1619 1846 tactus,
1666 1771 1915 1829 maturis
1959 1770 2220 1831 frumenta
2273 1784 2274 1848 ς

220 1855 402 1929 intus,
448 1872 620 1914 sucus
648 1854 1165 1916 maturescentibus
1206 1855 1412 1931 lactis,
1458 1855 1759 1932 percoctis
1789 1854 2014 1914 mellis.
2072 1870 2219 1913 sene-

220 1944 387 1995 scunt
429 1938 484 1994 in
517 1937 724 1998 arbore
757 1957 1014 2017 anusque
1045 1939 1345 2000 destillant
1382 1939 1680 1997 cummium
1717 1937 1988 2012 lacrima.
2059 1939 2222 1998 siccat
2236 1952 2274 1990 ιι

223 2021 411 2079 honos
442 2020 737 2096 laudatas,
774 2032 969 2083 servat
997 2023 1055 2082 in
1087 2024 1317 2100 capsis,
1349 2021 1548 2081 Ebuso
1581 2021 1767 2080 insula
1803 2021 2224 2099 praestantissi·
2273 2073 2274 2076 ,

222 2122 346 2165 mas
378 2104 910 2206 amplissimasque,
953 2124 1089 2168 mox
1120 2109 1179 2166 in
1208 2105 1569 2187 Marrucinis.
1634 2112 1693 2165 at
1729 2104 1829 2180 ubi
1862 2110 2045 2185 copia
2069 2103 2221 2165 abun·
2273 2121 2274 2170 ἑ

225 2188 353 2264 dat,
390 2188 679 2267 inplentur
709 2206 884 2249 orcae
914 2191 971 2249 in
1004 2191 1179 2266 Asia,
1215 2190 1344 2250 cadi
1376 2198 1566 2250 autem
1600 2190 1656 2248 in
1685 2187 1960 2268 Ruspina
2004 2190 2222 2249 Africae

223 2271 401 2348 urbe,
431 2273 711 2351 panisque
741 2273 906 2332 simul
931 2283 988 2332 et
1017 2275 1224 2353 opsoni
1247 2275 1435 2334 vicem
1464 2275 1720 2333 siccatae
1749 2274 2016 2352 inplent,
2042 2281 2222 2352 utpote

224 2374 353 2415 cum
385 2354 529 2416 Cato
552 2355 766 2417 cibaria
791 2356 937 2414 ruris
963 2359 1248 2434 operariis
1280 2359 1427 2418 iusta
1459 2375 1566 2418 ceu
1598 2357 1735 2433 lege
1761 2360 2045 2419 sanciens
2074 2354 2221 2416 minui
2233 2371 2274 2436 ιι

223 2440 419 2499 iubeat
441 2457 549 2518 per
580 2439 673 2499 fici
703 2441 1102 2499 maturitatem.
1156 2460 1284 2506 cum
1314 2442 1537 2502 recenti
1561 2442 1673 2500 fico
1712 2441 1855 2501 salis
1893 2444 2034 2503 vice
2066 2455 2219 2502 caseo

137 2533 208 2587 83
229 2526 393 2584 vesci
442 2542 628 2601 nuper
669 2524 1061 2599 excogitatum
1094 2535 1204 2583 est.
1267 2526 1358 2586 Ex
1392 2526 1505 2586 hoc
1539 2543 1763 2603 genere
1795 2536 1969 2602 sunt,
2005 2537 2066 2586 ut
2097 2525 2221 2585 dixi·
2273 2577 2274 2592 ,

164 2607 380 2683 ῗιιιιιε,
416 2616 647 2668 cottana
678 2616 736 2666 et
772 2609 1000 2680 caricae
1033 2625 1299 2686 quaeque
1331 2609 1744 2670 conscendenti
1783 2628 2003 2670 navem
2036 2611 2220 2671 adver·
2273 2629 2274 2674 l

223 2710 325 2751 sus
375 2692 616 2751 Parthos
676 2708 846 2751 omen
900 2675 1101 2752 fecere
1155 2689 1230 2750 Μ.
1293 2689 1505 2753 Crasso
1556 2693 1783 2754 venalis
1840 2692 2222 2771 praedicantis

223 2793 406 2851 voce,
450 2793 724 2836 cavneae.
790 2777 977 2836 omnia
1020 2776 1169 2836 haec
1206 2777 1264 2834 in
1305 2775 1562 2838 Albense
1602 2794 1703 2837 rus
1749 2794 1784 2836 e
1828 2779 2008 2852 Syria
2052 2775 2266 2837 intulitae

221 2860 284 2920 L.
316 2860 620 2936 Vitellius,
664 2860 762 2938 qui
795 2869 1003 2937 postea
1040 2876 1252 2920 censor
1282 2858 1422 2934 fuit,
1468 2876 1593 2919 cum
1626 2861 1862 2937 legatus
1897 2864 1960 2921 in
2004 2880 2075 2923 ea
2105 2876 2220 2941 pro·

222 2945 414 3004 vincia
451 2954 643 3020 esset,
675 2945 1005 3004 novissimis
1029 2943 1228 3003 Tiberi
1261 2941 1532 3003 Caesaris
1565 2945 1956 3041 temporibus.
1978 2983 1982 2996 ι

137 3035 208 3088 84
352 3028 453 3088 20.
489 3027 621 3106 (22.
626 3029 654 3107 )
700 3027 980 3088 Malorum
1005 3030 1378 3106 pirorumque
1402 3028 1608 3104 generi
1638 3028 2131 3094 adnumerentur
2112 3043 2218 3089 iure

221 3111 466 3205 mespila
503 3120 676 3200 atque
719 3111 912 3172 sorba.
974 3111 1236 3191 Mespilis
1265 3113 1376 3171 tria
1404 3129 1660 3188 genera,
1705 3112 2038 3190 anthedon‚
2086 3121 2214 3174 seta·
2273 3165 2274 3170 ,

222 3193 350 3262 nia,
412 3195 640 3253 tertium
699 3182 1050 3272 degenerat,
1117 3196 1428 3255 anthedoni
1489 3205 1679 3256 tamen
1733 3197 2017 3273 similius,
2081 3191 2262 3292 qumi&

228 3235 508 3333 Gallicum
538 3287 767 3338 vocant.
830 3280 1087 3342 setaniae
1118 3280 1300 3338 maius
1332 3296 1561 3356 pomum
1600 3279 2060 3366 candidiusque,
2087 3276 2211 3342 acini

222 3352 490 3412 molliore
521 3358 714 3434 ligno,
749 3364 960 3424 ceteris
992 3364 1176 3421 minus
1201 3380 1467 3441 pomum,
1495 3363 1602 3423 sed
1626 3362 1813 3423 odore
1845 3361 2210 3444 praestandas
2272 3287 2275 3434 l

226 3431 284 3488 et'
331 3436 484 3510 quod
531 3439 737 3533 diutius
783 3454 1070 3531 servetur.
1130 3446 1306 3507 arbor
1350 3445 1478 3528 ipsa
1513 3447 1586 3507 de
1634 3447 2028 3526 amplissimis.
2077 3443 2205 3506 tolia
