2320 3650
527 109 688 158 NAT.
717 108 898 158 ms'r.
927 109 1030 159 111.
1062 108 1131 160 22
1149 107 1305 162 -26.
1345 94 1642 180 (26—29.)
2037 100 2155 163 153

147 274 240 326 tes
263 262 719 328 Acroceraunia
730 262 939 342 quibus
961 263 1110 324 hunc
1128 264 1401 344 Europae
1427 266 1928 327 determinavimus
1950 268 2147 327 sinum.
2174 283 2222 316 υτ

151 346 388 409 Oricum
420 365 454 409 a
491 348 790 409 Salentino
823 346 1024 408 Italiae
1065 347 1460 427 promontorio
1493 351 1665 410 distat
1691 348 1901 410 LXXX
1926 350 1988 410 Μ
2024 369 2153 430 pas·

151 450 332 492 suum.

277 514 384 576 24.
436 514 605 593 (27.)
638 514 691 573 A
724 522 895 591 tergo
927 512 1246 575 Carnorum
1289 524 1347 575 et
1380 515 1687 594 Iapydum,
1740 479 1850 594 qua
1893 535 1960 576 se
2004 517 2116 580 fert
2140 521 2241 578 146

116 617 398 677 smagnus
430 598 646 670 Hister
678 597 879 656 Raetis
912 587 1218 675 iunguntur
1246 597 1466 659 Norici
1515 600 1728 677 oppida
1761 616 1958 659 eorum
1988 600 2154 662 Viru-

150 701 303 758 num,
340 680 581 757 Celeia,
617 680 897 755 Teurnia,
931 681 1254 759 Aguntum,
1286 682 1644 742 Vianiomina
1666 727 1682 759 ,
1719 680 1992 758 Claudia,
2024 682 2154 744 Fla-

149 767 326 826 vium
337 759 652 827 Solvense.
704 761 934 824 Noricis
964 767 1271 841 iunguntur
1301 766 1462 825 lacus
1492 767 1685 841 Peiso,
1722 767 1952 826 deserta
1985 767 2155 827 Boio-

150 868 293 909 rum.
331 852 449 909 iam
477 858 669 916 tamen
699 847 926 908 colonia
957 849 1073 910 divi
1106 846 1309 909 Claudi
1339 849 1579 910 Sabaria
1612 859 1681 910 et»
1700 851 1917 927 oppido
1948 851 2154 910 Scara-

152 933 344 994 bantia
381 931 524 993 Iulia
553 931 895 991 habitantur.

85 1026 136 1068 ιο
269 1015 377 1076 25.
426 1013 596 1093 (28.)
637 1014 777 1075 Inde
822 1015 1146 1092 glandilera
1193 1015 1551 1092 Pannoniae,
1602 1034 1714 1096 qua
1754 1018 2112 1077 mitescentia
2139 1025 2241 1083 14⁷

152 1100 391 1178 Alpium
432 1100 566 1175 iuga
602 1109 711 1175 per
752 1099 998 1158 medium
1033 1098 1323 1173 Illyricum
1369 1118 1401 1160 a
1447 1103 1847 1178 septentrione
1881 1101 1952 1160 ad
1984 1102 2155 1160 meri·

154 1183 308 1244 diem
347 1200 526 1241 versa
570 1181 732 1241 molli
779 1184 833 1241 in
879 1182 1083 1242 dextra
1121 1200 1192 1241 ac
1241 1183 1410 1242 laeva
1451 1184 1781 1244 devexitate
1833 1185 2153 1244 considunt.

155 1266 494 1344 Quae‘pars
522 1266 595 1325 ad
627 1283 785 1325 mare
816 1264 1206 1326 Hadriaticum
1252 1276 1478 1344 spe-ctat
1513 1267 1840 1345 appellatur
1868 1266 2153 1327 Delmatia

156 1359 214 1410 et
242 1349 541 1425 Illyricum
567 1366 739 1426 supra
771 1349 997 1409 dictum.
1052 1349 1123 1409 ad
1154 1352 1586 1427 septentriones
1604 1351 1896 1410 Pannonia
1938 1352 2147 1427 vergit.
2173 1373 2239 1407 ωε

88 1441 141 1482 ¹⁵
157 1433 348 1506 finitur
379 1432 514 1492 inde
542 1431 826 1492 Danuvio.
887 1432 949 1492 ln
982 1451 1052 1492 ea
1083 1433 1349 1492 coloniae
1381 1433 1660 1508 Acmona,
1695 1436 1898 1493 Siscia.
1960 1451 2156 1492 amnes

156 1516 300 1578 clari
357 1525 418 1575 et
469 1515 828 1591 navigabiles
883 1518 938 1574 in
983 1516 1303 1575 Danuvium
1365 1516 1619 1576 defluunt
1659 1515 1850 1576 Draus
1905 1534 1937 1574 e
1987 1516 2154 1575 Nori-

151 1602 243 1660 cis
271 1600 918 1673 violentior,*Saus-ex
946 1599 1198 1677 Alpibus
1240 1596 1501 1659 Carnicis
1544 1599 1858 1677 placidior,
1912 1596 2070 1659 CXX
2099 1596 2157 1658 M

149 1700 313 1763 pass.
365 1682 697 1758 intervalla,
729 1681 916 1742 Draus
946 1701 1058 1761 per
1083 1685 1376 1759 Serretes,
1410 1682 1785 1761 Serrapillos,
1819 1682 2004 1757 Iasos,
2037 1682 2154 1741 An-

153 1768 418 1845 dizeteS,
466 1766 612 1827 Saus
644 1783 752 1844 per
782 1763 1134 1845 Colapianos
1186 1766 1580 1846 Breucosque.
1631 1767 1974 1845 populorum
2004 1765 2154 1827 haec

86 1862 137 1903 ²⁰
155 1853 371 1930 cupita.
406 1859 715 1928 praeterea
739 1850 1028 1925 Arivates,
1060 1850 1227 1910 Azali
1251 1851 1556 1926 Amantini,
1580 1851 1861 1927 Belgites,
1898 1849 2110 1926 Catari,
2137 1859 2239 1913 148

155 1933 543 2008 Cornacates,
576 1933 859 2010 Eravisci,
892 1933 1294 2009 Hercuniates,
1327 1933 1611 2009 Latovici,
1645 1933 1977 2011 Oseriates,
2009 1934 2153 1994 Var-

147 2014 345 2093 ciani,
392 2034 557 2076 mons
604 2015 907 2093 ClaudiuS,
956 2019 1115 2077 cuius
1164 2019 1221 2075 ἰιι
1270 2017 1459 2077 fronte
1508 2018 1835 2092 Scordisci,
1881 2019 1938 2075 in
1983 2026 2154 2094 tergo

154 2100 441 2162 Taurisci.
506 2100 689 2160 insula
739 2101 796 2159 in
817 2119 824 2125 ·
844 2102 999 2161 Savo
1053 2100 1429 2177 Metubarris,
1484 2102 1826 2161 amnicarum
1872 2118 2151 2160 maxuma.
2193 2166 2203 2173 ‚

152 2183 477 2245 Praeterea
510 2201 707 2243 amnes
735 2185 1087 2244 memorandi
1121 2181 1380 2262 Colapis.
1438 2185 1494 2242 in
1525 2187 1696 2244 Saum
1727 2183 1969 2243 influens
2001 2185 2153 2245 iuxta

89 2269 407 2328 ²³·Sisciam
438 2268 681 2344 ,gemino
724 2266 895 2327 alveo
939 2268 1179 2327 insulam
1210 2267 1289 2326 ibi
1325 2268 1502 2326 efficit
1533 2286 1680 2345 quae
1715 2267 2021 2343 Segestica
2053 2283 2151 2343 ap-

155 2351 432 2431 pellatur.
468 2351 617 2410 alter
646 2352 823 2410 amnis
853 2348 1160 2410 Bacuntius
1192 2352 1247 2408 in
1277 2352 1448 2411 Saum
1471 2352 1678 2410 Sirmio
1707 2350 1922 2427 oppido
1953 2349 2152 2423 influit,

154 2434 254 2495 ubi
287 2433 494 2494 civitas
526 2433 915 2493 Sirmiensium
959 2443 1018 2493 et
1046 2433 1494 2493 Amantinorum.
1559 2434 1691 2492 inde
1726 2433 1876 2492 XLV
1907 2432 1966 2491 M
1994 2451 2150 2510 pasS.

156 2516 521 2593 Taurunum,
576 2516 673 2575 ubi
704 2515 967 2576 Danuvio
1009 2519 1284 2576 miscetur
1314 2518 1478 2577 Saus.
1539 2535 1713 2595 supra
1755 2516 1989 2575 influunt
2018 2516 2151 2575 Val-

157 2601 357 2675 dasus,
389 2599 678 2677 Urpanus,
712 2608 771 2658 et
801 2600 912 2677 ipsi
940 2617 1054 2659 non
1083 2600 1392 2676 ignobiles.

91 2698 146 2742 ao
280 2682 383 2744 26.
417 2683 586 2762 (29.)
618 2682 941 2743 Pannoniae
974 2685 1222 2760 iungitur
1251 2683 1567 2759 provincia„
1579 2700 1728 2761 quae
1759 2681 1983 2740 Moesia
2014 2699 2110 2758 ap·
2137 2688 2239 2743 149

105 2766 434 2849 pell,atur
474 2768 545 2826 ad
577 2766 812 2826 Pontum
842 2784 1026 2845 usque
1060 2785 1185 2826 cum
1214 2766 1475 2826 Danuvio
1507 2767 1841 2826 decurrens
1894 2765 2091 2841 incipit
2122 2782 2155 2823 a

105 2840 495 2911 confluente
539 2866 713 2926 supra
747 2850 922 2909 dicto.
984 2852 1041 2908 in
1086 2868 1153 2909 ea
1200 2850 1482 2929 Dardani,
1535 2846 1842 2924 Celegeri,
1893 2846 2152 2919 Triballi,

157 2932 443 3008 Timachi,
478 2931 697 3007 Moesi,
738 2931 994 2992 Thraces
1027 2933 1328 3010 Pontoque
1361 2933 1696 2992 contermini
1729 2928 2000 3005 Scythae.
2054 2929 2153 2988 ssu-

157 3017 312 3077 nina
344 3015 503 3076 clara
536 3033 569 3074 e
605 3013 886 3074 Dardanis
917 3015 1131 3092 Margis
1166 3016 1376 3092 Pingus
1412 3015 1735 3092 Timachus,
1771 3032 1845 3072 ex
1870 3012 2156 3090 Rhodope

93 3098 415 3173 asoewus,
454 3116 532 3158 ex
564 3097 782 3157 Haemo
816 3097 979 3171 Utus,
1014 3098 1279 3173 Asamus,
1316 3098 1559 3158 Ieterus.
1623 3098 1842 3172 lllyrici
1876 3096 2114 3156 latitudo
2138 3106 2241 3159 150

163 3199 279 3262 qua
305 3200 570 3242 maxuma
604 3189 695 3239 est
736 3177 1049 3241 CCCXXV
1081 3181 1140 3240 M
1183 3199 1451 3260 passuum
1487 3181 1742 3257 colligit,
1789 3180 2088 3257 longitudo
2123 3198 2156 3238 a

161 3264 393 3326 flumine
426 3264 601 3324 Arsia
636 3263 709 3323 ad
729 3258 940 3322 flumen
969 3264 1224 3323 Drinium
1260 3262 1465 3324 DCCC
1496 3263 1584 3338 M,
1622 3281 1656 3323 a
1685 3264 1885 3324 Drinio
1917 3264 1988 3325 ad
2021 3278 2155 3341 pro-

143 3348 506 3410 'tentorium
536 3347 1029 3408 Acroceraunium
1065 3346 1323 3409 CLXXII
1350 3347 1408 3410 M
1435 3348 1697 3431 Agrippa
1731 3347 1999 3427 prodidit,
2035 3346 2153 3404 uni-

2204 3506 2242 3544 A
