2320 3650
304 50 466 94 NAT.
506 49 685 96 msT.
723 50 846 95 ΧΠ.
893 43 1199 97 27—x111.
1236 45 1285 97 1.
1323 37 1474 111 (ΧΗ.
1509 45 1815 99 (to—xm.
1841 40 1929 116 2.)
2046 33 2160 96 231

148 207 485 276 unguenta.
563 195 708 276 Gap.
763 200 817 257 1.
896 197 1037 272 Quis
1099 199 1315 276 primus
1378 199 1663 257 invenerit
1723 215 1843 258 non
1907 197 2165 261 traditur.
2188 210 2224 263 2

147 284 365 343 ‘Iliacis
393 281 753 359 temporibus
788 298 903 341 non
930 291 1130 357 erant,
1177 296 1288 341 nec
1325 290 1452 341 ture
1494 282 1945 360 supplicabatur.
2010 284 2170 343 cedri

146 375 385 448 sanum
424 374 495 424 et'
514 367 640 425 citri
669 382 903 426 suorum
932 366 1199 432 fruticum
1234 374 1294 424 et
1320 367 1377 424 in
1406 367 1588 425 sacris
1616 365 1771 425 fumo
1799 367 2166 427 convolutum

149 451 431 510 nidorem
472 450 669 508 verius
716 466 882 527 quam
923 451 1164 510 odorem
1206 458 1490 513 noverant
1535 451 1645 508 iam
1675 466 1848 509 rosae
1890 468 2034 524 saco
2081 470 2171 509 re-

104 550 131 589 5
155 544 359 615 per-to.
424 535 745 594 nominatur
774 536 924 593 enim
956 534 1053 593 hic
1093 550 1328 612 quoque
1373 535 1431 593 in
1473 533 1596 592 olei
1637 532 1824 597 lande.
1900 533 2227 611 Uagam-3

154 630 280 678 tum
313 617 620 677 Persarum
654 620 846 694 gentis
881 635 1020 677 esse
1053 617 1249 678 debet.
1310 618 1394 678 illi
1425 617 1657 678 madent
1686 634 1760 677 eo
1801 626 1863 677 et
1892 619 2174 677 accersita

152 701 669 763 commendatione
726 701 939 760 inluvie
999 711 1187 761 natum
1244 702 1401 762 virus
1465 701 1814 778 eustingunt.
1908 703 2169 778 primum,

157 785 324 866 qnod
359 785 627 864 equidem
653 785 970 861 inveniam,
998 787 1204 845 castris
1234 785 1410 845 Darei
1438 786 1602 884 regis
1621 785 1967 863 expugnatis
1995 786 2054 844 in
2080 804 2173 845 re-

160 871 328 950 liquo
369 870 494 928 eius
538 869 813 948 adparatu
848 868 1188 930 Alexander
1231 870 1388 948 cepit
1428 871 1699 929 scrinium
1734 878 2171 946 unguentorum.

86 968 138 1008 ιο
159 963 377 1040 postea
414 953 685 1032 voluptas
718 955 843 1017 eins
887 971 920 1013 a
951 955 1167 1013 nostris
1202 971 1433 1032 quoque
1464 955 1616 1013 inter
1659 953 1972 1015 lautissima
1998 962 2172 1031 atque
2249 1012 2250 1015 ,

158 1027 342 1098 etiam
376 1036 782 1097 honestissima
814 1038 968 1097 vitae
1010 1037 1165 1097 bona
1207 1038 1454 1099 admissa
1497 1047 1621 1112 est,
1661 1038 1968 1116 honosque
2003 1046 2061 1097 et
2104 1036 2175 1097 ad

161 1121 479 1183 defunctos
513 1122 835 1198 pertinere
840 1123 1055 1199 coepit.
1105 1131 1464 1200 quapropter
1485 1123 1653 1201 plura
1685 1122 1762 1183 de
1793 1139 1867 1182 eo
1895 1122 2172 1183 dicemus.

164 1205 338 1279 Quae
382 1210 458 1264 ex
498 1203 587 1264 his
622 1221 737 1265 non
771 1213 938 1265 erunt
974 1206 1243 1265 fruticum
1284 1206 1356 1265 ad
1386 1223 1667 1284 praesens
1696 1206 2021 1269 nomimbns
2051 1212 2171 1275 tan-

159 1300 279 1349 tum
311 1287 748 1364 indicabantur,
780 1299 981 1350 natura
1010 1306 1155 1349 vero
1188 1305 1387 1349 eorum
1417 1292 1537 1350 suis
1566 1290 1845 1350 reddetur
1875 1291 2043 1350 locis.

90 1385 144 1424 1⁵
299 1368 431 1452 (2.)
456 1373 774 1450 Unguentis
806 1375 1149 1451 cognomina
1182 1373 1401 1433 dedere
1427 1373 1553 1432 aliis
1576 1373 1823 1452 patriae,
1861 1373 1989 1433 aliis
2022 1373 2167 1447 suci,
2192 1381 2227 1433 4

161 1459 295 1518 aliis
327 1456 595 1533 arbores,
627 1458 754 1518 aliis
785 1474 1035 1533 causae,
1068 1458 1425 1536 primumque
1457 1457 1515 1517 id
1544 1459 1700 1517 scire
1726 1458 2019 1532 convenit,
2053 1474 2171 1515 mu—

158 1551 340 1602 tatam
381 1543 782 1600 auctoritatem
817 1551 877 1600 et
911 1543 1148 1619 saepius
1176 1541 1458 1601 transisse
1505 1541 1783 1618 gloriam.
1819 1539 2166 1601 Laudatissi·

157 1642 314 1685 mum
354 1624 460 1683 fuit
499 1627 806 1703 antiquitus
845 1626 901 1684 in
929 1625 1082 1686 Delo
1117 1625 1336 1701 insula,
1378 1634 1587 1704 postea
1617 1623 1997 1685 Mendesium.
2064 1641 2175 1682 nec

154 1710 410 1770 mixtura
449 1717 508 1767 et
532 1711 942 1787 conpositione
983 1714 1199 1771 tantum
1240 1710 1356 1771 hoc
1401 1709 1643 1785 accidit,
1689 1709 1795 1770 sed
1838 1708 2012 1769 iidem
2045 1709 2171 1768 suci

85 1794 327 1858 nvarie
359 1790 497 1852 alibi
527 1802 699 1873 atque
729 1793 865 1854 alibi
895 1795 1282 1873 praevaluere
1316 1802 1413 1855 aut
1443 1794 1907 1872 degeneravere.
1965 1793 2176 1853 Irinum
2195 1801 2232 1854 5

161 1875 432 1937 Corinthi
456 1877 550 1937 din
570 1891 836 1938 maxume
859 1879 1097 1957 placuit,
1130 1889 1339 1958 postea
1369 1878 1601 1955 Cyzici,
1635 1877 2008 1939 similimodo
2040 1877 2175 1937 rho·

159 1962 359 2022 diuum
408 1960 671 2038 Phaseli,
729 1979 896 2040 quam
945 1962 1190 2040 gloriam
1239 1963 1538 2024 abstulere
1579 1962 1896 2041 Neapolis»,
1953 1959 2173 2040 Capua,

158 2046 511 2106 Praenestoe
570 2048 865 2106 crocinum
899 2046 957 2105 in
984 2048 1145 2107 Solis
1175 2046 1420 2108 Ciliciae
1459 2047 1554 2107 diu
1585 2064 1851 2106 maxume
1886 2045 2175 2105 laudatum

161 2140 290 2204 est,
329 2146 466 2188 mox
495 2128 724 2205 Rhodi,
768 2128 1177 2192 oenanthinum
1210 2131 1266 2189 in
1301 2128 1533 2208 Cypro,
1568 2130 1778 2190 deinde
1806 2131 1865 2189 in
1894 2128 2175 2206 Aegypto

85 2231 140 2272 25
159 2215 593 2292 praepositum,
638 2223 773 2292 post
797 2213 1212 2290 Adramytteo,
1248 2216 1632 2273 amaracinum
1663 2215 1720 2272 in
1751 2210 1915 2286 Coo,
1966 2220 2174 2289 postea

160 2296 375 2357 eodem
426 2295 563 2356 loco
613 2298 936 2375 praelatum
987 2306 1079 2357 est
1129 2298 1435 2373 melinum,
1487 2298 1784 2375 cyprinum
1834 2298 1894 2356 in
1951 2293 2171 2373 Cypro,

159 2381 374 2441 deinde
406 2383 462 2440 in
493 2380 806 2460 Aegypto,
853 2380 952 2442 ubi
982 2380 1343 2442 Mendesium
1383 2390 1441 2440 et
1471 2382 1786 2460 metopium
1819 2378 2006 2440 subito
2040 2395 2173 2455 gra·

158 2468 276 2525 tius
307 2464 519 2524 factum
554 2474 662 2524 est.
722 2482 858 2525 mox
887 2464 1038 2525 haec
1069 2464 1304 2525 abstulit
1335 2464 1664 2540 Phoenice,
1696 2474 1756 2524 et
1788 2464 2013 2542 cyprini
2045 2462 2165 2521 lau·
2195 2470 2231 2524 6

160 2550 299 2609 dem
332 2548 607 2627 Aegypto
649 2549 905 2627 reliquit.
968 2549 1435 2609 Panathenaicon
1465 2566 1633 2607 suum
1662 2547 1932 2608 Athenae
1970 2563 2173 2626 perse-

84 2652 142 2694 eo
161 2641 439 2693 veranter
463 2633 790 2710 optinuere.
836 2633 1028 2692 fuerat
1051 2643 1110 2693 et
1140 2633 1459 2711 pardalium
1489 2633 1548 2691 in
1575 2631 1783 2707 Tarso,
1818 2632 1980 2691 cuins
2007 2630 2176 2689 etiam

163 2718 494 2795 conpositio
528 2726 586 2775 et
615 2718 860 2778 mixtura
892 2716 1227 2777 oblitterata
1252 2726 1360 2776 est.
1423 2716 2065 2793 narcissinumrquoqne
2098 2729 2174 2770 ex

164 2802 311 2862 {lore
357 2802 620 2861 narcisso
654 2800 828 2860 desiit
859 2802 1129 2878 conponi.
1193 2800 1362 2861 Ratio
1406 2800 1659 2861 faciendi
1704 2798 1951 2877 duplex,
1998 2802 2229 2857 sucus?

163 2895 226 2945 et
267 2901 501 2962 corpas.
594 2882 697 2944 ille
742 2884 862 2943 olei
907 2883 1225 2961 generibus
1266 2884 1397 2944 fere
1441 2890 1701 2959 constat,
1750 2883 1865 2942 hoc
1908 2880 2168 2940 odorum.

160 2970 312 3029 haec
341 2977 641 3042 stymmata
671 2976 918 3044 vocant,
950 2968 1049 3028 illa
1078 2968 1435 3043 hedysmata.
1489 2969 1693 3029 tertius
1724 2968 1874 3027 inter
1902 2965 2052 3025 haec
2083 2971 2174 3022 est

87 3075 143 3117 aa
166 3052 333 3113 colos
372 3051 566 3112 multis
607 3052 935 3129 neglectus.
985 3052 1153 3111 huius
1201 3070 1376 3113 causa
1419 3051 1705 3113 adduntur
1750 3048 2078 3109 cinnabaris
2111 3054 2171 3105 et

161 3133 434 3197 anchusa.
475 3136 563 3196 sal
595 3136 910 3229 adspersus
935 3137 1054 3196 olei
1083 3146 1340 3197 naturam
1366 3145 1627 3197 coercet.
1683 3135 1892 3213 quibus
1916 3132 2172 3194 anchusa

163 3222 389 3281 adiecta
422 3228 515 3279 est
557 3222 641 3280 sal
675 3238 792 3280 non
821 3220 1062 3281 additur.
1120 3222 1313 3280 resina
1342 3229 1441 3280 aut
1471 3220 1708 3280 cummis
1735 3218 2057 3279 adiciuntur
2098 3213 2171 3273 ad

162 3303 566 3365 continendum
590 3305 875 3365 odorem
856 3322 915 3364 ιιι
946 3320 1220 3383 corpore.
1268 3304 1613 3365 celerrime
1596 3321 1648 3362 ιε
1673 3303 1974 3363 evanescit
1995 3308 2170 3377 atque

2135 3471 2251 3579 A
