2320 3650
541 134 702 179 NAT.
734 133 916 181 ms'r.
962 135 1029 180 x.
1066 130 1268 185 7-12.
1307 123 1576 202 (8-15.)
1920 122 2039 184 125
2076 173 2083 188 .

52 288 180 348 titre
201 332 218 362 ,
258 290 316 345 si
348 286 581 365 quando
612 305 723 347 una
755 288 1079 366 adparuere
1099 333 1114 362 ,
1151 289 1277 348 sola
1309 292 1555 350 omnium
1587 290 1710 348 avis
1741 307 1773 348 a
1804 306 1911 349 suo
1942 308 2042 367 ge-

52 390 162 432 tere
195 374 576 447 interempta.
636 380 813 431 mutat
846 381 1033 434 autem
1064 382 1131 432 et*
1150 390 1390 448 vocem,
1430 374 1700 451 procedit
1727 391 1866 432 vere
1887 419 1902 449 ,
1937 391 2037 433 oc·
2061 385 2130 439 26

52 456 278 516 zultatur
314 455 620 515 caniculae
655 465 781 514 ortu
817 474 1167 533 semperque
1200 458 1437 534 parit'in
1467 458 1671 518 alienis
1707 457 1888 532 nidis,
1926 476 2043 517 ma·

52 558 193 599 nume
226 538 619 617 palumbium,
662 540 882 599 maiore
929 559 1004 599 ex
1036 549 1205 617 parte
1238 541 1464 617 singula
1501 558 1609 610 ova
1631 585 1647 615 ,
1695 540 1849 617 quod
1890 542 2045 601 nulla

52 625 136 683 ilia
166 625 335 697 avis,
382 639 518 680 raro
563 622 715 682 bina.
777 641 950 684 causa
993 624 1315 683 subiciendi
1354 625 1550 702 pullos
1580 633 1843 702 putatur,
1891 626 2046 701 quod

53 709 168 766 »ciat
196 725 265 766 se
299 707 545 765 invisam
572 707 792 766 cunctis
824 707 1046 767 avibus.
1087 726 1216 766 nam
1240 709 1452 768 minuta
1484 726 1718 786 quoque
1748 708 2041 767 infestant.

52 801 101 851 ta
129 808 246 860 non
278 790 417 849 fore
455 799 631 850 tutam
660 793 865 868 generi
897 808 1002 850 suo
1040 792 1282 869 stirpem
1312 794 1580 870 opinatur
1601 837 1617 867 ,
1649 792 1704 850 ni
1740 792 2041 869 fefellerit,

52 893 202 952 [nare
248 875 472 934 nullum
503 874 644 935 facit
684 876 908 949 nidum,
955 876 1173 953 alioqui
1203 877 1489 953 trepidum
1532 875 1758 936 animal.
1833 875 2039 935 educat
2061 883 2129 938 27

52 974 168 1034 xrgo
210 958 510 1020 subditum
554 958 879 1019 adulterato
920 959 1039 1018 feta
1084 959 1241 1018 nido.
1321 959 1670 1022 illetavidus
1726 977 1801 1017 ex
1845 969 2045 1019 natura

52 1044 310 1122 ›raeripit
346 1041 511 1101 cibos
551 1042 792 1120 reliquis
824 1042 1031 1120 pullis,
1065 1044 1259 1120 itaque
1294 1044 1622 1120 pinguescit
1653 1052 1712 1102 et
1743 1043 1953 1103 nitidus
1989 1044 2048 1102 in

52 1145 95 1185 se
116 1128 731 1191 nutricemconvertit.
790 1127 888 1187 illa
920 1127 1133 1203 gaudet
1155 1128 1281 1186 eius
1303 1129 1504 1205 specie
1537 1127 1885 1204 miraturque
1912 1145 2046 1187 sese

53 1228 209 1287 psam
243 1211 409 1289 quod
439 1210 613 1270 talem
643 1211 963 1288 pepererit.
1034 1228 1174 1269 suos
1220 1212 1633 1288 conparatione
1666 1212 1790 1269 eius
1821 1212 2048 1271 damnat

53 1302 91 1353 nt
132 1295 400 1369 alienos,
446 1292 784 1372 absumique
822 1295 994 1355 etiam
1040 1312 1106 1352 se
1156 1295 1522 1371 inspectante
1566 1295 1809 1371 patitur,
1855 1295 2047 1354 donec

52 1380 317 1457 zonripiat
348 1381 533 1455 ipsam
564 1396 798 1457 quoque
828 1380 938 1437 iam
970 1377 1205 1437 volandi
1228 1387 1457 1455 potens.
1512 1378 1665 1462 nulla
1697 1387 1833 1438 tunc
1860 1380 2045 1439 avium

52 1465 315 1524 §navitate
346 1462 536 1521 carnis
568 1471 915 1541 conparatur
946 1462 1048 1521 illi.
1282 1513 1307 1536 ,

102 1619 112 1628 ἡ
159 1547 257 1608 10.
311 1544 481 1624 (12.)
536 1544 695 1606 milvi
740 1565 815 1605 ex
856 1546 1468 1623 eodem‘accipitrum
1493 1562 1714 1621 genere
1764 1545 2133 1621 magum-28

52 1630 158 1689 dine
211 1630 508 1691 differunt.
588 1639 843 1690 notatum
894 1631 951 1688 in
1001 1630 1088 1689 his
1142 1630 1575 1707 rapacissimam
1620 1638 1677 1687 et
1723 1629 2048 1689 famelicam

52 1732 263 1791 semper
291 1714 488 1772 alitem
513 1714 654 1774 nihil
687 1714 973 1773 esculenti
1004 1731 1217 1790 rapere
1247 1731 1514 1793 umquam
1544 1732 1620 1773 ex
1641 1712 1903 1772 funerum
1929 1713 2044 1772 fer-

52 1797 207 1874 culis,
254 1816 372 1859 nec
408 1795 712 1877 Olympiae
760 1816 836 1858 ex
878 1815 1012 1873 ara,
1048 1816 1124 1859 ac
1157 1816 1231 1857 ne
1272 1796 1578 1883 fetentium
1608 1798 1836 1876 quidem
1872 1799 2047 1857 mani-

52 1881 138 1942 bus
169 1884 282 1942 nisi
317 1881 550 1958 lugubri
580 1883 1021 1959 municipiorum
1049 1883 1441 1944 inmolantium
1470 1892 1722 1943 ostento.
1765 1882 1936 1942 iidem
1963 1883 2045 1941 vi·

54 1966 237 2027 dentur
283 1967 470 2027 artem
504 1966 862 2041 gubernandi
892 1966 1166 2027 docuisse
1201 1967 1419 2029 caudae
1455 1967 1740 2042 flexibus,
1789 1968 1846 2025 in
1879 1967 2046 2027 caelo

54 2060 389 2113 menstrante
419 2058 622 2113 natura
656 2050 813 2128 quod
843 2067 992 2128 opus
1022 2060 1184 2111 esset
1206 2054 1272 2114 in
1301 2051 1611 2129 profundo.
1665 2030 1820 2109 milvi
1850 2059 1909 2109 et
1939 2051 2050 2128 ipsi

54 2133 294 2195 hibernis
324 2134 621 2206 mensibus
655 2134 868 2208 latent,
916 2152 1033 2194 non
1059 2144 1250 2214 tamen
1281 2144 1414 2194 ante
1446 2135 1803 2195 hirundinem
1833 2133 2046 2192 abeun-

54 2226 143 2277 tes.
204 2218 510 2279 traduntur
540 2228 729 2277 autem
759 2227 817 2277 et
845 2235 878 2277 a
911 2219 1162 2279 solstitio
1204 2219 1374 2278 adfici
1404 2219 1687 2295 podagra.

160 2305 259 2362 11.
321 2301 494 2380 (13.)
560 2302 875 2362 Volucrum
924 2304 1105 2380 prima
1147 2303 1442 2362 distinctio
1488 2300 1733 2378 pedibus
1776 2318 2038 2359 maxume
2063 2309 2133 2362 29

54 2396 282 2447 count.
315 2432 324 2439 .
359 2395 455 2446 ant
507 2388 658 2447 enim
699 2387 957 2446 aduncos
997 2387 1204 2463 unguis
1249 2385 1463 2446 habent
1507 2393 1602 2443 aut
1650 2383 1897 2460 digitos,
1950 2392 2048 2443 aut

54 2470 425 2548 palmipedum
455 2470 515 2529 iu
543 2487 765 2546 genere
790 2479 919 2530 sunt
944 2480 1004 2530 ut
1032 2488 1275 2531 anseres
1308 2478 1366 2528 et
1389 2469 1694 2548 aquaticae
1724 2467 1852 2526 fere
1883 2486 2044 2527 aves.

54 2553 294 2614 aduncos
349 2553 557 2630 unguis
603 2553 873 2615 habentia
920 2571 1094 2613 carne
1146 2562 1361 2612 tantum
1404 2559 1717 2611 vescuntur
1761 2569 1834 2610 ex
1881 2561 2046 2629 parte

56 2655 260 2714 magna.
356 2637 452 2696 12.
496 2637 665 2716 (14.)
714 2638 980 2696 cornices
1012 2647 1069 2697 et
1100 2637 1215 2696 alio
1243 2636 1478 2715 pabulo,
1513 2645 1574 2706 ut
1602 2653 1752 2713 quae
1775 2634 2042 2694 duritiem
2065 2643 2135 2696 30

56 2724 197 2785 nucis
226 2730 421 2781 rostro
455 2730 874 2798 repugnantem
902 2722 1171 2782 volantes
1199 2723 1259 2779 in
1287 2720 1459 2779 altum
1486 2721 1541 2779 in
1571 2736 1713 2777 saxa
1740 2718 2047 2794 tegulasve

56 2804 248 2866 iaciant
306 2807 513 2866 iterum
574 2823 645 2866 ac
709 2805 976 2882 saepius,
1042 2806 1234 2865 donec
1295 2813 1623 2882 quassatam
1680 2801 2049 2880 perfringere

56 2899 268 2964 queant.
329 2891 458 2968 ipsa
488 2889 613 2951 ales
646 2898 738 2950 est
777 2890 1170 2967 inauspicatae
1210 2888 1595 2964 garrulitatis,
1645 2904 1677 2946 a
1713 2884 2049 2963 quibusdam

56 2978 227 3033 tamen
273 2973 521 3036 laudata.
598 2972 671 3033 ab
713 2973 929 3033 arcturi
984 2973 1177 3034 sidere
1221 2972 1292 3031 ad
1336 2970 1696 3031 hirundinum
1740 2969 2051 3029 adventum

56 3066 267 3121 notatur
319 3075 448 3118 eam
485 3058 563 3119 .in
624 3055 923 3117 Minervae
982 3058 1130 3117 lucis
1192 3055 1543 3133 templisque
1602 3071 1774 3127 raro,
1834 3050 2051 3112 alicubi

56 3143 267 3203 omnino
316 3159 433 3202 non
484 3140 741 3218 adspici,
798 3141 946 3201 sicut
995 3140 1262 3201 Athenis.
1352 3147 1663 3216 praeterea
1718 3137 1849 3199 sola
1899 3137 2049 3197 haec

57 3225 213 3284 etiam
241 3225 490 3289 volantis
515 3225 709 3303 pullos
740 3224 1086 3301 aliquamdiu
1116 3224 1324 3301 pascit,
1357 3222 1873 3301 inauspicatissima
1896 3221 2050 3282 fetus

56 3314 339 3387 tempore,
380 3311 495 3370 hoo
527 3318 620 3369 est
648 3317 783 3386 post
814 3309 1138 3369 solstitium.

170 3393 335 3471 (15.)
363 3391 638 3458 :Ceterae
672 3410 869 3455 omnes
895 3411 974 3452 ex
1004 3391 1213 3453 eodem
1242 3409 1463 3469 genere
1488 3390 1713 3469 pellunt
1735 3391 1885 3450 nidis
1914 3388 2042 3469 pul·
2066 3395 2136 3448 31

2170 3532 2268 3578 A
