2320 3650
9 52 370 164 '¹
491 98 654 149 nar.
686 97 870 146 msr.
899 98 1029 147 nn.
1081 87 1254 148 7—-s,
1294 81 1593 168 (ll—15.)
1995 87 2108 148 161

107 259 258 318 sinus
303 253 383 315 ab
425 253 638 313 incolis
680 253 899 328 dictus,
956 252 1018 312 in
1058 269 1175 331 quo
1221 252 1435 331 oppida
1480 252 1815 329 Halcyone,
1864 253 2107 330 Econia,

105 341 368 402 Phalara.
1342 343 1347 352 '
1930 347 1935 356 ‘

156 437 171 449 ·
201 422 401 503 (13.)
439 420 614 481 Doris
646 420 892 495 deinde,
944 420 1002 479 in
1033 436 1144 498 qua
1180 420 1533 500 Sperchios,
1584 418 1873 498 Erineon,
1904 421 2195 498 Boion,28

107 508 335 581 Pindus,
379 503 664 585 Cytinum.
734 503 968 566 Doridis
998 522 1033 565 a
1061 514 1231 582 tergo
1262 521 1425 564 mons
1459 502 1604 565 Oeta
1636 513 1745 564 est.

67 617 90 656 5
213 591 395 670 (14.)
424 590 703 667 Sequitur
722 588 948 647 mutatis
980 606 1163 667 saepe
1195 588 1516 648 nominibus
1542 587 1880 665 Haemonia,
1906 590 2110 651 eadem

107 675 464 754 Pelasgicon
495 673 712 749 ArgOS,
745 669 968 748 Hellas,
1006 673 1211 733 eadem
1242 671 1544 734 Thessalia
1567 681 1624 731 et
1649 671 1929 751 Dryopis,
1958 693 2107 734 sem-

107 778 213 839 per
246 778 282 820 a
317 757 574 835 regibus
596 772 668 816 co
752 757 1015 816 ominata.
1077 755 1160 816 ibi
1192 758 1421 834 genitus
1448 774 1558 816 rex
1586 757 1815 816 nomine
1851 756 2110 818 Graecus

105 862 140 905 a
173 861 293 922 quo
329 841 604 916 Graecia,
747 839 960 901 Hellen
986 857 1018 901 a
1051 855 1167 918 quo
1198 839 1496 900 Hellenes.
1562 840 1684 900 Hos
1720 841 1962 904 eosdem
1992 841 2106 901 Ho-

102 945 298 988 merus
328 924 515 985 tribus
546 923 867 986 nominibus
898 924 1213 1002 appellavit
1235 924 1621 999 Myrmidonas
1656 934 1716 984 et
1738 923 2015 985 Hellenas
2051 936 2111 986 et

43 1012 405 1073 10Achaeos.
472 1007 567 1070 Ex
603 1008 694 1068 his
739 1006 1038 1068 Phthiotae
1079 1010 1436 1069 nominantur
1480 1007 1715 1068 Dorida·
1743 1009 2105 1070 adcolentes.

106 1113 305 1156 eorum
344 1093 563 1171 oppida
599 1091 888 1168 Echinus,
927 1093 984 1151 in
1033 1092 1297 1152 faucib-us
1340 1091 1608 1171 Sperchii
1648 1092 1890 1153 fluminis
1926 1094 2107 1154 Ther·

103 1179 471 1257 mopylarum
512 1176 843 1252 angustiae,
895 1193 1010 1255 quo
1059 1185 1398 1253 argumento
1429 1175 1538 1236 1111
1575 1175 1634 1236 M
1664 1194 1933 1254 passuum
1972 1180 2108 1238 inde

103 1262 398 1323 Heraclea
443 1259 696 1320 Trechin
738 1260 889 1321 dicta
930 1269 1040 1320 est.
1091 1277 1258 1323 mons
1298 1260 1377 1320 ibi
1421 1258 1840 1337 Callidromus,
1892 1263 2108 1341 oppida

107 1346 407 1408 celebrata
444 1342 667 1418 Hellas,
700 1343 900 1419 Halos,
935 1342 1146 1420 Lamia,
1185 1343 1405 1420 Phthia,
1439 1344 1617 1404 Arne.
2082 1379 2099 1386 -

47 1446 94 1487 ns
232 1428 290 1491 8.
333 1429 506 1508 (15.)
542 1427 607 1489 In
648 1426 948 1488 Thessalia
994 1438 1183 1488 autem
1223 1426 1621 1488 Orchomenus
1651 1426 1898 1503 Minyius
1938 1438 2108 1489 antea
2124 1432 2192 1485 29

105 1516 291 1580 dictus
328 1522 389 1573 et
425 1512 702 1591 oppidum
733 1511 983 1587 Alimon,
1021 1512 1096 1572 ab
1127 1513 1255 1573 aliis
1283 1511 1552 1588 Holmon,
1586 1511 1789 1588 Atrax,
1816 1511 2105 1589 Palamna,

102 1600 236 1661 fons
266 1597 554 1675 Hyperia,
592 1596 809 1674 oppida
838 1593 1091 1673 Pherae,
1125 1614 1363 1675 quarum
1393 1615 1428 1656 a
1455 1604 1627 1672 tergo
1661 1595 1852 1656 Pieria
1886 1597 1957 1657 ad
1987 1596 2106 1656 Ma·

107 1683 410 1745 cedoniam
452 1680 842 1757 protenditur,
887 1679 1116 1755 Larisa,
1164 1679 1441 1759 Gomphi,
1482 1678 1719 1740 Thebae
1763 1679 2105 1756 Thessalae,

105 1784 306 1835 nemus
368 1764 646 1840 Pteleon,
700 1764 855 1823 sinus
912 1763 1260 1842 Pagasicus,
1313 1764 1589 1844 oppidum
1650 1763 1901 1842 Pagasa,
1955 1765 2109 1827 idem

41 1861 315 1932 mpostea
346 1848 675 1910 Demetrias
706 1848 946 1925 dictum,
996 1849 1235 1925 Tricca,
1283 1849 1562 1910 Pharsalii
1594 1850 1779 1929 campi
1815 1867 1941 1909 cum
1969 1851 2105 1910 civi·

106 1945 222 1999 tate
255 1934 473 2008 libera,
508 1929 798 2009 Crannon,
827 1933 1012 1994 Iletia.
1078 1933 1309 1994 Montes
1353 1933 1689 2003 Phthiotidis
1729 1933 2106 2012 Nymphaeus

106 2019 395 2099 quondam
428 2016 677 2094 topiario
708 2024 944 2078 naturae
975 2035 1159 2096 opere
1192 2017 1556 2097 spectabilis,
1586 2017 1949 2094 Buzygaeus,
1984 2017 2104 2078 Do-

105 2114 431 2177 nacoessa,
472 2100 841 2175 Bromiaeus,
888 2100 1195 2179 Daphusa,
1232 2099 1595 2176 Chimerion,
1632 2100 1940 2178 Athamas,
1974 2103 2104 2162 Ste-

107 2187 320 2268 phane.
374 2186 434 2244 in
476 2184 780 2245 Thessalia
823 2183 1125 2261 XXXIIII,
1181 2202 1421 2263 quorum
1450 2184 1790 2245 nobilissimi
1824 2183 2191 2261 Cercetii,30
2234 2238 2240 2243 .

38 2271 422 2350 stlympns,
467 2267 703 2344 Pierus,
741 2267 922 2343 Ossa,
967 2271 1128 2331 cuius
1162 2288 1238 2329 ex
1271 2269 1522 2331 adverso
1553 2268 1764 2330 Pindus
1797 2277 1855 2328 et
1889 2267 2104 2343 Othrys

103 2355 470 2439 Lapitharum
501 2353 701 2426 sedes,
737 2351 794 2411 hi
824 2352 895 2412 ad
927 2370 1197 2414 occasum
1226 2363 1564 2430 vergentes,
1598 2354 1670 2414 ad
1705 2363 1863 2413 ortus
1886 2352 2101 2428 Pelius,

106 2456 303 2505 onnes
326 2436 599 2498 theatrali
620 2436 793 2497 modo
809 2436 1027 2513 inflexi,
1060 2438 1316 2497 caveatis
1345 2447 1474 2497 ante
1494 2455 1598 2498 eos
1613 2436 1820 2497 LXXV
1843 2436 2101 2497 urbibus.

105 2521 361 2587 lumina
390 2520 734 2581 Thessaliae
765 2520 1081 2599 Apidanus,
1113 2519 1395 2597 Phoenix,
1425 2520 1703 2600 Enipeus,
1729 2521 2101 2598 Onochonus,

107 2606 380 2677 [innisus.
432 2604 568 2665 fons
592 2604 861 2664 Messeis,
913 2604 1078 2665 lacus
1111 2603 1388 2666 Boebeis.
1445 2614 1504 2666 et
1532 2615 1663 2666 ante
1712 2615 1952 2666 cunctos
1984 2606 2100 2666 cla·

41 2692 270 2759 sedate
299 2689 519 2753 Penius
549 2698 711 2749 ortus
745 2689 897 2750 iuxta
938 2687 1233 2767 Gomphos
1276 2691 1542 2769 interque
1575 2688 1779 2749 Ossam
1820 2699 1879 2749 et
1908 2688 2103 2765 Olym·

108 2788 236 2856 pm
264 2786 582 2836 nemorosa
614 2768 883 2833 convalle
919 2772 1181 2833 defluens
1203 2772 1256 2832 D
1291 2774 1510 2848 stadiis,
1548 2773 1778 2833 dimidio
1804 2775 1929 2834 eius
1952 2775 2104 2852 spati

105 2857 473 2938 mvigabilis.
537 2856 602 2918 In
650 2874 724 2916 eo
768 2875 936 2917 cursu
981 2856 1203 2937 Tempe
1246 2867 1457 2917 vocant
1483 2857 1538 2915 V
1572 2857 1803 2919 milium.
1833 2862 2181 2935 passunm31

104 2943 462 3023 longitudine
504 2950 564 3002 et
597 2941 783 3001 ferme
827 2942 1216 3019 sesquiiugeri
1255 2941 1548 3002 latitudine
1593 2940 1741 3001 ultra
1770 2942 1955 3001 visum
1995 2941 2098 3002 ho-

104 3028 267 3095 nbis
307 3024 709 3087 attollentibus
757 3042 823 3084 se
866 3025 1077 3093 dextra,
1105 3026 1390 3104 laevaque
1436 3024 1645 3085 leniter
1694 3027 1972 3085 convexis
2016 3027 2098 3086 iu·

43 3110 374 3190 affiintus
403 3128 508 3170 sua
539 3109 671 3173 luce
707 3109 1021 3173 viridante:
1075 3110 1187 3170 hac
1216 3109 1426 3169 labitur
1458 3107 1704 3184 Penius,
1746 3110 1945 3170 viridis
1981 3111 2098 3171 cal-

105 3190 260 3272 culo,
289 3210 568 3256 amoenus
602 3195 758 3254 circa
788 3195 945 3273 ripas
977 3195 1259 3271 gramine,
1297 3210 1541 3254 canorus
1573 3193 1760 3253 avium
1791 3204 2097 3254 concentu.

102 3279 318 3360 accipit
345 3295 570 3340 amnem
595 3276 863 3354 Horcon,
910 3297 1020 3338 nec
1050 3278 1288 3355 recipit,
1332 3276 1438 3336 sed
1471 3276 1589 3336 olei
1619 3278 1792 3339 modo
1821 3295 2098 3356 superna·

99 3370 346 3445 tmen,
389 3371 450 3425 ut
482 3362 694 3424 dictum
737 3370 826 3422 est
858 3360 1146 3439 Homero,
1201 3359 1366 3420 brevi
1401 3361 1589 3441 spatio
1628 3371 1911 3439 portatum
1936 3360 2096 3421 abdi·

39 3402 90 3596 k
262 3467 403 3508 rum
439 3468 565 3519 nar.
603 3467 742 3506 msr.
802 3450 840 3506 1.
1620 3445 1686 3505 11
2208 3478 2308 3566 Δ
