2320 3650
556 46 563 49 *
669 96 832 148 NAT.
861 95 1043 187 ms'r.
1075 98 1140 145 v,
1186 92 1355 146 4—5.
1389 83 1617 168 (3—5.)
2031 82 2174 150 189‘

155 260 215 312 et
268 250 481 326 minus,
537 248 834 327 Vagense.
906 251 1178 329 oppidum
1231 250 1489 311 Latinum
1544 270 1713 311 uuum
1771 253 2141 314 Uzalitanum.

157 334 437 412 oppidani
463 334 892 413 stipendiarium
922 352 1091 393 unum
1123 331 1341 393 Castris
1376 331 1681 397 Corneliis.
1721 338 1932 415 oppida
1964 338 2145 398 libera
2161 349 2231 403 30

156 415 351 492 XXX,
404 434 480 475 ex
514 417 721 495 quibus
750 417 992 485 dicenda
1023 419 1175 475 intus
1206 417 1664 492 Achollitanum,
1709 419 2143 497 Aggaritannm,

155 501 485 573 Avinense,
536 498 956 574 Ahziritanum,
1007 498 1452 575 Canohitanum,
1497 500 1913 576 Melizitanum,
1963 501 2142 564 Mate·

110 586 358 657 5re‘nse,
400 582 861 661 Salaphitanum,
906 583 1335 659 Tusdritanum,
1383 583 1763 661 Tiphicense,
1796 585 2141 661 Tunicense,

155 666 533 741 Theudense,
579 665 947 742 Tagesense,
997 667 1277 743 Sigense,
1323 665 1822 743 Ulusubritanum,
1869 667 2144 744 Vagense

153 749 340 825 aliud,
385 749 628 823 Siense,
676 749 996 809 Ziamense.
1057 748 1150 809 Ex
1196 750 1423 828 reliquo
1459 767 1696 810 numero
1730 769 1847 834 non
1880 753 2141 812 civitates

53 874 57 879 -
152 842 370 894 tantum
423 832 530 891 sed
578 832 843 911 plerique
898 835 1068 892 etiam
1106 835 1385 893 nationes
1427 835 1568 893 iure·
1594 834 1705 893 dici
1748 843 2023 912 possunt,
2080 845 2143 895 nt

153 913 520 990 Natahudes,
564 913 888 994 Capsitani,
933 916 1265 992 Musulami,
1312 915 1701 1001 Sabarbares,
1739 917 2008 994 Massyli,
2043 916 2140 977 Ni-

84 1026 138 1069 10
156 1001 348 1073 sives,
409 997 798 1074 Vamacures,
860 996 1103 1074 Cinithi,
1163 999 1422 1074 Musuni,
1488 999 1843 1076 Marchubii,
1906 1010 1965 1060 et
2021 1010 2141 1061 tota

156 1081 416 1143 Gaetulia
451 1081 522 1142 ad
554 1082 762 1140 flumen
791 1081 1026 1158 Nigr-in,
1059 1083 1154 1159 qui
1185 1082 1441 1142 Africam
1469 1083 1540 1142 ab
1572 1084 1883 1162 Aethiopia
1913 1084 2138 1143 dirimit.

282 1165 340 1223 5.
377 1161 886 1242 (5.)·Cyrenaica,
921 1166 1136 1237 ,eadem
1168 1165 1603 1242 Pentapolitana
1632 1168 1831 1243 regio,
1877 1169 2139 1227 inlustra·
2156 1179 2240 1232 31'

151 1257 245 1308 tur
272 1246 599 1307 Hammonis
632 1248 867 1307 oraculo
906 1249 1060 1325 quod
1091 1266 1124 1308 a
1157 1246 1401 1323 Cyrenis
1436 1249 1602 1308 abest
1635 1248 1834 1309 CCCC
1864 1250 1924 1310 Μ
1958 1269 2139 1330 pass,

153 1331 315 1391 fonte
365 1331 553 1406 solis,
599 1329 834 1391 urbibus
880 1349 1141 1391 maxume
1185 1330 1268 1405 V,
1313 1331 1632 1408 Berenice,
1677 1332 1959 1409 Arsinoe,
2005 1334 2137 1393 Pto-

22 1418 31 1425 '
84 1441 140 1482 1⁵
157 1413 432 1490 lemaide,
496 1413 808 1492 Apollonia
863 1416 1106 1492 ipsaque
1174 1413 1421 1489 Cyrene.
1503 1415 1785 1474 Berenice
1835 1418 1893 1475 in
1955 1418 2139 1491 Syrtis

100 1568 107 1574 ⁵
157 1507 389 1557 extumo
428 1513 606 1556 cornu
639 1507 759 1572 est,
795 1498 1078 1576 quondam
1110 1507 1318 1557 vocata
1349 1497 1729 1576 Hesperidum
1759 1517 1933 1577 supra
1963 1500 2137 1559 dicta·
2164 1519 2186 1552 a

155 1599 300 1655 rum,
333 1580 672 1656 vagantibus
703 1580 981 1641 Graeciae
1015 1580 1247 1641 fabulis.
1301 1579 1426 1640 Nec
1460 1583 1668 1657 procul
1702 1583 2141 1660 anteoppidum

156 1661 603 1738 fluviussLeton,
648 1664 811 1724 lucus
845 1682 1048 1738 sacer,
1096 1664 1194 1723 ubi
1231 1664 1611 1742 Hesperidum
1641 1665 1791 1723 horti
1821 1682 2138 1725 memoran-

156 1756 266 1806 tur.
324 1746 488 1806 abest
517 1765 550 1807 a
582 1746 745 1824 Lepti
786 1744 1144 1806 CCCLXXV
1173 1746 1230 1806 M
1266 1766 1421 1825 pasS.
1480 1748 1573 1807 Ab
1607 1765 1675 1808 ea
1708 1747 1957 1806 Arsinoe
1991 1747 2223 1808 Teu-32

86 1851 140 1893 20
159 1831 318 1891 chira
363 1831 617 1890 vocitata
656 1830 835 1891 XLIII
876 1831 936 1890 M
976 1849 1167 1910 pass,
1213 1841 1273 1891 et
1314 1833 1520 1892 deinde
1553 1832 1864 1892 Ptolemais
1907 1835 2140 1910 antiquo

152 1915 382 1978 nomine
408 1914 591 1973 Barce
621 1913 785 1973 XXII
811 1912 870 1972 M
898 1932 1189 1991 passuum.
1243 1933 1378 1974 mox
1406 1915 1503 1974 XL
1533 1914 1592 1974 M
1619 1934 1776 1993 pass,
1809 1924 2141 1993 promonto-

153 1999 300 2057 rium
329 1996 553 2071 Phycus
599 2015 706 2075 per
738 1995 1026 2056 Creticum
1073 2016 1232 2058 mare
1276 2000 1558 2074 excurrit,
1604 1999 1819 2058 distans
1859 1997 2054 2058 CCCL
2086 1998 2174 2057 M¹

154 2097 312 2159 pass,
350 2097 382 2138 a
426 2078 700 2140 Taenaro
726 2080 1047 2140 Laconicae
1096 2081 1525 2160 promontorio,
1571 2098 1603 2140 a
1636 2079 1808 2140 Creta
1838 2093 1980 2140 vero
2012 2084 2141 2159 ipsa

158 2160 421 2223 CCXXV
451 2161 526 2220 M.
565 2172 698 2240 post
732 2163 787 2222 id
825 2161 1084 2239 Cyrene,
1121 2182 1153 2223 a
1186 2165 1327 2223 mari
1347 2161 1427 2221 XI
1448 2162 1506 2222 M
1527 2181 1719 2241 pass.,
1756 2164 1825 2223 ab
1851 2164 2148 2238 Phycunte*

87 2270 140 2311 25
160 2244 531 2323 Apolloniam
577 2244 796 2305 XXIIII
852 2245 910 2305 M
959 2264 1156 2324 pass.,
1211 2246 1281 2305 ad
1326 2244 1751 2305 Cherronesum
1798 2244 2144 2305 LXXXVIII

140 2327 216 2387 M
256 2346 561 2405 passuum,
606 2328 754 2387 unde
801 2326 1234 2389 Catabathmum
1277 2325 1512 2387 CCXVI
1549 2328 1607 2388 M
1636 2347 1792 2406 pass·
1853 2327 2225 2391 Adcolunt33

155 2406 565 2487 Marmaridae,
614 2430 645 2472 a
677 2412 1001 2472 Paraetonii
1030 2405 1216 2471 ferme
1250 2412 1492 2487 regione
1525 2412 1597 2471 ad
1628 2412 1839 2486 Syrtim
1868 2413 2143 2472 maiorem

157 2511 343 2572 usque
384 2496 660 2572 porrecti.
715 2504 852 2572 post
894 2513 999 2555 eos
1043 2494 1402 2555 Acrauceles
1445 2513 1515 2554 ac
1559 2495 1669 2553 iam
1708 2496 1765 2553 in
1810 2511 1912 2554 ora
1955 2496 2141 2569 Syrtis

158 2575 553 2654 Nasamones,
610 2595 756 2656 quos
798 2588 965 2638 antea
1003 2578 1425 2638 Mesammones
1476 2577 1618 2638 Grai.
1650 2578 2025 2655 appellavere
2070 2576 2142 2636 ab

15 2701 24 2712 ·
87 2684 141 2727 30
160 2670 495 2737 argumento
553 2661 705 2736 loci,
770 2662 994 2721 medios
1044 2663 1192 2721 inter
1241 2661 1489 2721 harenas
1538 2662 1700 2727 sitos.
1790 2658 2143 2734 Cyrenaicus

161 2760 307 2819 ager
332 2741 441 2801 XV
468 2742 527 2802 M
559 2762 829 2822 passuum
873 2745 1166 2804 latitudine
1202 2763 1235 2804 a
1281 2744 1451 2804 litore
1494 2751 1551 2803 et
1590 2743 1893 2803 arboribus
1937 2742 2143 2801 fertilis

157 2824 437 2901 habetur,
480 2827 627 2885 intus
661 2827 868 2888 eodem
915 2830 1101 2905 spatio
1145 2828 1409 2904 frugibus
1444 2835 1688 2900 tantum,
1729 2844 1864 2885 mox
1892 2823 2058 2883 XXX
2087 2823 2145 2882 M

159 2926 434 2986 passuum
481 2908 778 2970 latitudine
829 2920 887 2970 et
930 2909 1070 2970 CCL
1113 2910 1172 2969 M
1215 2929 1484 2989 passuum
1529 2909 1915 2985 longitudine,
1970 2908 2143 2966 lasari

157 2991 353 3051 modo.
417 2991 556 3052 Post
599 2992 952 3053 Nasamonas
996 2992 1271 3053 Hasbitae
1317 3003 1377 3053 et
1420 2992 1618 3053 Macae
1667 2991 1946 3070 [vivont],
1990 2990 2139 3049 ultra
2158 2997 2228 3051 34

87 3099 141 3140 35
162 3091 270 3134 eos
302 3074 577 3135 Amantes
608 3077 911 3138 duodecim
951 3077 1171 3136 dierum
1211 3077 1416 3138 itinere
1460 3094 1492 3135 a
1527 3075 1791 3149 Syrtibus
1831 3073 2143 3134 maioribus

161 3158 237 3218 ad
292 3159 653 3218 occidentem
709 3169 767 3218 et
821 3160 932 3237 ipsi
979 3177 1187 3218 versus
1240 3158 1468 3218 harenis
1522 3158 1887 3233 circumdati,
1935 3165 2143 3235 puteos

161 3250 353 3312 tamen
395 3241 531 3301 hant
569 3241 803 3301 difficile
853 3241 1040 3301 binum
1087 3242 1270 3301 ferme
1318 3241 1634 3300 cubitorum
1665 3241 1956 3302 altitudine
1989 3242 2142 3298 inve·

161 3325 319 3384 niuut
349 3322 429 3386 ibi
459 3323 918 3400 restagnantibus
950 3324 1339 3384 Mauretaniae
1371 3325 1553 3401 aquis.
1601 3323 1812 3384 domus·
1832 3325 1955 3384 sale
1987 3340 2142 3382 mon-
