2320 3650
663 124 824 170 NAT.
858 123 1041 170 ms'r.
1074 82 1189 172 xv,
1222 121 1405 175 3-6,
1428 60 1662 191 (3-δῖ)
2035 115 2155 176 281

1044 202 1060 235 0

147 284 208 340 in
238 280 348 354 his,
380 286 441 338 ut
464 276 632 353 uvis,
673 279 983 356 innigrum
1018 279 1280 349 colorem
1310 274 1736 338 transeuntibus
1768 282 1976 358 posiisi
2034 292 2165 342 sunt

149 375 215 425 et
242 361 550 442 superbae
601 371 839 440 praeter
877 365 987 421 iam
1030 362 1183 422 dieta
1224 376 1466 439 genera.
1531 373 1664 423 suut¹
1701 374 1759 423 et
1789 365 2162 443 praedulces,

149 467 266 528 per
312 464 376 507 se
415 454 634 509 tantum
676 448 932 506 siccatae
974 449 1223 524 uvisque
1267 448 1457 525 passis
1488 448 1814 523 dulciores,
1859 451 2165 511 admodum

149 548 323 592 rarae
348 534 420 590 *iu
458 530 658 592 Africa
701 539 762 590 et
802 532 955 591 circa
989 530 1302 591 Emeritam
1332 531 1677 592 Lusitaniae.
1740 531 1943 593 Oleum
1979 536 2162 613 ipsum
2185 545 2252 599 18

99 638 129 678 ⁵
153 617 285 676 sale
322 615 647 674 vindicatur
687 632 739 674 a*
762 616 1178 692 pinguitudinis
1218 617 1377 675 vitio.
1448 618 1668 676 cortice
1714 616 1885 676 oleae
1923 621 2164 679 conciso

153 701 398 760 odorem
450 700 682 776 accipit.
740 699 1048 760 medicatio
1096 701 1207 760 alia
1248 709 1308 759 ut
1345 701 1513 776 vino,
1557 702 1736 779 palati
1781 704 1966 778 gratia
2010 702 2168 763 nulla

153 794 273 859 est,
306 801 416 843 nec
450 792 905 843 tam-numerosa
935 783 1281 845 differentia.
1344 785 1528 857 trihus
1559 795 1621 845 ut
1651 785 1972 864 plurumum
2005 786 2168 846 boni-

153 868 371 928 tatibus
412 867 602 928 distat.
672 868 819 928 odor
861 869 919 927 in
956 870 1114 928 tenui
1149 870 1441 946 argutior,
1491 878 1550 929 et
1595 871 1645 928 is
1676 878 1868 930 tamen
1910 872 2080 930 etiam
2111 872 2167 928 in

155 961 395 1031 optumo
429 950 646 1010 brevis.

73 1059 131 1099 ιο
283 1038 343 1095 4.
388 1037 519 1114 (5.)
568 1034 718 1095 Oleo
746 1045 950 1097 natura
977 1037 1324 1115 tepefacere
1356 1054 1572 1116 corpus
1601 1047 1661 1097 et
1699 1047 1899 1097 contra
1930 1039 2172 1116 algores
2187 1047 2256 1104 19

150 1122 409 1195 munire,
456 1120 646 1179 eidem
682 1119 954 1180 fervores
1003 1123 1213 1199 capitis
1252 1121 1629 1220 refrigerare.
1707 1122 1884 1182 Usum
1930 1124 2053 1183 eius
2098 1123 2171 1183 ad

150 1202 437 1267 luxuriam
473 1212 705 1263 vertere
742 1203 951 1264 Graeci
980 1206 1250 1264 vitiorum
1286 1207 1535 1265 omnium
1575 1207 1879 1283 genitores
1913 1208 1971 1265 in
2010 1225 2171 1284 gym-

146 1290 332 1350 nasiis
373 1286 744 1366 publicando.
808 1297 1004 1348 notum
1051 1299 1142 1349 est
1171 1291 1541 1366 magistratus
1567 1290 1807 1351 honoris
1844 1293 1970 1351 eius
2008 1300 2171 1351 octo-

152 1374 324 1451 genis
366 1373 653 1432 sestertiis
693 1375 1031 1450 strigmenta
1076 1368 1195 1433 olei
1236 1373 1587 1433 vendidisse.
1664 1374 1847 1434 Oleae
1889 1375 2174 1435 honorem

42 1524 43 1529 γ
77 1476 135 1518 15
156 1459 419 1518 Romana
458 1458 734 1518 maiestas
776 1475 1042 1535 magnum
1084 1457 1375 1536 perhibuit
1421 1466 1636 1518 turmas
1690 1460 1941 1537 equitum
1981 1459 2171 1519 idibus

153 1543 318 1604 Iuliis
365 1558 441 1600 ex
484 1558 552 1600 ea
595 1541 967 1617 coronando,
1025 1544 1160 1602 item
1206 1542 1522 1602 minoribus
1571 1543 1874 1621 triumphis
1923 1544 2169 1603 ovantis.

153 1625 426 1686 Athenae
469 1641 705 1704 quoque
749 1627 1026 1685 victores
1056 1627 1192 1687 olea
1242 1636 1558 1702 coronant,
1618 1626 1864 1687 Graecia
1912 1627 2172 1688 oleastro

157 1710 481 1812 Olympiae.
1907 1733 1920 1744 ·

332 1793 523 1892 ·(6.·)
569 1791 737 1854 Nunc
781 1794 1045 1855 dicentur
1077 1792 1315 1855 Catonis
1351 1795 1571 1880 placita
1606 1795 1681 1856 de
1713 1796 1903 1858 olivis.
1970 1794 2034 1856 ln
2070 1812 2163 1856 ca·
2188 1806 2262 1860 20

77 1880 277 1945 20lido
286 1813 382 1938 oet
424 1880 624 1957 pingui
653 1879 786 1939 solo
814 1879 1043 1940 radium
1062 1881 1372 1960 maiorem,
1423 1874 1833 1957 Sallentinam,
1869 1881 2174 1955 orchitem‚

154 1966 418 2043 pusiam,
461 1963 833 2039 Sergianam,
868 1961 1287 2040 Cominianam,
1333 1964 1649 2025 albiceram
1680 1968 1796 2025 seri
1826 1965 2017 2041 iubet,
2054 1966 2173 2025 adi-

70 2057 75 2064 ’
150 2050 355 2134 citque
402 2047 680 2123 singulari
725 2047 1027 2126 prudentia
1071 2065 1241 2126 quam
1273 2067 1465 2108 earum
1507 2050 1563 2107 in
1605 2051 1694 2108 iis·
1708 2049 1860 2108 locis
1887 2058 2177 2127 optumam

159 2150 297 2192 esse
328 2132 543 2206 dicant,
579 2133 635 2190 in
665 2130 878 2208 frigido
911 2140 1102 2198 autem
1133 2141 1194 2192 et
1221 2149 1420 2197 macro
1449 2132 1739 2192 Liciniam.
1797 2134 1993 2211 pingui
2027 2134 2177 2192 enim

156 2224 259 2277 aut
299 2215 550 2274 ferventi
585 2216 773 2275 vitiari
818 2217 946 2275 eius
988 2215 1182 2274 oleum
1226 2215 1617 2293 arboremque
1657 2218 1842 2294 ipsam
1874 2216 2175 2275 fertilitate

75 2319 135 2361 ιιι
160 2299 455 2374 consumi,
500 2316 702 2358 musco
747 2309 1057 2378 praeterea
1095 2298 1275 2358 rubro
1306 2299 1587 2359 infestari.
1654 2309 1928 2378 spectare
1960 2299 2176 2359 oliveta
2192 2308 2263 2361 21

154 2388 217 2444 in
248 2382 539 2443 favonium
572 2383 711 2443 loco
746 2385 1019 2462 exposito
1053 2382 1278 2442 solibus
1309 2392 1535 2459 censet,
1567 2401 1686 2444 nec
1716 2382 1832 2443 alio
1856 2384 1979 2443 ullo
2001 2383 2177 2443 modo

154 2467 372 2529 laudat.
435 2467 494 2527 6.
546 2467 718 2527 condi
751 2467 937 2529 olivas
971 2476 1240 2546 optume,
1274 2467 1533 2527 orchites
1563 2475 1624 2529 et
1654 2469 1876 2546 posias,
1910 2467 2008 2527 vel
2044 2467 2176 2526 viri-

155 2554 252 2614 dis
280 2553 339 2610 in
366 2552 548 2611 muria
577 2552 675 2612 vel
716 2552 1008 2612 frictasin
1041 2551 1308 2611 lentisco.
1373 2550 1567 2613 oleum
1602 2569 1770 2630 quam
1802 2551 2179 2611 acerbissima

74 2671 88 2682 ,
155 2637 317 2696 oliva
348 2645 640 2714 optumum
679 2636 824 2695 lieri.
860 2639 865 2644 ’
910 2646 1114 2698 cetero
1149 2636 1559 2714 quamprimum
1603 2653 1636 2695 e
1683 2645 1841 2695 terra
1898 2635 2179 2711 colligen-

76 2721 326 2795 sedam,
362 2721 411 2779 si
439 2720 729 2797 inquinata
769 2721 875 2795 sit,
910 2720 1244 2795 lavandam,
1281 2720 1488 2781 siccari
1517 2720 1708 2780 triduo
1737 2720 1879 2779 satis
1911 2737 2067 2778 esse.
2131 2720 2180 2776 si

154 2805 365 2883 gelent
393 2804 639 2881 frigora,
673 2812 890 2882 quarto-
907 2804 1002 2863 die
1027 2805 1418 2883 premendam.
1476 2804 1624 2864 hanc
1650 2813 1709 2863 et
1731 2804 1857 2864 sale
1881 2803 2178 2882 adspergi.

155 2889 360 2949 oleum
386 2890 447 2947 in
476 2887 737 2948 tabulato
766 2888 939 2946 minui
972 2888 1350 2966 deteriusque
1389 2888 1549 2963 fieri,
1588 2889 1726 2947 item
1767 2889 1824 2946 in
1855 2903 2086 2946 amurca
2121 2895 2180 2945 et

153 2973 443 3036 tractibus.
505 2973 618 3032 hae
651 2980 1020 3031 sunt-carnes
1050 2983 1111 3052 et
1146 2971 1282 3032 inde
1319 2973 1548 3036 faeces.
1612 2989 1792 3051 quare
1823 2972 2059 3049 saepius
2086 2970 2179 3030 die
2197 2982 2270 3035 22

154 3058 571 3137 capulandum,
605 3065 918 3135 praeterea
943 3058 1001 3115 in
1025 3056 1282 3117 conchas
1312 3065 1371 3116 et
1393 3055 1707 3135 plumbeas
1732 3056 2009 3131 cortinas,
2042 3071 2181 3115 aere

78 3144 374 3203 asvitiari.
437 3141 799 3202 fervent-ibus
830 3141 1032 3201 omnia
1064 3159 1137 3201 ea
1167 3140 1298 3200 fieri
1330 3140 1662 3219 clausisque
1695 3139 2085 3200 torcularibus
2121 3148 2182 3199 et

154 3243 338 3306 quam
377 3227 625 3286 minume
662 3225 992 3305 ventilatis,
1022 3225 1174 3285 ,ideo
1215 3243 1328 3285 nec
1363 3225 1517 3302 ligna
1558 3224 1640 3284 ibi
1675 3225 1842 3285 caedi
1881 3233 2182 3303 oportere,

155 3330 277 3391 qua
311 3312 386 3371 de
414 3328 593 3370 causa
626 3327 659 3369 e
688 3309 916 3369 nucleis
956 3312 1213 3388 ipsarum
1245 3310 1396 3387 ignis
1426 3310 1779 3388 aptissimus.
1837 3326 1913 3368 ex
1945 3309 2183 3369 cortinis

148 3399 217 3456 in
264 3394 433 3456 labra
480 3394 862 3471 fundendum,
910 3403 974 3455 ut
1012 3395 1211 3456 fraces
1259 3404 1317 3454 et
1374 3411 1604 3478 amurca
1648 3394 1958 3473 liquentur.
2019 3391 2096 3451 ob
2127 3389 2185 3450 id

2199 3541 2279 3583 A
