<?xml version="1.0" encoding="UTF-8"?>
<!DOCTYPE html PUBLIC "-//W3C//DTD XHTML 1.0 Transitional//EN"
    "http://www.w3.org/TR/xhtml1/DTD/xhtml1-transitional.dtd">
<html xmlns="http://www.w3.org/1999/xhtml" xml:lang="en" lang="en">
 <head>
  <title>
</title>
<meta http-equiv="Content-Type" content="text/html;charset=utf-8" />
  <meta name='ocr-system' content='tesseract 3.04.00' />
  <meta name='ocr-capabilities' content='ocr_page ocr_carea ocr_par ocr_line ocrx_word'/>
</head>
<body>
  <div class='ocr_page' id='page_1' title='image "./cplinisecundina00eldegoog_0354.png"; bbox 0 0 2320 3650; ppageno 0'>
   <div class='ocr_carea' id='block_1_1' title="bbox 664 76 2225 155">
    <p class='ocr_par' dir='ltr' id='par_1_1' title="bbox 664 76 2225 155">
     <span class='ocr_line' id='line_1_1' title="bbox 664 76 2225 155; baseline 0.002 -19"><span class='ocrx_word' id='word_1_1' title='bbox 664 88 824 137; x_wconf 76' lang='lat' dir='ltr'>NAT.</span> <span class='ocrx_word' id='word_1_2' title='bbox 855 88 1036 136; x_wconf 84' lang='lat' dir='ltr'><strong>HIST.</strong></span> <span class='ocrx_word' id='word_1_3' title='bbox 1068 89 1187 133; x_wconf 85' lang='lat' dir='ltr'>vn.</span> <span class='ocrx_word' id='word_1_4' title='bbox 1215 84 1449 137; x_wconf 69' lang='lat'><strong>13—16.</strong></span> <span class='ocrx_word' id='word_1_5' title='bbox 1480 76 1510 153; x_wconf 83' lang='grc'>(</span> <span class='ocrx_word' id='word_1_6' title='bbox 1519 77 1784 155; x_wconf 81' lang='lat'>11—15.)</span> <span class='ocrx_word' id='word_1_7' title='bbox 2150 78 2225 140; x_wconf 87' lang='lat'>13</span> 
     </span>
    </p>
   </div>
   <div class='ocr_carea' id='block_1_2' title="bbox 139 241 2310 3578">
    <p class='ocr_par' dir='ltr' id='par_1_2' title="bbox 175 241 2310 739">
     <span class='ocr_line' id='line_1_2' title="bbox 215 241 2229 324; baseline -0.001 -19"><span class='ocrx_word' id='word_1_8' title='bbox 215 246 445 305; x_wconf 78' lang='lat' dir='ltr'>fructus</span> <span class='ocrx_word' id='word_1_9' title='bbox 468 242 734 302; x_wconf 82' lang='lat' dir='ltr'>arborum</span> <span class='ocrx_word' id='word_1_10' title='bbox 763 242 970 324; x_wconf 87' lang='lat' dir='ltr'>quihus</span> <span class='ocrx_word' id='word_1_11' title='bbox 1001 242 1266 314; x_wconf 72' lang='lat' dir='ltr'>insidere¹</span> <span class='ocrx_word' id='word_1_12' title='bbox 1284 241 1587 317; x_wconf 89' lang='lat' dir='ltr'>decidunt,</span> <span class='ocrx_word' id='word_1_13' title='bbox 1635 244 2002 321; x_wconf 88' lang='lat' dir='ltr'>speculorum</span> <span class='ocrx_word' id='word_1_14' title='bbox 2032 244 2229 321; x_wconf 75' lang='lat' dir='ltr'>fulgor</span> 
     </span>
     <span class='ocr_line' id='line_1_3' title="bbox 217 317 2228 406; baseline 0 -20"><span class='ocrx_word' id='word_1_15' title='bbox 217 327 504 406; x_wconf 87' lang='lat' dir='ltr'>adspectu</span> <span class='ocrx_word' id='word_1_16' title='bbox 552 323 687 405; x_wconf 89' lang='lat' dir='ltr'>ipso</span> <span class='ocrx_word' id='word_1_17' title='bbox 725 324 1060 400; x_wconf 84' lang='lat' dir='ltr'>hebetatur,</span> <span class='ocrx_word' id='word_1_18' title='bbox 1113 317 1271 384; x_wconf 54' lang='lat' dir='ltr'>acies</span> <span class='ocrx_word' id='word_1_19' title='bbox 1310 324 1451 384; x_wconf 80' lang='lat' dir='ltr'>ferri</span> <span class='ocrx_word' id='word_1_20' title='bbox 1503 329 1978 404; x_wconf 73' lang='lat' dir='ltr'>praestringitur,</span> <span class='ocrx_word' id='word_1_21' title='bbox 2030 329 2228 387; x_wconf 81' lang='lat' dir='ltr'>eboris</span> 
     </span>
     <span class='ocr_line' id='line_1_4' title="bbox 216 410 2223 489; baseline 0 -19"><span class='ocrx_word' id='word_1_22' title='bbox 216 412 405 486; x_wconf 86' lang='lat' dir='ltr'>nitor,</span> <span class='ocrx_word' id='word_1_23' title='bbox 452 411 565 470; x_wconf 89' lang='lat' dir='ltr'>alvi</span> <span class='ocrx_word' id='word_1_24' title='bbox 611 412 799 489; x_wconf 91' lang='lat' dir='ltr'>apium</span> <span class='ocrx_word' id='word_1_25' title='bbox 837 410 1219 483; x_wconf 86' lang='lat' dir='ltr'>emoriuntur,</span> <span class='ocrx_word' id='word_1_26' title='bbox 1276 427 1377 468; x_wconf 92' lang='lat' dir='ltr'>aes</span> <span class='ocrx_word' id='word_1_27' title='bbox 1431 411 1602 468; x_wconf 91' lang='lat' dir='ltr'>etiam</span> <span class='ocrx_word' id='word_1_28' title='bbox 1657 428 1725 469; x_wconf 93' lang='lat' dir='ltr'>ac</span> <span class='ocrx_word' id='word_1_29' title='bbox 1766 411 1978 470; x_wconf 84' lang='lat' dir='ltr'>ferrum</span> <span class='ocrx_word' id='word_1_30' title='bbox 2016 412 2223 489; x_wconf 81' lang='lat' dir='ltr'>robigo</span> 
     </span>
     <span class='ocr_line' id='line_1_5' title="bbox 219 492 2224 574; baseline 0 -21"><span class='ocrx_word' id='word_1_31' title='bbox 219 498 484 574; x_wconf 87' lang='lat' dir='ltr'>protinus</span> <span class='ocrx_word' id='word_1_32' title='bbox 517 495 765 573; x_wconf 89' lang='lat' dir='ltr'>conripit</span> <span class='ocrx_word' id='word_1_33' title='bbox 796 493 1059 572; x_wconf 90' lang='lat' dir='ltr'>odorque</span> <span class='ocrx_word' id='word_1_34' title='bbox 1093 492 1283 567; x_wconf 90' lang='lat' dir='ltr'>dirus,</span> <span class='ocrx_word' id='word_1_35' title='bbox 1318 501 1376 551; x_wconf 93' lang='lat' dir='ltr'>et</span> <span class='ocrx_word' id='word_1_36' title='bbox 1407 494 1462 551; x_wconf 91' lang='lat' dir='ltr'>in</span> <span class='ocrx_word' id='word_1_37' title='bbox 1486 492 1701 552; x_wconf 83' lang='lat' dir='ltr'>rabiem</span> <span class='ocrx_word' id='word_1_38' title='bbox 1728 505 1969 570; x_wconf 88' lang='lat' dir='ltr'>aguntur</span> <span class='ocrx_word' id='word_1_39' title='bbox 1992 505 2224 572; x_wconf 87' lang='lat' dir='ltr'>gustato</span> 
     </span>
     <span class='ocr_line' id='line_1_6' title="bbox 175 577 2310 656; baseline 0.003 -21"><span class='ocrx_word' id='word_1_40' title='bbox 175 596 301 638; x_wconf 69' lang='lat' dir='ltr'>seo</span> <span class='ocrx_word' id='word_1_41' title='bbox 347 597 523 638; x_wconf 88' lang='lat' dir='ltr'>canes</span> <span class='ocrx_word' id='word_1_42' title='bbox 566 588 736 656; x_wconf 87' lang='lat' dir='ltr'>atque</span> <span class='ocrx_word' id='word_1_43' title='bbox 779 577 1078 637; x_wconf 81' lang='lat' dir='ltr'>insanabili</span> <span class='ocrx_word' id='word_1_44' title='bbox 1121 594 1349 635; x_wconf 87' lang='lat' dir='ltr'>veneno</span> <span class='ocrx_word' id='word_1_45' title='bbox 1393 594 1618 635; x_wconf 91' lang='lat' dir='ltr'>morsus</span> <span class='ocrx_word' id='word_1_46' title='bbox 1659 578 1922 636; x_wconf 82' lang='lat' dir='ltr'>inlicitur.</span> <span class='ocrx_word' id='word_1_47' title='bbox 1992 582 2124 656; x_wconf 89' lang='lat' dir='ltr'>quin</span> <span class='ocrx_word' id='word_1_48' title='bbox 2167 587 2225 638; x_wconf 90' lang='lat' dir='ltr'>et</span> <span class='ocrx_word' id='word_1_49' title='bbox 2243 588 2310 642; x_wconf 83' lang='lat'>65</span> 
     </span>
     <span class='ocr_line' id='line_1_7' title="bbox 219 660 2222 739; baseline 0 -18"><span class='ocrx_word' id='word_1_50' title='bbox 219 662 552 722; x_wconf 82' lang='lat' dir='ltr'>bituminum</span> <span class='ocrx_word' id='word_1_51' title='bbox 595 680 818 739; x_wconf 83' lang='lat' dir='ltr'>sequax</span> <span class='ocrx_word' id='word_1_52' title='bbox 866 661 1120 739; x_wconf 89' lang='lat' dir='ltr'>alioquin</span> <span class='ocrx_word' id='word_1_53' title='bbox 1163 678 1231 718; x_wconf 89' lang='lat' dir='ltr'>ac</span> <span class='ocrx_word' id='word_1_54' title='bbox 1276 660 1428 720; x_wconf 90' lang='lat' dir='ltr'>lenta</span> <span class='ocrx_word' id='word_1_55' title='bbox 1467 670 1665 721; x_wconf 86' lang='lat' dir='ltr'>natura</span> <span class='ocrx_word' id='word_1_56' title='bbox 1704 663 1778 720; x_wconf 79' lang='lat' dir='ltr'>in&#39;</span> <span class='ocrx_word' id='word_1_57' title='bbox 1805 661 1932 721; x_wconf 89' lang='lat' dir='ltr'>lacu</span> <span class='ocrx_word' id='word_1_58' title='bbox 1974 661 2222 722; x_wconf 86' lang='lat' dir='ltr'>Iudaeae</span> 
     </span>
    </p>

    <p class='ocr_par' dir='ltr' id='par_1_3' title="bbox 140 743 2226 991">
     <span class='ocr_line' id='line_1_8' title="bbox 140 743 2226 824; baseline 0 -20"><span class='ocrx_word' id='word_1_59' title='bbox 140 791 147 798; x_wconf 79' lang='lat'>.</span> <span class='ocrx_word' id='word_1_60' title='bbox 220 748 319 824; x_wconf 90' lang='lat' dir='ltr'>qui</span> <span class='ocrx_word' id='word_1_61' title='bbox 346 755 589 804; x_wconf 86' lang='lat' dir='ltr'>vocatur</span> <span class='ocrx_word' id='word_1_62' title='bbox 610 743 937 823; x_wconf 78' lang='lat' dir='ltr'>Asphaltite</span> <span class='ocrx_word' id='word_1_63' title='bbox 973 755 1028 804; x_wconf 91' lang='lat' dir='ltr'>et</span> <span class='ocrx_word' id='word_1_64' title='bbox 1059 753 1223 803; x_wconf 90' lang='lat' dir='ltr'>certo</span> <span class='ocrx_word' id='word_1_65' title='bbox 1255 754 1517 822; x_wconf 88' lang='lat' dir='ltr'>tempore</span> <span class='ocrx_word' id='word_1_66' title='bbox 1550 747 1679 804; x_wconf 89' lang='lat' dir='ltr'>anni</span> <span class='ocrx_word' id='word_1_67' title='bbox 1706 755 2081 823; x_wconf 82' lang='lat' dir='ltr'>supernatans</span> <span class='ocrx_word' id='word_1_68' title='bbox 2111 763 2226 804; x_wconf 87' lang='lat' dir='ltr'>non</span> 
     </span>
     <span class='ocr_line' id='line_1_9' title="bbox 220 828 2225 908; baseline -0 -19"><span class='ocrx_word' id='word_1_69' title='bbox 220 831 342 908; x_wconf 88' lang='lat' dir='ltr'>quit</span> <span class='ocrx_word' id='word_1_70' title='bbox 377 829 486 888; x_wconf 89' lang='lat' dir='ltr'>sibi</span> <span class='ocrx_word' id='word_1_71' title='bbox 527 829 700 888; x_wconf 85' lang='lat' dir='ltr'>avelli</span> <span class='ocrx_word' id='word_1_72' title='bbox 744 829 814 888; x_wconf 89' lang='lat' dir='ltr'>ad</span> <span class='ocrx_word' id='word_1_73' title='bbox 847 846 1069 888; x_wconf 89' lang='lat' dir='ltr'>omnem</span> <span class='ocrx_word' id='word_1_74' title='bbox 1105 837 1426 887; x_wconf 88' lang='lat' dir='ltr'>contactum</span> <span class='ocrx_word' id='word_1_75' title='bbox 1469 828 1788 888; x_wconf 85' lang='lat' dir='ltr'>adhaerens</span> <span class='ocrx_word' id='word_1_76' title='bbox 1820 838 2225 907; x_wconf 83' lang='lat' dir='ltr'>praeterquam</span> 
     </span>
     <span class='ocr_line' id='line_1_10' title="bbox 220 912 2222 991; baseline -0 -19"><span class='ocrx_word' id='word_1_77' title='bbox 220 914 319 972; x_wconf 85' lang='lat' dir='ltr'>lilo</span> <span class='ocrx_word' id='word_1_78' title='bbox 345 913 499 991; x_wconf 92' lang='lat' dir='ltr'>quod</span> <span class='ocrx_word' id='word_1_79' title='bbox 521 913 636 972; x_wconf 90' lang='lat' dir='ltr'>tale</span> <span class='ocrx_word' id='word_1_80' title='bbox 663 914 819 972; x_wconf 88' lang='lat' dir='ltr'>virus</span> <span class='ocrx_word' id='word_1_81' title='bbox 844 914 1128 972; x_wconf 78' lang='lat' dir='ltr'>infecerit.</span> <span class='ocrx_word' id='word_1_82' title='bbox 1185 914 1350 971; x_wconf 90' lang='lat' dir='ltr'>etiam</span> <span class='ocrx_word' id='word_1_83' title='bbox 1382 912 1667 987; x_wconf 77' lang='lat' dir='ltr'>formiciS,</span> <span class='ocrx_word' id='word_1_84' title='bbox 1703 914 1929 973; x_wconf 89' lang='lat' dir='ltr'>animali</span> <span class='ocrx_word' id='word_1_85' title='bbox 1952 915 2222 988; x_wconf 88' lang='lat' dir='ltr'>minumo,</span> 
     </span>
    </p>

    <p class='ocr_par' dir='ltr' id='par_1_4' title="bbox 143 996 2310 1412">
     <span class='ocr_line' id='line_1_11' title="bbox 143 996 2223 1075; baseline -0 -19"><span class='ocrx_word' id='word_1_86' title='bbox 143 1001 416 1057; x_wconf 85' lang='lat' dir='ltr'>1oinesse</span> <span class='ocrx_word' id='word_1_87' title='bbox 447 1016 678 1056; x_wconf 90' lang='lat' dir='ltr'>sensum</span> <span class='ocrx_word' id='word_1_88' title='bbox 722 997 844 1056; x_wconf 91' lang='lat' dir='ltr'>eius</span> <span class='ocrx_word' id='word_1_89' title='bbox 877 997 1067 1056; x_wconf 85' lang='lat' dir='ltr'>ferunt</span> <span class='ocrx_word' id='word_1_90' title='bbox 1088 1040 1104 1070; x_wconf 91' lang='lat'>,</span> <span class='ocrx_word' id='word_1_91' title='bbox 1147 996 1413 1073; x_wconf 83' lang='lat' dir='ltr'>abicique</span> <span class='ocrx_word' id='word_1_92' title='bbox 1458 1006 1715 1072; x_wconf 88' lang='lat' dir='ltr'>gestatas</span> <span class='ocrx_word' id='word_1_93' title='bbox 1746 997 1947 1074; x_wconf 83' lang='lat' dir='ltr'>fruges</span> <span class='ocrx_word' id='word_1_94' title='bbox 1978 1014 2088 1056; x_wconf 89' lang='lat' dir='ltr'>nec</span> <span class='ocrx_word' id='word_1_95' title='bbox 2120 1014 2223 1075; x_wconf 92' lang='lat' dir='ltr'>po·</span> 
     </span>
     <span class='ocr_line' id='line_1_12' title="bbox 219 1079 2310 1160; baseline -0 -20"><span class='ocrx_word' id='word_1_96' title='bbox 219 1090 347 1140; x_wconf 86' lang='lat' dir='ltr'>stea</span> <span class='ocrx_word' id='word_1_97' title='bbox 388 1082 596 1160; x_wconf 86' lang='lat' dir='ltr'>repeti.</span> <span class='ocrx_word' id='word_1_98' title='bbox 661 1090 718 1139; x_wconf 90' lang='lat' dir='ltr'>et</span> <span class='ocrx_word' id='word_1_99' title='bbox 745 1080 857 1140; x_wconf 90' lang='lat' dir='ltr'>hoc</span> <span class='ocrx_word' id='word_1_100' title='bbox 900 1080 1016 1140; x_wconf 91' lang='lat' dir='ltr'>tale</span> <span class='ocrx_word' id='word_1_101' title='bbox 1061 1088 1388 1157; x_wconf 88' lang='lat' dir='ltr'>tantumque</span> <span class='ocrx_word' id='word_1_102' title='bbox 1434 1079 1694 1139; x_wconf 89' lang='lat' dir='ltr'>omnibus</span> <span class='ocrx_word' id='word_1_103' title='bbox 1739 1082 1974 1140; x_wconf 84' lang='lat' dir='ltr'>tricenis</span> <span class='ocrx_word' id='word_1_104' title='bbox 2019 1080 2310 1146; x_wconf 76' lang='lat' dir='ltr'>diebusfifi</span> 
     </span>
     <span class='ocr_line' id='line_1_13' title="bbox 217 1163 2222 1242; baseline 0 -19"><span class='ocrx_word' id='word_1_105' title='bbox 217 1164 424 1224; x_wconf 86' lang='lat' dir='ltr'>malum</span> <span class='ocrx_word' id='word_1_106' title='bbox 454 1166 512 1224; x_wconf 93' lang='lat' dir='ltr'>in</span> <span class='ocrx_word' id='word_1_107' title='bbox 542 1163 782 1224; x_wconf 89' lang='lat' dir='ltr'>muliere</span> <span class='ocrx_word' id='word_1_108' title='bbox 818 1166 1041 1223; x_wconf 86' lang='lat' dir='ltr'>exsistit</span> <span class='ocrx_word' id='word_1_109' title='bbox 1084 1172 1140 1221; x_wconf 93' lang='lat' dir='ltr'>et</span> <span class='ocrx_word' id='word_1_110' title='bbox 1174 1164 1443 1222; x_wconf 89' lang='lat' dir='ltr'>trimestri</span> <span class='ocrx_word' id='word_1_111' title='bbox 1475 1166 1663 1242; x_wconf 88' lang='lat' dir='ltr'>spatio</span> <span class='ocrx_word' id='word_1_112' title='bbox 1696 1164 1945 1242; x_wconf 80' lang='lat' dir='ltr'>largiuS‚</span> <span class='ocrx_word' id='word_1_113' title='bbox 1995 1165 2222 1242; x_wconf 89' lang='lat' dir='ltr'>quibus·</span> 
     </span>
     <span class='ocr_line' id='line_1_14' title="bbox 218 1247 2223 1328; baseline 0.001 -22"><span class='ocrx_word' id='word_1_114' title='bbox 218 1247 347 1306; x_wconf 90' lang='lat' dir='ltr'>dam</span> <span class='ocrx_word' id='word_1_115' title='bbox 389 1266 533 1307; x_wconf 85' lang='lat' dir='ltr'>vero</span> <span class='ocrx_word' id='word_1_116' title='bbox 574 1250 806 1328; x_wconf 88' lang='lat' dir='ltr'>saepius</span> <span class='ocrx_word' id='word_1_117' title='bbox 849 1267 1082 1323; x_wconf 88' lang='lat' dir='ltr'>mense,</span> <span class='ocrx_word' id='word_1_118' title='bbox 1129 1249 1278 1306; x_wconf 89' lang='lat' dir='ltr'>sicut</span> <span class='ocrx_word' id='word_1_119' title='bbox 1310 1247 1517 1324; x_wconf 90' lang='lat' dir='ltr'>aliquis</span> <span class='ocrx_word' id='word_1_120' title='bbox 1546 1266 1866 1326; x_wconf 86' lang='lat' dir='ltr'>numquam.</span> <span class='ocrx_word' id='word_1_121' title='bbox 1939 1250 2043 1309; x_wconf 86' lang='lat' dir='ltr'>sed</span> <span class='ocrx_word' id='word_1_122' title='bbox 2073 1249 2223 1308; x_wconf 87' lang='lat' dir='ltr'>tales</span> 
     </span>
     <span class='ocr_line' id='line_1_15' title="bbox 219 1331 2222 1412; baseline 0.001 -23"><span class='ocrx_word' id='word_1_123' title='bbox 219 1348 332 1390; x_wconf 88' lang='lat' dir='ltr'>non</span> <span class='ocrx_word' id='word_1_124' title='bbox 355 1334 627 1412; x_wconf 85' lang='lat' dir='ltr'>gignunt,</span> <span class='ocrx_word' id='word_1_125' title='bbox 658 1332 884 1409; x_wconf 89' lang='lat' dir='ltr'>quando</span> <span class='ocrx_word' id='word_1_126' title='bbox 915 1332 1061 1391; x_wconf 89' lang='lat' dir='ltr'>haec</span> <span class='ocrx_word' id='word_1_127' title='bbox 1094 1341 1184 1390; x_wconf 91' lang='lat' dir='ltr'>est</span> <span class='ocrx_word' id='word_1_128' title='bbox 1250 1331 1539 1398; x_wconf 83' lang='lat' dir='ltr'>enerando</span> <span class='ocrx_word' id='word_1_129' title='bbox 1564 1331 1776 1390; x_wconf 88' lang='lat' dir='ltr'>homini</span> <span class='ocrx_word' id='word_1_130' title='bbox 1799 1335 2057 1408; x_wconf 89' lang='lat' dir='ltr'>materia,</span> <span class='ocrx_word' id='word_1_131' title='bbox 2090 1350 2222 1409; x_wconf 86' lang='lat' dir='ltr'>ger-</span> 
     </span>
    </p>

    <p class='ocr_par' dir='ltr' id='par_1_5' title="bbox 144 1411 2304 1832">
     <span class='ocr_line' id='line_1_16' title="bbox 144 1411 2223 1494; baseline -0.001 -15"><span class='ocrx_word' id='word_1_132' title='bbox 144 1438 198 1479; x_wconf 74' lang='lat'>15</span> <span class='ocrx_word' id='word_1_133' title='bbox 218 1417 369 1474; x_wconf 89' lang='lat' dir='ltr'>mine</span> <span class='ocrx_word' id='word_1_134' title='bbox 410 1433 443 1475; x_wconf 91' lang='lat' dir='ltr'>e</span> <span class='ocrx_word' id='word_1_135' title='bbox 471 1415 721 1476; x_wconf 86' lang='lat' dir='ltr'>maribus</span> <span class='ocrx_word' id='word_1_136' title='bbox 755 1416 984 1493; x_wconf 81' lang='lat' dir='ltr'>coaguli</span> <span class='ocrx_word' id='word_1_137' title='bbox 1013 1417 1184 1476; x_wconf 91' lang='lat' dir='ltr'>modo</span> <span class='ocrx_word' id='word_1_138' title='bbox 1217 1457 1218 1460; x_wconf 16' lang='grc' dir='ltr'>η</span> <span class='ocrx_word' id='word_1_139' title='bbox 1247 1411 1330 1473; x_wconf 73' lang='lat' dir='ltr'>&#39;oc</span> <span class='ocrx_word' id='word_1_140' title='bbox 1368 1415 1421 1472; x_wconf 88' lang='lat' dir='ltr'>in</span> <span class='ocrx_word' id='word_1_141' title='bbox 1455 1412 1588 1473; x_wconf 82' lang='lat' dir='ltr'>sese</span> <span class='ocrx_word' id='word_1_142' title='bbox 1627 1416 2021 1492; x_wconf 79' lang='lat' dir='ltr'>glomerante,</span> <span class='ocrx_word' id='word_1_143' title='bbox 2069 1416 2223 1494; x_wconf 90' lang='lat' dir='ltr'>quod</span> 
     </span>
     <span class='ocr_line' id='line_1_17' title="bbox 220 1497 2221 1580; baseline 0 -23"><span class='ocrx_word' id='word_1_144' title='bbox 220 1497 426 1558; x_wconf 88' lang='lat' dir='ltr'>deinde</span> <span class='ocrx_word' id='word_1_145' title='bbox 458 1509 722 1576; x_wconf 89' lang='lat' dir='ltr'>tempore</span> <span class='ocrx_word' id='word_1_146' title='bbox 758 1500 885 1577; x_wconf 92' lang='lat' dir='ltr'>ipso</span> <span class='ocrx_word' id='word_1_147' title='bbox 913 1501 1190 1558; x_wconf 91' lang='lat' dir='ltr'>animatur</span> <span class='ocrx_word' id='word_1_148' title='bbox 1218 1507 1697 1576; x_wconf 89' lang='lat' dir='ltr'>corporaturque.</span> <span class='ocrx_word' id='word_1_149' title='bbox 1760 1518 1902 1580; x_wconf 84' lang='lat' dir='ltr'>ergo</span> <span class='ocrx_word' id='word_1_150' title='bbox 1937 1518 2060 1557; x_wconf 91' lang='lat' dir='ltr'>cum</span> <span class='ocrx_word' id='word_1_151' title='bbox 2092 1518 2221 1576; x_wconf 88' lang='lat' dir='ltr'>gra-</span> 
     </span>
     <span class='ocr_line' id='line_1_18' title="bbox 219 1582 2220 1661; baseline 0.001 -22"><span class='ocrx_word' id='word_1_152' title='bbox 219 1582 367 1641; x_wconf 83' lang='lat' dir='ltr'>vidis</span> <span class='ocrx_word' id='word_1_153' title='bbox 410 1583 603 1658; x_wconf 85' lang='lat' dir='ltr'>fluxit,</span> <span class='ocrx_word' id='word_1_154' title='bbox 652 1583 882 1644; x_wconf 89' lang='lat' dir='ltr'>invalidi</span> <span class='ocrx_word' id='word_1_155' title='bbox 929 1594 1024 1643; x_wconf 86' lang='lat' dir='ltr'>aut</span> <span class='ocrx_word' id='word_1_156' title='bbox 1062 1601 1177 1641; x_wconf 89' lang='lat' dir='ltr'>non</span> <span class='ocrx_word' id='word_1_157' title='bbox 1220 1583 1426 1641; x_wconf 89' lang='lat' dir='ltr'>vitales</span> <span class='ocrx_word' id='word_1_158' title='bbox 1473 1592 1670 1661; x_wconf 90' lang='lat' dir='ltr'>partus</span> <span class='ocrx_word' id='word_1_159' title='bbox 1720 1585 1961 1643; x_wconf 89' lang='lat' dir='ltr'>eduntur</span> <span class='ocrx_word' id='word_1_160' title='bbox 1995 1592 2090 1641; x_wconf 93' lang='lat' dir='ltr'>aut</span> <span class='ocrx_word' id='word_1_161' title='bbox 2132 1601 2220 1641; x_wconf 88' lang='lat' dir='ltr'>sa-</span> 
     </span>
     <span class='ocr_line' id='line_1_19' title="bbox 218 1665 2304 1744; baseline 0 -19"><span class='ocrx_word' id='word_1_162' title='bbox 218 1667 401 1741; x_wconf 85' lang='lat' dir='ltr'>niosi,</span> <span class='ocrx_word' id='word_1_163' title='bbox 441 1676 500 1727; x_wconf 93' lang='lat' dir='ltr'>ut</span> <span class='ocrx_word' id='word_1_164' title='bbox 541 1677 745 1726; x_wconf 86' lang='lat' dir='ltr'>auctor</span> <span class='ocrx_word' id='word_1_165' title='bbox 773 1677 862 1726; x_wconf 91' lang='lat' dir='ltr'>est</span> <span class='ocrx_word' id='word_1_166' title='bbox 902 1666 1187 1744; x_wconf 77' lang='lat' dir='ltr'>Nigidius,</span> <span class='ocrx_word' id='word_1_167' title='bbox 1232 1699 1314 1711; x_wconf 84' lang='lat'>——·</span> <span class='ocrx_word' id='word_1_168' title='bbox 1380 1665 1476 1726; x_wconf 75' lang='lat'>16,</span> <span class='ocrx_word' id='word_1_169' title='bbox 1523 1666 1672 1726; x_wconf 89' lang='lat' dir='ltr'>idem</span> <span class='ocrx_word' id='word_1_170' title='bbox 1695 1667 1795 1725; x_wconf 84' lang='lat' dir='ltr'>lac</span> <span class='ocrx_word' id='word_1_171' title='bbox 1830 1667 2075 1726; x_wconf 83' lang='lat' dir='ltr'>feminae</span> <span class='ocrx_word' id='word_1_172' title='bbox 2108 1686 2220 1726; x_wconf 91' lang='lat' dir='ltr'>non</span> <span class='ocrx_word' id='word_1_173' title='bbox 2236 1678 2304 1732; x_wconf 84' lang='lat'>67</span> 
     </span>
     <span class='ocr_line' id='line_1_20' title="bbox 216 1751 2304 1832; baseline 0 -23"><span class='ocrx_word' id='word_1_174' title='bbox 216 1754 509 1830; x_wconf 82' lang='lat' dir='ltr'>corrumpi</span> <span class='ocrx_word' id='word_1_175' title='bbox 540 1752 716 1810; x_wconf 86' lang='lat' dir='ltr'>alenti</span> <span class='ocrx_word' id='word_1_176' title='bbox 748 1760 1004 1832; x_wconf 84' lang='lat' dir='ltr'>partum,</span> <span class='ocrx_word' id='word_1_177' title='bbox 1046 1753 1096 1811; x_wconf 88' lang='lat' dir='ltr'>si</span> <span class='ocrx_word' id='word_1_178' title='bbox 1130 1770 1206 1810; x_wconf 83' lang='lat' dir='ltr'>ex</span> <span class='ocrx_word' id='word_1_179' title='bbox 1242 1751 1442 1811; x_wconf 88' lang='lat' dir='ltr'>eodem</span> <span class='ocrx_word' id='word_1_180' title='bbox 1475 1752 1599 1812; x_wconf 88' lang='lat' dir='ltr'>viro</span> <span class='ocrx_word' id='word_1_181' title='bbox 1631 1769 1829 1809; x_wconf 84' lang='lat' dir='ltr'>rursus</span> <span class='ocrx_word' id='word_1_182' title='bbox 1862 1752 2218 1829; x_wconf 85' lang='lat' dir='ltr'>conceperit,</span> <span class='ocrx_word' id='word_1_183' title='bbox 2295 1759 2304 1764; x_wconf 82' lang='grc'><strong>“</strong></span> 
     </span>
    </p>

    <p class='ocr_par' dir='ltr' id='par_1_6' title="bbox 139 1834 2218 1999">
     <span class='ocr_line' id='line_1_21' title="bbox 139 1834 2218 1915; baseline -0.001 -19"><span class='ocrx_word' id='word_1_184' title='bbox 139 1854 198 1902; x_wconf 71' lang='lat' dir='ltr'>eo</span> <span class='ocrx_word' id='word_1_185' title='bbox 218 1834 543 1897; x_wconf 60' lang='lat' dir='ltr'>arbitratur„</span> <span class='ocrx_word' id='word_1_186' title='bbox 572 1872 657 1881; x_wconf 87' lang='lat'><em>-</em></span> <span class='ocrx_word' id='word_1_187' title='bbox 703 1837 869 1915; x_wconf 89' lang='grc'>(14.)</span> <span class='ocrx_word' id='word_1_188' title='bbox 904 1838 1214 1914; x_wconf 90' lang='lat' dir='ltr'>incipiente</span> <span class='ocrx_word' id='word_1_189' title='bbox 1245 1844 1432 1895; x_wconf 89' lang='lat' dir='ltr'>autem</span> <span class='ocrx_word' id='word_1_190' title='bbox 1464 1835 1576 1895; x_wconf 85' lang='lat' dir='ltr'>hoc</span> <span class='ocrx_word' id='word_1_191' title='bbox 1612 1845 1758 1895; x_wconf 90' lang='lat' dir='ltr'>statu</span> <span class='ocrx_word' id='word_1_192' title='bbox 1793 1846 1887 1896; x_wconf 92' lang='lat' dir='ltr'>aut</span> <span class='ocrx_word' id='word_1_193' title='bbox 1919 1836 2218 1895; x_wconf 88' lang='lat' dir='ltr'>desinente</span> 
     </span>
     <span class='ocr_line' id='line_1_22' title="bbox 217 1918 2218 1999; baseline -0 -20"><span class='ocrx_word' id='word_1_194' title='bbox 217 1929 539 1998; x_wconf 82' lang='lat' dir='ltr'>conceptus</span> <span class='ocrx_word' id='word_1_195' title='bbox 569 1920 827 1981; x_wconf 79' lang='lat' dir='ltr'>facillimi</span> <span class='ocrx_word' id='word_1_196' title='bbox 859 1921 1170 1981; x_wconf 85' lang='lat' dir='ltr'>traduntur.</span> <span class='ocrx_word' id='word_1_197' title='bbox 1223 1918 1613 1979; x_wconf 84' lang='lat' dir='ltr'>Fecunditatis</span> <span class='ocrx_word' id='word_1_198' title='bbox 1646 1921 1701 1978; x_wconf 87' lang='lat' dir='ltr'>in</span> <span class='ocrx_word' id='word_1_199' title='bbox 1731 1919 1955 1980; x_wconf 80' lang='lat' dir='ltr'>feminis</span> <span class='ocrx_word' id='word_1_200' title='bbox 1981 1938 2218 1999; x_wconf 90' lang='lat' dir='ltr'>praero-</span> 
     </span>
    </p>

    <p class='ocr_par' dir='ltr' id='par_1_7' title="bbox 170 2003 2219 2082">
     <span class='ocr_line' id='line_1_23' title="bbox 170 2003 2219 2082; baseline -0 -20"><span class='ocrx_word' id='word_1_201' title='bbox 170 2030 183 2039; x_wconf 92' lang='lat'>-</span> <span class='ocrx_word' id='word_1_202' title='bbox 210 2006 465 2080; x_wconf 53' lang='lat' dir='ltr'>nativam</span> <span class='ocrx_word' id='word_1_203' title='bbox 508 2006 838 2082; x_wconf 85' lang='lat' dir='ltr'>accepimus</span> <span class='ocrx_word' id='word_1_204' title='bbox 870 2005 1116 2064; x_wconf 90' lang='lat' dir='ltr'>inunctis</span> <span class='ocrx_word' id='word_1_205' title='bbox 1145 2003 1521 2063; x_wconf 87' lang='lat' dir='ltr'>medicamine</span> <span class='ocrx_word' id='word_1_206' title='bbox 1560 2003 1745 2075; x_wconf 71' lang='lat' dir='ltr'>ocuBs</span> <span class='ocrx_word' id='word_1_207' title='bbox 1783 2005 2016 2079; x_wconf 77' lang='lat' dir='ltr'>salivam</span> <span class='ocrx_word' id='word_1_208' title='bbox 2048 2005 2219 2063; x_wconf 84' lang='lat' dir='ltr'>inlici.</span> 
     </span>
    </p>

    <p class='ocr_par' dir='ltr' id='par_1_8' title="bbox 215 2083 2305 2250">
     <span class='ocr_line' id='line_1_24' title="bbox 340 2083 2305 2167; baseline 0.001 -20"><span class='ocrx_word' id='word_1_209' title='bbox 340 2089 510 2167; x_wconf 84' lang='lat'>(15.)</span> <span class='ocrx_word' id='word_1_210' title='bbox 559 2083 829 2148; x_wconf 87' lang='lat' dir='ltr'>Ceterum</span> <span class='ocrx_word' id='word_1_211' title='bbox 859 2088 1026 2148; x_wconf 88' lang='lat' dir='ltr'>editis</span> <span class='ocrx_word' id='word_1_212' title='bbox 1057 2090 1343 2165; x_wconf 87' lang='lat' dir='ltr'>primores</span> <span class='ocrx_word' id='word_1_213' title='bbox 1375 2095 1640 2164; x_wconf 91' lang='lat' dir='ltr'>septumo</span> <span class='ocrx_word' id='word_1_214' title='bbox 1665 2106 1863 2147; x_wconf 90' lang='lat' dir='ltr'>mense</span> <span class='ocrx_word' id='word_1_215' title='bbox 1890 2090 2048 2165; x_wconf 84' lang='lat' dir='ltr'>gigni</span> <span class='ocrx_word' id='word_1_216' title='bbox 2082 2088 2217 2146; x_wconf 91' lang='lat' dir='ltr'>den·</span> <span class='ocrx_word' id='word_1_217' title='bbox 2237 2098 2305 2149; x_wconf 84' lang='lat'>68</span> 
     </span>
     <span class='ocr_line' id='line_1_25' title="bbox 215 2170 2218 2250; baseline -0 -19"><span class='ocrx_word' id='word_1_218' title='bbox 215 2173 319 2248; x_wconf 80' lang='lat' dir='ltr'>tis,</span> <span class='ocrx_word' id='word_1_219' title='bbox 372 2174 647 2250; x_wconf 86' lang='lat' dir='ltr'>priusque</span> <span class='ocrx_word' id='word_1_220' title='bbox 680 2174 736 2231; x_wconf 91' lang='lat' dir='ltr'>in</span> <span class='ocrx_word' id='word_1_221' title='bbox 760 2190 971 2250; x_wconf 85' lang='lat' dir='ltr'>supera</span> <span class='ocrx_word' id='word_1_222' title='bbox 999 2172 1126 2231; x_wconf 79' lang='lat' dir='ltr'>fere</span> <span class='ocrx_word' id='word_1_223' title='bbox 1153 2179 1316 2249; x_wconf 89' lang='lat' dir='ltr'>parte</span> <span class='ocrx_word' id='word_1_224' title='bbox 1335 2214 1351 2242; x_wconf 91' lang='lat'>,</span> <span class='ocrx_word' id='word_1_225' title='bbox 1385 2170 1521 2228; x_wconf 90' lang='lat' dir='ltr'>haut</span> <span class='ocrx_word' id='word_1_226' title='bbox 1547 2170 1772 2229; x_wconf 91' lang='lat' dir='ltr'>dubium</span> <span class='ocrx_word' id='word_1_227' title='bbox 1799 2182 1918 2246; x_wconf 90' lang='lat' dir='ltr'>est,</span> <span class='ocrx_word' id='word_1_228' title='bbox 1954 2180 2218 2247; x_wconf 91' lang='lat' dir='ltr'>septumo</span> 
     </span>
    </p>

    <p class='ocr_par' dir='ltr' id='par_1_9' title="bbox 146 2253 2305 2668">
     <span class='ocr_line' id='line_1_26' title="bbox 146 2253 2220 2332; baseline -0 -18"><span class='ocrx_word' id='word_1_229' title='bbox 146 2255 458 2317; x_wconf 70' lang='lat' dir='ltr'>:eseosdem</span> <span class='ocrx_word' id='word_1_230' title='bbox 480 2255 762 2315; x_wconf 86' lang='lat' dir='ltr'>decidere</span> <span class='ocrx_word' id='word_1_231' title='bbox 794 2273 941 2314; x_wconf 89' lang='lat' dir='ltr'>anno</span> <span class='ocrx_word' id='word_1_232' title='bbox 973 2255 1237 2332; x_wconf 91' lang='lat' dir='ltr'>aliosque</span> <span class='ocrx_word' id='word_1_233' title='bbox 1269 2253 1489 2327; x_wconf 84' lang='lat' dir='ltr'>suffici,</span> <span class='ocrx_word' id='word_1_234' title='bbox 1525 2254 1800 2332; x_wconf 87' lang='lat' dir='ltr'>quosdam</span> <span class='ocrx_word' id='word_1_235' title='bbox 1838 2264 1894 2313; x_wconf 90' lang='lat' dir='ltr'>et</span> <span class='ocrx_word' id='word_1_236' title='bbox 1927 2272 2052 2313; x_wconf 91' lang='lat' dir='ltr'>cum</span> <span class='ocrx_word' id='word_1_237' title='bbox 2083 2254 2220 2315; x_wconf 90' lang='lat' dir='ltr'>den-</span> 
     </span>
     <span class='ocr_line' id='line_1_27' title="bbox 215 2335 2217 2416; baseline 0.001 -17"><span class='ocrx_word' id='word_1_238' title='bbox 215 2339 367 2399; x_wconf 86' lang='lat' dir='ltr'>tibus</span> <span class='ocrx_word' id='word_1_239' title='bbox 397 2340 592 2413; x_wconf 84' lang='lat' dir='ltr'>nasci,</span> <span class='ocrx_word' id='word_1_240' title='bbox 636 2341 785 2405; x_wconf 86' lang='lat' dir='ltr'>sicut</span> <span class='ocrx_word' id='word_1_241' title='bbox 812 2337 909 2397; x_wconf 82' lang='grc' dir='ltr'>Μ’.</span> <span class='ocrx_word' id='word_1_242' title='bbox 945 2336 1174 2397; x_wconf 87' lang='lat' dir='ltr'>Curium</span> <span class='ocrx_word' id='word_1_243' title='bbox 1207 2339 1302 2416; x_wconf 86' lang='lat' dir='ltr'>qui</span> <span class='ocrx_word' id='word_1_244' title='bbox 1335 2336 1409 2394; x_wconf 90' lang='lat' dir='ltr'>ob</span> <span class='ocrx_word' id='word_1_245' title='bbox 1445 2337 1503 2396; x_wconf 88' lang='lat' dir='ltr'>id</span> <span class='ocrx_word' id='word_1_246' title='bbox 1537 2335 1819 2397; x_wconf 90' lang='lat' dir='ltr'>Dentatus</span> <span class='ocrx_word' id='word_1_247' title='bbox 1852 2340 2217 2416; x_wconf 81' lang='lat' dir='ltr'>cognomina-</span> 
     </span>
     <span class='ocr_line' id='line_1_28' title="bbox 214 2419 2219 2503; baseline 0 -21"><span class='ocrx_word' id='word_1_248' title='bbox 214 2433 306 2497; x_wconf 76' lang='lat' dir='ltr'>tus</span> <span class='ocrx_word' id='word_1_249' title='bbox 355 2431 480 2501; x_wconf 78' lang='lat' dir='ltr'>est,</span> <span class='ocrx_word' id='word_1_250' title='bbox 530 2433 590 2482; x_wconf 89' lang='lat' dir='ltr'>et</span> <span class='ocrx_word' id='word_1_251' title='bbox 634 2421 737 2483; x_wconf 89' lang='lat' dir='ltr'>Cn.</span> <span class='ocrx_word' id='word_1_252' title='bbox 787 2422 1072 2500; x_wconf 84' lang='lat' dir='ltr'>Papirium</span> <span class='ocrx_word' id='word_1_253' title='bbox 1117 2419 1473 2495; x_wconf 87' lang='lat' dir='ltr'>Carbonem,</span> <span class='ocrx_word' id='word_1_254' title='bbox 1523 2422 1861 2503; x_wconf 88' lang='lat' dir='ltr'>praeclaros</span> <span class='ocrx_word' id='word_1_255' title='bbox 1902 2425 2081 2483; x_wconf 90' lang='lat' dir='ltr'>viros.</span> <span class='ocrx_word' id='word_1_256' title='bbox 2164 2425 2219 2483; x_wconf 92' lang='lat' dir='ltr'>in</span> 
     </span>
     <span class='ocr_line' id='line_1_29' title="bbox 213 2505 2215 2585; baseline -0.001 -18"><span class='ocrx_word' id='word_1_257' title='bbox 213 2507 441 2567; x_wconf 80' lang='lat' dir='ltr'>feminis</span> <span class='ocrx_word' id='word_1_258' title='bbox 497 2524 566 2567; x_wconf 88' lang='lat' dir='ltr'>ea</span> <span class='ocrx_word' id='word_1_259' title='bbox 622 2525 717 2566; x_wconf 90' lang='lat' dir='ltr'>res</span> <span class='ocrx_word' id='word_1_260' title='bbox 762 2507 1101 2583; x_wconf 87' lang='lat' dir='ltr'>inauspicati</span> <span class='ocrx_word' id='word_1_261' title='bbox 1143 2505 1248 2564; x_wconf 87' lang='lat' dir='ltr'>fuit</span> <span class='ocrx_word' id='word_1_262' title='bbox 1292 2505 1541 2582; x_wconf 84' lang='lat' dir='ltr'>exempli</span> <span class='ocrx_word' id='word_1_263' title='bbox 1590 2523 1789 2581; x_wconf 85' lang='lat' dir='ltr'>regum</span> <span class='ocrx_word' id='word_1_264' title='bbox 1838 2508 2215 2585; x_wconf 89' lang='lat' dir='ltr'>temporibus.</span> 
     </span>
     <span class='ocr_line' id='line_1_30' title="bbox 217 2588 2305 2668; baseline 0 -17"><span class='ocrx_word' id='word_1_265' title='bbox 217 2610 343 2666; x_wconf 87' lang='lat' dir='ltr'>cum</span> <span class='ocrx_word' id='word_1_266' title='bbox 375 2593 453 2649; x_wconf 90' lang='lat' dir='ltr'>ita</span> <span class='ocrx_word' id='word_1_267' title='bbox 483 2599 613 2668; x_wconf 81' lang='lat' dir='ltr'>nata</span> <span class='ocrx_word' id='word_1_268' title='bbox 641 2599 799 2650; x_wconf 87' lang='lat' dir='ltr'>esset</span> <span class='ocrx_word' id='word_1_269' title='bbox 832 2588 1099 2664; x_wconf 86' lang='lat' dir='ltr'>Valeria,</span> <span class='ocrx_word' id='word_1_270' title='bbox 1149 2589 1326 2648; x_wconf 87' lang='lat' dir='ltr'>exitio</span> <span class='ocrx_word' id='word_1_271' title='bbox 1363 2588 1576 2647; x_wconf 89' lang='lat' dir='ltr'>civitati</span> <span class='ocrx_word' id='word_1_272' title='bbox 1615 2590 1669 2646; x_wconf 90' lang='lat' dir='ltr'>in</span> <span class='ocrx_word' id='word_1_273' title='bbox 1702 2608 1867 2668; x_wconf 90' lang='lat' dir='ltr'>quam</span> <span class='ocrx_word' id='word_1_274' title='bbox 1905 2591 2094 2650; x_wconf 89' lang='lat' dir='ltr'>delata</span> <span class='ocrx_word' id='word_1_275' title='bbox 2130 2610 2218 2649; x_wconf 90' lang='lat' dir='ltr'>es·</span> <span class='ocrx_word' id='word_1_276' title='bbox 2236 2601 2305 2653; x_wconf 84' lang='lat'>69</span> 
     </span>
    </p>

    <p class='ocr_par' dir='ltr' id='par_1_10' title="bbox 142 2673 2304 3087">
     <span class='ocr_line' id='line_1_31' title="bbox 142 2673 2218 2757; baseline 0.001 -27"><span class='ocrx_word' id='word_1_277' title='bbox 142 2687 196 2729; x_wconf 75' lang='lat'>³0</span> <span class='ocrx_word' id='word_1_278' title='bbox 216 2684 308 2733; x_wconf 86' lang='lat' dir='ltr'>set</span> <span class='ocrx_word' id='word_1_279' title='bbox 329 2674 572 2734; x_wconf 82' lang='lat' dir='ltr'>futuram</span> <span class='ocrx_word' id='word_1_280' title='bbox 596 2686 885 2752; x_wconf 75' lang='lat' dir='ltr'>responso</span> <span class='ocrx_word' id='word_1_281' title='bbox 907 2674 1230 2751; x_wconf 88' lang='lat' dir='ltr'>aruspicum</span> <span class='ocrx_word' id='word_1_282' title='bbox 1249 2674 1595 2732; x_wconf 86' lang='lat' dir='ltr'>vaticinante</span> <span class='ocrx_word' id='word_1_283' title='bbox 1612 2673 1884 2757; x_wconf 64' lang='lat' dir='ltr'>Suessam</span> <span class='ocrx_word' id='word_1_284' title='bbox 1907 2674 2218 2733; x_wconf 87' lang='lat' dir='ltr'>Pometiam</span> 
     </span>
     <span class='ocr_line' id='line_1_32' title="bbox 218 2754 2220 2836; baseline -0.001 -19"><span class='ocrx_word' id='word_1_285' title='bbox 218 2759 314 2827; x_wconf 85' lang='lat' dir='ltr'>illa</span> <span class='ocrx_word' id='word_1_286' title='bbox 359 2758 1204 2836; x_wconf 74' lang='lat' dir='ltr'>tempestatessorentissimam</span> <span class='ocrx_word' id='word_1_287' title='bbox 1251 2756 1556 2834; x_wconf 88' lang='lat' dir='ltr'>deportata</span> <span class='ocrx_word' id='word_1_288' title='bbox 1590 2765 1710 2832; x_wconf 86' lang='lat' dir='ltr'>est,</span> <span class='ocrx_word' id='word_1_289' title='bbox 1758 2756 2017 2816; x_wconf 74' lang='lat' dir='ltr'>veridico</span> <span class='ocrx_word' id='word_1_290' title='bbox 2061 2754 2220 2816; x_wconf 82' lang='lat' dir='ltr'>exitu</span> 
     </span>
     <span class='ocr_line' id='line_1_33' title="bbox 219 2840 2219 2917; baseline -0.001 -16"><span class='ocrx_word' id='word_1_291' title='bbox 219 2851 556 2901; x_wconf 90' lang='lat' dir='ltr'>consecuto.</span> <span class='ocrx_word' id='word_1_292' title='bbox 585 2842 985 2916; x_wconf 74' lang='lat' dir='ltr'>——-,Quasdam</span> <span class='ocrx_word' id='word_1_293' title='bbox 1013 2850 1288 2901; x_wconf 90' lang='lat' dir='ltr'>concreto</span> <span class='ocrx_word' id='word_1_294' title='bbox 1314 2840 1551 2917; x_wconf 88' lang='lat' dir='ltr'>genitali</span> <span class='ocrx_word' id='word_1_295' title='bbox 1572 2841 1731 2916; x_wconf 84' lang='lat' dir='ltr'>gigni</span> <span class='ocrx_word' id='word_1_296' title='bbox 1757 2841 2003 2899; x_wconf 82' lang='lat' dir='ltr'>infausto</span> <span class='ocrx_word' id='word_1_297' title='bbox 2031 2842 2219 2899; x_wconf 91' lang='lat' dir='ltr'>omine</span> 
     </span>
     <span class='ocr_line' id='line_1_34' title="bbox 219 2923 2216 3001; baseline -0.001 -17"><span class='ocrx_word' id='word_1_298' title='bbox 219 2923 490 2997; x_wconf 78' lang='lat' dir='ltr'>Cornelia</span> <span class='ocrx_word' id='word_1_299' title='bbox 506 2926 897 2986; x_wconf 87' lang='lat' dir='ltr'>Gracchorum</span> <span class='ocrx_word' id='word_1_300' title='bbox 916 2934 1098 2984; x_wconf 87' lang='lat' dir='ltr'>mater</span> <span class='ocrx_word' id='word_1_301' title='bbox 1123 2925 1334 2984; x_wconf 88' lang='lat' dir='ltr'>indicio</span> <span class='ocrx_word' id='word_1_302' title='bbox 1359 2933 1464 2984; x_wconf 88' lang='lat' dir='ltr'>est.</span> <span class='ocrx_word' id='word_1_303' title='bbox 1487 2956 1571 2969; x_wconf 80' lang='grc'>-·</span> <span class='ocrx_word' id='word_1_304' title='bbox 1592 2924 1786 3001; x_wconf 87' lang='lat' dir='ltr'>Aliqui</span> <span class='ocrx_word' id='word_1_305' title='bbox 1812 2926 1941 2983; x_wconf 80' lang='lat' dir='ltr'>vice</span> <span class='ocrx_word' id='word_1_306' title='bbox 1968 2925 2216 2984; x_wconf 88' lang='lat' dir='ltr'>dentium</span> 
     </span>
     <span class='ocr_line' id='line_1_35' title="bbox 218 3007 2304 3087; baseline -0 -19"><span class='ocrx_word' id='word_1_307' title='bbox 218 3012 489 3073; x_wconf 84' lang='lat' dir='ltr'>continuo</span> <span class='ocrx_word' id='word_1_308' title='bbox 540 3028 677 3069; x_wconf 88' lang='lat' dir='ltr'>osse</span> <span class='ocrx_word' id='word_1_309' title='bbox 731 3011 1071 3087; x_wconf 86' lang='lat' dir='ltr'>gignuntur,</span> <span class='ocrx_word' id='word_1_310' title='bbox 1127 3010 1296 3067; x_wconf 88' lang='lat' dir='ltr'>sicuti</span> <span class='ocrx_word' id='word_1_311' title='bbox 1338 3008 1572 3067; x_wconf 88' lang='lat' dir='ltr'>Prusiae</span> <span class='ocrx_word' id='word_1_312' title='bbox 1615 3010 1773 3083; x_wconf 86' lang='lat' dir='ltr'>regis</span> <span class='ocrx_word' id='word_1_313' title='bbox 1827 3007 2216 3083; x_wconf 78' lang='lat' dir='ltr'>Bithyuiorum</span> <span class='ocrx_word' id='word_1_314' title='bbox 2303 3042 2304 3045; x_wconf 61' lang='lat'><em>=</em></span> 
     </span>
    </p>

    <p class='ocr_par' dir='ltr' id='par_1_11' title="bbox 143 3087 2303 3505">
     <span class='ocr_line' id='line_1_36' title="bbox 143 3087 2303 3172; baseline 0.002 -23"><span class='ocrx_word' id='word_1_315' title='bbox 143 3106 196 3149; x_wconf 78' lang='lat'>35</span> <span class='ocrx_word' id='word_1_316' title='bbox 218 3093 364 3152; x_wconf 82' lang='lat' dir='ltr'>iilius</span> <span class='ocrx_word' id='word_1_317' title='bbox 411 3112 662 3172; x_wconf 87' lang='lat' dir='ltr'>superna</span> <span class='ocrx_word' id='word_1_318' title='bbox 693 3104 856 3172; x_wconf 88' lang='lat' dir='ltr'>parte</span> <span class='ocrx_word' id='word_1_319' title='bbox 901 3088 1036 3152; x_wconf 75' lang='lat' dir='ltr'>oris&#39;.</span> <span class='ocrx_word' id='word_1_320' title='bbox 1101 3087 1322 3151; x_wconf 89' lang='lat' dir='ltr'>Dentes</span> <span class='ocrx_word' id='word_1_321' title='bbox 1367 3101 1552 3151; x_wconf 91' lang='lat' dir='ltr'>autem</span> <span class='ocrx_word' id='word_1_322' title='bbox 1594 3100 1808 3151; x_wconf 90' lang='lat' dir='ltr'>tantum</span> <span class='ocrx_word' id='word_1_323' title='bbox 1852 3094 2046 3151; x_wconf 90' lang='lat' dir='ltr'>invicti</span> <span class='ocrx_word' id='word_1_324' title='bbox 2087 3102 2214 3152; x_wconf 88' lang='lat' dir='ltr'>sunt</span> <span class='ocrx_word' id='word_1_325' title='bbox 2234 3098 2303 3161; x_wconf 64' lang='lat'>701</span> 
     </span>
     <span class='ocr_line' id='line_1_37' title="bbox 212 3174 2213 3254; baseline -0 -18"><span class='ocrx_word' id='word_1_326' title='bbox 212 3177 441 3254; x_wconf 85' lang='lat' dir='ltr'>ignibus</span> <span class='ocrx_word' id='word_1_327' title='bbox 484 3197 617 3243; x_wconf 64' lang='lat' dir='ltr'>,nec</span> <span class='ocrx_word' id='word_1_328' title='bbox 648 3188 973 3237; x_wconf 89' lang='lat' dir='ltr'>cremantur</span> <span class='ocrx_word' id='word_1_329' title='bbox 1007 3196 1131 3236; x_wconf 92' lang='lat' dir='ltr'>cum</span> <span class='ocrx_word' id='word_1_330' title='bbox 1159 3176 1385 3254; x_wconf 92' lang='lat' dir='ltr'>reliquo</span> <span class='ocrx_word' id='word_1_331' title='bbox 1426 3180 1707 3253; x_wconf 85' lang='lat' dir='ltr'>corpore,</span> <span class='ocrx_word' id='word_1_332' title='bbox 1740 3175 2028 3254; x_wconf 90' lang='lat' dir='ltr'>iidemque</span> <span class='ocrx_word' id='word_1_333' title='bbox 2059 3174 2213 3236; x_wconf 86' lang='lat' dir='ltr'>flam-</span> 
     </span>
     <span class='ocr_line' id='line_1_38' title="bbox 211 3222 2298 3339; baseline 0 -21"><span class='ocrx_word' id='word_1_334' title='bbox 211 3263 317 3320; x_wconf 89' lang='lat' dir='ltr'>mis</span> <span class='ocrx_word' id='word_1_335' title='bbox 347 3222 600 3320; x_wconf 51' lang='lat' dir='ltr'>indfflniti</span> <span class='ocrx_word' id='word_1_336' title='bbox 636 3271 908 3320; x_wconf 80' lang='lat' dir='ltr'>cavantur</span> <span class='ocrx_word' id='word_1_337' title='bbox 950 3256 1083 3320; x_wconf 86' lang='lat' dir='ltr'>tabe</span> <span class='ocrx_word' id='word_1_338' title='bbox 1129 3262 1384 3339; x_wconf 83' lang='lat' dir='ltr'>pituitae.</span> <span class='ocrx_word' id='word_1_339' title='bbox 1458 3258 1765 3319; x_wconf 89' lang='lat' dir='ltr'>candorem</span> <span class='ocrx_word' id='word_1_340' title='bbox 1811 3260 2037 3323; x_wconf 84' lang='lat' dir='ltr'>trahunt</span> <span class='ocrx_word' id='word_1_341' title='bbox 2072 3277 2213 3337; x_wconf 90' lang='lat' dir='ltr'>quo-</span> <span class='ocrx_word' id='word_1_342' title='bbox 2297 3296 2298 3305; x_wconf 26' lang='grc' dir='ltr'><strong>κ</strong></span> 
     </span>
     <span class='ocr_line' id='line_1_39' title="bbox 215 3338 2296 3505; baseline -0.001 -102"><span class='ocrx_word' id='word_1_343' title='bbox 215 3344 340 3403; x_wconf 89' lang='lat' dir='ltr'>dam</span> <span class='ocrx_word' id='word_1_344' title='bbox 386 3345 779 3405; x_wconf 86' lang='lat' dir='ltr'>medicamine.</span> <span class='ocrx_word' id='word_1_345' title='bbox 839 3363 965 3411; x_wconf 52' lang='lat' dir='ltr'>usu,</span> <span class='ocrx_word' id='word_1_346' title='bbox 989 3353 1338 3443; x_wconf 48' lang='lat' dir='ltr'>attelgmtur,</span> <span class='ocrx_word' id='word_1_347' title='bbox 1388 3344 1682 3420; x_wconf 87' lang='lat' dir='ltr'>multoque</span> <span class='ocrx_word' id='word_1_348' title='bbox 1724 3338 1962 3423; x_wconf 81' lang='lat' dir='ltr'>primu&#39;m</span> <span class='ocrx_word' id='word_1_349' title='bbox 2012 3346 2068 3402; x_wconf 90' lang='lat' dir='ltr'>in</span> <span class='ocrx_word' id='word_1_350' title='bbox 2113 3344 2212 3402; x_wconf 90' lang='lat' dir='ltr'>ali·</span> <span class='ocrx_word' id='word_1_351' title='bbox 2291 3394 2296 3505; x_wconf 30' lang='grc' dir='ltr'><strong><em>ἐ</em></strong></span> 
     </span>
    </p>

    <p class='ocr_par' dir='ltr' id='par_1_12' title="bbox 2133 3516 2295 3578">
     <span class='ocr_line' id='line_1_40' title="bbox 2133 3516 2295 3578; baseline 0.012 -2"><span class='ocrx_word' id='word_1_352' title='bbox 2133 3516 2295 3578; x_wconf 57' lang='grc' dir='ltr'><strong><em>Δ</em></strong></span> 
     </span>
    </p>
   </div>
  </div>
 </body>
</html>
