2320 3650
194 87 324 151 228
894 97 954 144 C.
987 99 1179 145 PLINI
1211 98 1511 145 SECUNDI

199 254 615 315 medicamenta
652 242 899 331 pretium
945 259 1054 311 est.
1119 253 1442 329 praecipua
1470 261 1659 312 autem
1688 255 1879 329 gratia
1916 254 2186 333 lacrimae,

115 350 216 404 119
231 337 491 398 secunda
525 339 757 412 semini,
793 337 961 396 tertia
991 336 1228 411 cortici,
1261 337 1502 395 minuma
1535 336 1721 415 ligno2
1773 336 1869 396 Ex
1895 339 2188 401 hocbuxo-

199 441 322 482 sum
353 429 667 500 optumum,
697 421 851 499 quod
877 428 937 479 et
966 419 1448 495 odoratissimum,
1473 437 1507 478 e
1538 422 1757 479 semine
1790 431 1992 482 autem
2019 442 2189 484 mm·

194 517 344 569 mum
387 514 445 564 et
475 505 1025 584 ponderosissimum
1043 547 1060 577 ,
1099 503 1372 562 mordens
1402 512 1576 580 gustu
1606 504 1973 583 fervensque
2003 509 2056 566 in
2084 525 2186 567 ore.

196 589 552 649 adulteratur
581 589 830 648 Petraeo
870 587 1191 666 hyporien,
1229 586 1385 664 quod
1421 589 1752 664 coarguitur
1796 592 2223 667 magnitudine,s

113 683 215 738 120
228 675 533 749 inanitate,
568 672 947 749 longitudine,
979 671 1177 731 odoris
1207 672 1467 748 ignavia,
1500 688 1712 748 sapere
1744 674 1978 750 piperis
2004 720 2017 733 .
2045 676 2190 735 lacri-

196 776 325 817 mae
366 756 660 834 probatio,
691 765 752 815 ut
785 757 858 815 sit
888 774 920 815 e
956 756 1154 833 pingui
1186 756 1375 815 tenuis
1416 772 1485 814 ac
1516 755 1744 815 modice
1779 757 1916 816 rufa
1951 767 2014 817 et
2036 761 2090 818 iu
2110 760 2188 818 fri·

199 842 386 902 cando
420 842 621 901 odora.
678 839 966 899 secundus
1012 838 1240 898 candidi
1269 838 1441 898 colos
1458 840 1681 916 ,κρείω-
1710 841 1922 900 viridis
1958 861 2188 903 crassus-

198 944 345 1004 que,
397 942 701 1003 pessumus
744 925 948 1001 niger,
1000 924 1218 1001 quippe
1255 931 1316 981 ut
1354 921 1548 981 oleum
1593 925 1874 983 senescit.
1944 945 2023 985 ex
2051 928 2193 986 ‘omui

192 1011 446 1068 incisura
486 1026 751 1068 maxume
796 1005 1077 1086 probatur
1117 1006 1274 1084 quod
1316 1014 1450 1065 ante
1494 1024 1693 1066 semen
1723 1007 1913 1067 fluxit.
1972 1020 2032 1070 et
2072 1011 2235 1070 eliasu

196 1092 551 1153 adulteratur
603 1093 836 1150 seminis
879 1109 1055 1165 suco,
1106 1092 1322 1167 vixque
1364 1090 1708 1150 maleficium
1752 1092 2194 1170 deprehenditur

193 1183 366 1253 gustu
390 1177 694 1236 amariore.
748 1193 885 1234 esse
916 1175 1065 1233 enim
1094 1173 1271 1234 debet
1301 1173 1484 1249 lenis,
1521 1192 1635 1233 non
1656 1175 2002 1252 suhaciduS,
2033 1179 2193 1239 odore

111 1270 210 1325 121
228 1267 443 1319 tantum
473 1264 779 1320 austerus.
816 1259 1048 1319 vitiatur
1077 1267 1138 1317 et
1168 1258 1303 1317 oleo
1333 1275 1545 1334 rosae,
1590 1261 1790 1337 cypri,
1824 1261 2085 1336 lentisci,
2113 1262 2193 1321 ba·

194 1344 343 1420 lani,
377 1342 722 1419 terebinthi,
756 1340 958 1418 myrti,
992 1344 1217 1417 resina,
1248 1340 1538 1421 galbano,
1570 1361 1707 1405 cera
1751 1341 2016 1421 Cypria,
2048 1354 2196 1424 prout

195 1446 464 1507 quaeque
495 1427 760 1503 res-fuit,
803 1427 1154 1505 nequissime
1181 1434 1370 1485 autem
1403 1428 1640 1501 cummi,
1691 1430 1977 1506 quoniam
2004 1430 2237 1491 arescit1⁵

193 1513 249 1570 in
277 1529 443 1573 manu
487 1513 718 1571 inversa
761 1519 819 1570 et
846 1512 904 1569 in
934 1527 1081 1588 aqua
1115 1510 1284 1585 sidit,
1335 1527 1484 1587 quae
1518 1510 1789 1588 probatio
1826 1513 1959 1571 eius
1989 1516 2196 1589 gemina

112 1606 213 1659 122
232 1604 341 1654 est.
375 1594 556 1656 debet
586 1596 874 1657 sincerum
903 1595 1277 1669 inarescere,
1322 1593 1430 1652 sed
1475 1592 1587 1653 hoc
1619 1598 1828 1654 cummi
1861 1597 2063 1658 addita
2102 1598 2194 1656 fra·

190 1679 295 1757 gili
342 1689 537 1741 crusta
591 1681 803 1739 evenit.
868 1687 927 1737 et
974 1687 1146 1755 gustu
1205 1677 1687 1756 deprehenditur,
1751 1679 2022 1740 carbone
2071 1697 2195 1741 vero

193 1763 352 1841 quod
393 1781 529 1823 cera
570 1764 881 1843 resinaque
926 1762 1307 1823 adulteratum
1338 1770 1459 1838 est,
1505 1763 1764 1840 nigriore
1799 1763 2053 1838 flamma.
2088 1782 2194 1823 nam

107 1858 212 1914 123
226 1846 403 1910 melle
433 1856 678 1907 mutatur
709 1849 916 1916 statim.
964 1849 1021 1906 in
1052 1865 1223 1907 manu
1256 1847 1542 1906 contrahit
1582 1866 1837 1908 muscas.
1902 1859 2244 1928 praeterea&

193 1932 409 1991 sinceri
466 1931 742 1992 densatur
781 1934 839 1992 in
881 1932 1076 2011 tepida
1115 1949 1265 2009 aqua
1306 1930 1467 2008 gutta
1512 1931 1711 1991 sidens
1759 1932 1835 1991 ad
1892 1935 2008 1993 ima
2051 1951 2194 2005 vasa,

193 2015 516 2080 adulterata
545 2017 664 2077 olei
685 2017 860 2077 modo
889 2018 1104 2076 innatat
1132 2025 1212 2092 et,
1239 2016 1288 2075 si
1317 2015 1572 2092 metopio
1600 2018 1800 2075 vitiata
1836 2026 1956 2093 est,
1993 2017 2194 2078 circulo

195 2100 438 2160 candido
483 2101 748 2178 cingitur.
825 2118 1042 2160 summa
1085 2109 1176 2159 est
1213 2098 1483 2178 probatio
1525 2108 1589 2157 ut
1631 2099 1726 2159 lae
1764 2102 2083 2178 coagulet,
2152 2103 2196 2158 in

192 2194 360 2245 veste
390 2185 649 2245 maculas
678 2202 796 2245 non
825 2184 1018 2254 faciat.
1080 2202 1193 2244 nec
1222 2183 1582 2244 manifestior
1612 2184 1748 2243 alibi
1769 2184 1959 2264 frans,
1997 2188 2195 2264 qnippe

192 2268 422 2328 milibus
463 2269 756 2329 denarium
787 2267 1078 2345 sextarii,=
1102 2269 1279 2347 empti
1321 2267 1612 2327 vendente
1656 2268 1805 2327 fisco
1839 2271 2084 2329 tricenis
2111 2269 2244 2328 ‹le-2³

194 2353 710 2428 nariis,'veneunt.
773 2354 830 2411 in
871 2362 1085 2413 tantum
1135 2352 1376 2430 expedit
1416 2351 1598 2411 licere
1644 2362 1975 2413 auctorem.
2046 2353 2193 2427 xylo-

194 2434 454 2496 balsamo
491 2439 738 2514 pretium
765 2437 823 2496 in
858 2436 1037 2496 libras
1064 2434 1120 2494 X
1150 2456 1206 2496 v.
1753 2465 1782 2480 -¹

113 2527 215 2582 124
322 2521 537 2600 (55.)x
564 2520 851 2581 Proxuma
898 2520 1151 2580 Iudaeae
1196 2521 1365 2595 Syria
1414 2537 1591 2597 supra
1636 2518 1986 2584 Phoenicen
2031 2531 2196 2596 styra-

200 2621 326 2664 cem
368 2606 554 2682 gignit
603 2606 758 2666 circa
786 2604 1003 2665 Gabala
1036 2603 1097 2663 et
1129 2603 1506 2665 Marathunta·
1533 2613 1593 2663 et
1628 2601 1865 2667 Casium
1902 2606 2196 2666 Seleuciae

194 2699 464 2748 montem.
525 2688 701 2749 arbor
736 2698 827 2748 est
857 2689 1064 2748 eodem
1094 2689 1355 2764 nomine,
1393 2698 1642 2750 cotoneo
1673 2689 1833 2749 malo
1865 2692 2098 2765 similis,
2128 2690 2246 2749 ltu

198 2775 409 2834 crimae
461 2791 538 2831 ex
582 2783 818 2833 austero
866 2772 1095 2832 iucundi
1135 2773 1366 2848 odoris,
1415 2774 1563 2832 intus
1593 2772 1917 2833 similitudo
1949 2772 2196 2835 harundi-

195 2858 314 2932 nis,
359 2873 502 2916 suco
535 2875 845 2935 praegnas.
895 2859 952 2917 in
997 2857 1145 2916 hanc
1192 2858 1347 2917 circa
1384 2858 1542 2916 canis
1576 2865 1738 2916 ortus
1778 2858 2070 2919 advolant
2095 2858 2198 2937 pin·

112 2946 216 2997 125
231 2941 346 2998 nati
367 2940 666 2999 vermiculi
692 2942 1036 3015 erodentes,
1072 2940 1146 3000 ob
1171 2940 1228 3000 id
1263 2940 1446 2999 scobe
1476 2942 1787 3001 sordescit.
1854 2942 2080 3021 styrax
2101 2943 2198 3002 lau·

200 3020 364 3080 datur
391 3032 527 3099 post
573 3041 747 3101 supra
788 3024 940 3083 dicta
983 3041 1056 3082 ex
1097 3024 1337 3100 Pisidia,
1383 3024 1635 3099 Sidone,
1689 3022 1934 3104 Cypro,
1988 3026 2200 3096 Cilicia,
2225 3036 2238 3046 “

201 3097 374 3160 Creta
415 3106 691 3180 minume,
736 3124 812 3165 ex
841 3106 1062 3166 Amano
1095 3109 1301 3182 Syriae
1345 3108 1618 3183 medicis,
1658 3108 1767 3168 sed
1812 3110 2250 3188 unguxenttriiss⁵⁴

200 3184 400 3274 magis.
459 3188 624 3247 colos
656 3190 731 3247 in·
757 3207 1118 3269 quacumque
1147 3194 1378 3251 natione
1422 3193 1752 3269 praefertur
1790 3195 1962 3254 rufus
2004 3203 2068 3254 et
2094 3195 2194 3272 pin

202 3269 389 3331 guiter
410 3264 630 3344 lentus,
670 3272 925 3331 deterior
949 3274 1276 3335 furfurosus
1302 3284 1361 3334 et
1386 3267 1531 3335 cano
1551 3278 1662 3335 situ
1694 3274 2012 3338 obductus.
2058 3274 2191 3338 dnl-

202 3345 421 3401 teratur
463 3351 621 3410 cedri
659 3356 852 3414 resina
889 3357 987 3416 vel
1032 3361 1266 3435 cummi,
1326 3359 1468 3418 alias
1509 3359 1687 3418 melle
1745 3370 1848 3421 aut
1887 3358 2190 3439 amygdali!
