2320 3650
669 111 828 158 ΜΤ.
861 105 1174 158 H1sr.·v1.
1207 94 1781 181 16—-17.(18—·21.)
1939 112 1942 113 ’
2083 70 2211 158 Δ227

217 266 448 327 dulcem
498 283 632 327 esse
675 274 735 327 et
764 263 1099 336 Alexander
1126 263 1367 341 Magnus
1404 264 1652 343 prodidit
1684 275 1741 324 et
1785 264 1859 324 M.
1895 265 2082 326 Varro
2128 275 2212 326 ta-

217 350 334 411 lem
358 349 652 429 perlatum
680 332 956 426 Ponspeio
1003 349 1156 408 iuxta
1200 366 1299 407 res
1340 349 1567 424 gerenti
1607 347 1993 410 Mithridatico
2028 350 2211 423 belle,

215 433 603 511 magnitudine
635 433 771 493 haut
799 431 969 492 dubie
1000 432 1348 493 influentium
1370 432 1612 495 amnium
1634 433 1789 491 victo
1819 433 1965 493 sale.
2011 434 2207 494 Adicit
2230 448 2298 498 52

218 517 370 577 idem
400 517 640 595 Pompei
673 516 844 576 ductu
877 514 1238 594 exploratum
1274 516 1330 575 in
1360 515 1601 575 Bactros
1632 515 1740 581 VII
1773 516 1976 576 diebus
2021 537 2096 576 ex
2123 517 2209 577 In·

169 617 194 657 5
218 601 310 661 dia
340 600 632 679 perveniri
662 599 734 659 ad
761 599 1022 659 lachrum
1054 599 1265 659 flumen
1295 600 1451 678 quod
1481 600 1536 658 in
1569 598 1751 658 Oxum
1782 600 2008 676 influat,
2051 611 2107 661 et
2141 621 2214 661 ex

219 701 294 744 eo
330 703 437 762 per
469 681 739 761 Caspium
769 684 825 742 in
857 680 1066 758 Cyrum
1099 682 1449 757 subvectos,
1498 692 1555 742 et
1583 683 1637 741 V
1670 701 1786 757 non
1814 685 2056 763 amplius
2091 687 2211 746 die-

208 787 341 829 -rum
380 765 615 843 tex-seno
648 767 871 826 -itinere
915 767 986 826 ad
1014 760 1241 826 Phasim
1281 767 1337 825 in
1366 766 1603 826 Pontum
1633 766 1861 827 Indicas
1904 782 2086 845 posse
2114 769 2213 829 de-

216 852 352 912 vehi
376 852 607 911 mercis,
670 850 897 911 Insulae
928 858 1052 911 toto
1083 851 1140 910 in
1172 866 1244 921 eo
1275 849 1415 910 mari
1429 851 1672 928 multae,
1704 851 1938 928 volgata
1968 870 2076 913 una
2099 871 2213 915 ma-

217 953 391 996 xume
426 935 656 995 Tazata.
1225 934 1227 938 ’
1745 1006 1748 1011 A

146 1033 200 1074 10
332 1047 337 1051 ·
389 1019 573 1096 (20.)
607 1018 662 1077 A
689 1015 922 1096 Caspio·
939 1018 1081 1077 mari
1105 1015 1497 1096 Scythicoque
1532 1017 1754 1078 oceano
1778 1019 1835 1077 iu
1863 1017 2048 1079 Eoum
2081 1037 2203 1078 cur·
2230 1030 2298 1082 53

217 1121 320 1162 sus
351 1101 659 1162 inflectit-ur
687 1102 758 1162 ad
778 1096 1393 1163 „orientemconvers'a
1423 1102 1652 1161 litorum
1675 1103 1883 1162 fronte.
1932 1100 2212 1162 Inhabita-

218 1185 356 1246 bilis
395 1187 520 1245 eius
559 1185 741 1262 prima
784 1202 982 1263 patsa
1015 1184 1291 1259 Scythico
1335 1187 1729 1262 promontorio
1763 1185 1837 1245 ob
1870 1187 2035 1261 niviS,
2080 1203 2211 1265 pro·

217 1287 388 1330 xuma
433 1268 648 1338 inculta
682 1262 1225 1344 saevitiageiitium.
1315 1267 1799 1347 Anthropophagi
1832 1270 2085 1344 Scythae
2132 1271 2212 1328 in·

220 1354 407 1414 sident
441 1352 696 1412 humanis
732 1353 1076 1430 corporibus
1112 1360 1443 1411 vescentes.
1486 1353 1622 1435 ideo
1654 1353 1808 1412 iuxta
1842 1362 2042 1413 vastae
2080 1355 2214 1412 soli-

145 1448 198 1488 15
219 1437 448 1496 tudines
491 1435 860 1513 ferarumque
912 1435 1209 1495 multitudo
1251 1434 1385 1494 haut
1432 1436 1763 1496 dissimilem
1803 1436 2089 1495 hominum
2133 1439 2215 1494 in-

217 1521 544 1580 manitatem
590 1518 884 1579 obsidenS.
968 1519 1181 1578 Iterum
1216 1518 1423 1579 deinde
1456 1519 1708 1594 Scythae
1750 1521 2070 1597 iterumque
2114 1519 2212 1579 de*

218 1613 380 1665 serta
420 1621 549 1662 cum
594 1600 814 1678 beluis,
859 1620 1042 1680 usque
1084 1603 1157 1662 ad
1201 1604 1391 1678 iugum
1433 1602 1710 1663 incubans
1754 1604 1895 1662 mari
1928 1603 2080 1681 quod
2110 1619 2213 1663 voe

220 1694 354 1746 cant
396 1685 614 1746 Tabim.
698 1685 841 1746 Nec
893 1695 1024 1746 ante
1067 1686 1349 1746 dimidiam
1401 1686 1585 1746 ferme
1637 1686 2046 1762 longitudinem
2091 1687 2214 1744 eius

220 1787 364 1832 osae
397 1787 546 1849 quae
595 1776 822 1848 spectat
860 1768 1139 1830 aestivom
1174 1770 1452 1831 orientem
1500 1769 1843 1831 inhabitatur
1877 1770 1975 1830 illa
2023 1771 2210 1847 regiO.
2245 1799 2250 1803 ·

145 1858 200 1900 2⁰
220 1853 865 1914 Primirsunt‘hom‘inum
896 1854 990 1932 qui
1018 1863 1332 1914 noscantur
1354 1856 1531 1915 Seres
1562 1855 1769 1914 lanicio
1804 1856 2071 1915 silvarum
2103 1872 2201 1913 no·
2229 1862 2299 1916 54

220 1937 407 2013 biles,
456 1937 748 2015 perfusam
787 1936 935 2016 aqua
960 1936 1366 2015 depectentes·
1396 1938 1679 1998 frondium
1721 1932 2019 2013 canitiem,
2064 1938 2214 1997 unde

219 2023 484 2098 geminus
522 2020 746 2081 feminis
776 2021 986 2081 nostris
1024 2019 1191 2081 labor
1220 2021 1587 2083 redordiendi
1638 2022 1732 2082 fila
1764 2031 2214 2099 rursumque'te-

218 2105 416 2164 xendi.
488 2105 935 2184 tam‘multiplici
975 2120 1189 2182 opere,
1234 2113 1348 2163 tam
1391 2104 1704 2183 longinquo
1736 2105 1882 2165 orbe
1919 2107 2128 2184 petitur
2161 2115 2217 2164 ut

218 2190 279 2247 in
329 2186 564 2266 publico
606 2197 863 2249 matrona
888 2188 1208 2258 traluceat.
1299 2188 1481 2247 Seres
1518 2190 1687 2249 mites
1715 2189 1975 2267 quidem,
2021 2188 2126 2247 sed
2159 2197 2218 2246 et

147 2271 333 2349 2⁵‚ipsi
362 2271 509 2332 feris,
536 2271 753 2332 similes
780 2279 1013 2331 coetum
1042 2271 1398 2348 reliquorum
1426 2272 1744 2332 mortalium
1775 2272 2029 2348 fugiunt,
2079 2289 2212 2330 con-

219 2356 435 2415 mercia
467 2363 826 2433 ex'spectant.
875 2355 1119 2416 Primum
1150 2371 1349 2413 eorum
1378 2356 1638 2414 noscitur
1667 2355 1874 2415 flumen
1898 2354 2207 2428 PsitharaS,
2234 2363 2300 2413 55

221 2455 563 2516 proxumum
609 2437 910 2512 Cambari,
968 2437 1197 2497 tertium
1239 2435 1463 2514 LanoS,
1523 2457 1556 2498 a
1607 2455 1720 2515 quo
1769 2441 2217 2517 promontorium

222 2520 487 2597 Chryse,
533 2523 690 2583 sinus
721 2518 1018 2596 Cyrnaba,
1047 2520 1275 2581 flumen
1305 2520 1580 2597 Atianos,
1624 2523 1782 2581 sinus
1826 2530 1884 2581 et
1929 2540 2075 2599 gens
2113 2522 2215 2582 ho·

222 2606 431 2664 minum
471 2604 845 2681 Attacorum,
896 2605 1111 2683 apricis
1164 2604 1237 2664 ab
1291 2606 1443 2664 omni
1491 2605 1666 2664 noxio
1725 2605 1934 2664 adflatu
1988 2605 2217 2682 seclusa

145 2695 202 2736 30
226 2688 494 2748 collibus.
574 2688 779 2749 eadem
824 2705 943 2767 qua
979 2685 1349 2766 Hyperborei
1383 2688 1598 2766 degunt
1633 2689 1940 2766 temperie.
2033 2688 2106 2747 de
2149 2689 2218 2746 iis

223 2772 486 2849 privatim
547 2772 802 2833 condidit
847 2772 1118 2831 volumen
1166 2770 1526 2848 Amometus,
1581 2772 1734 2831 ‘sicut
1777 2772 2103 2831 Hecataeus
2135 2771 2215 2830 de

219 2854 641 2933 Hyperboreis.
734 2854 824 2915 Ab
854 2853 1146 2916 Attacoris
1177 2864 1387 2932 gentes
1422 2855 1605 2915 Thuni
1639 2864 1697 2915 et
1728 2854 1967 2929 Focari,
2013 2863 2073 2914 et
2108 2856 2217 2913 iam

221 2937 491 2999 Indorum
551 2937 738 2999 Casiri
791 2940 1073 2999 introrsus
1131 2939 1204 2999 ad
1257 2939 1534 3012 Scythas.
1560 2940 1716 2998 versi
1770 2938 2027 2998 humanis
2088 2955 2215 2997 cor-

222 3021 464 3100 poribus
497 3030 840 3099 vescuntur,
882 3021 1176 3082 Nomades
1207 3039 1438 3100 quoque
1473 3020 1668 3083 Indiae
1698 3030 1998 3103 vagantur.
2075 3022 2219 3081 Sunt

144 3111 202 3153 3⁵
224 3106 320 3183 qui
362 3105 434 3165 ab
466 3106 738 3184 aquilone
769 3106 1038 3184 'contingi
1076 3105 1150 3167 ab
1193 3106 1334 3183 ipsis
1366 3114 1424 3165 et
1453 3104 1705 3166 Ciconas
1743 3107 1945 3166 dixere
1991 3114 2048 3165 et
2078 3105 2217 3180 Bry-

222 3205 410 3250 saros.
1066 3215 1069 3216 ⁷
1649 3209 1652 3214 ·

304 3289 305 3292 ’
393 3271 560 3352 (21.)
628 3273 750 3333 Sed
794 3272 942 3334 unde
984 3271 1171 3351 plaue'
1204 3282 1469 3333 constent
1514 3281 1723 3351 gentes
1754 3270 1958 3334 Emodi
1990 3281 2213 3333 montes
2237 3280 2302 3332 56

218 3356 569 3434 adsurgunt,
624 3355 1023 3436 Indorumque·
1051 3374 1197 3434 gens
1239 3357 1439 3437 incipit
1489 3375 1603 3419 non
1638 3355 1766 3417 Eoo
1811 3365 2025 3418 tautum
2053 3356 2219 3420 ,mari

1785 3441 1940 3500 15*
2037 3517 2044 3522 ,
2167 3501 2319 3585 Δ
