2320 3650
173 81 289 144 136
921 98 982 146 c,
1013 99 1205 147 Pmm
1234 100 1534 149 snomvm

167 250 482 327 Anagnini,
532 249 813 327 Atellani,
862 250 1124 328 Affilani,
1172 253 1512 331 Arpinates,
1556 255 1922 335 Auximates,
1977 262 2165 326 Abel·

167 335 313 408 lani,
361 334 645 394 Alfaterni
691 344 748 393 et
780 336 876 416 qui
907 356 982 397 ex
1022 354 1166 413 agro
1197 337 1395 397 Latino
1438 339 1571 398 item
1601 339 1853 401 Hernico
1888 345 2028 404 item
2058 345 2165 406 La·

166 419 373 478 hicano
406 420 908 496 cognominantur,
959 421 1271 496 Bovellae,
1323 420 1614 497 Calatiae,
1651 421 1948 502 Casinum,
1989 426 2166 489 Cale-

165 521 323 577 num,
375 501 696 579 Capitulum
723 502 1073 578 Hornetum,
1119 503 1428 566 Cernetani
1459 508 1557 585 qui
1589 507 1826 568 Mariani
1861 515 2165 588 cognomi-

164 594 395 662 nantur,
432 584 643 645 Corani
675 604 705 645 a
738 585 1010 648 Dardano
1043 588 1295 648 Troiano
1339 591 1484 665 orti,
1522 588 1901 669 Cubulterini,
1941 592 2162 657 Castri-
2183 614 2208 652 ⁵

79 675 149 729 64
165 672 527 745 monienses,
564 666 893 747 Cingulani,
927 671 1247 733 Fabienses
1278 675 1338 732 in
1369 682 1560 733 monte
1594 674 1856 753 Albano,
1890 677 2163 759 Foropo-

166 756 459 833 pulienses
496 771 573 813 ex
601 752 849 813 Falerno
869 800 887 828 ,
920 754 1286 830 FrusinateS,
1319 756 1752 835 FerentinateS,
1789 760 2160 839 FreginateS,

163 838 501 899 Fabraterni
531 844 801 913 veteres,
835 837 1172 899 Fabraterni
1203 841 1367 915 novi,
1402 840 1766 918 Ficolenses,
1798 843 2161 922 Fregellani,

162 922 372 983 Forum
404 921 591 999 Appi,
640 918 984 997 Forentani,
1030 922 1265 999 Gabini,
1316 924 1730 985 Interamnates
1760 927 2027 988 Sucasini
2064 932 2162 1009 qui

164 1016 222 1065 et
242 1006 545 1066 Lirenates
564 1013 862 1081 vocantur,
888 1005 1213 1066 Ilionenses
1235 1006 1451 1082 Lavini,
1483 1007 1762 1085 Norbani,
1788 1010 2158 1090 Nomentani,
2182 1031 2228 1074 ro

162 1089 517 1149 Praenestini
548 1087 691 1147 urbe
721 1089 1004 1166 quondam
1035 1091 1331 1168 Stephane
1364 1092 1549 1167 dicta,
1599 1091 2003 1172 Privernates,
2053 1099 2161 1157 Se-

162 1175 281 1248 tini,
315 1173 553 1249 Signini,
588 1171 957 1249 Suessulani,
992 1171 1270 1250 Telesini,
1308 1173 1618 1235 Trebulani
1650 1180 1995 1253 cognomine
2028 1181 2161 1240 Bal-

163 1258 473 1330 linienses‚
512 1254 795 1331 Trebani,
833 1254 1162 1333 Tusculani,
1197 1257 1497 1334 Verulani,
1528 1258 1833 1337 Veliterni,
1871 1262 2160 1323 Ulubren-

76 1348 144 1403 65
163 1359 293 1416 seS,
326 1339 653 1415 UrbinateS,
709 1357 1002 1419 superque
1032 1341 1216 1401 Roma
1256 1342 1415 1419 ipsa,
1458 1341 1627 1402 'cuius
1671 1360 1881 1404 nomen
1913 1347 2161 1408 alterum

162 1426 359 1486 dicere
403 1424 628 1484 arcanis
672 1425 1142 1486 caerimoniarum
1184 1421 1352 1485 ‘nefas
1396 1426 1671 1503 habetur,
1718 1438 2066 1508 optumaque
2100 1441 2161 1491 et
2180 1445 2229 1489 ιε

161 1509 397 1569 salutari
422 1508 536 1568 lide
561 1507 833 1569 abolitum
858 1511 1169 1570 enuntiavit
1189 1509 1457 1570 Valerius
1479 1511 1754 1587 Soranus,
1780 1512 1999 1592 luitque
2024 1532 2166 1574 mox

160 1610 403 1676 poenaS.
466 1589 597 1654 Non
636 1592 882 1654 alienum
921 1595 1148 1654 videtur
1191 1596 1452 1653 inserere
1499 1591 1611 1654 hoc
1655 1596 1790 1655 loco
1829 1598 2164 1676 exemplum

160 1680 462 1757 religionis
488 1680 774 1756 antiquae,
809 1678 884 1737 ob
917 1678 1029 1737 hoc
1051 1696 1314 1738 maxume
1348 1678 1631 1737 silentium
1654 1680 1962 1741 institutae.
2000 1699 2160 1741 nam·
2224 1711 2229 1716 ·

163 1783 275 1843 que
308 1765 438 1823 diva
464 1762 795 1839 Angerona,
832 1764 923 1821 cui
955 1762 1313 1822 sacrificatur
1332 1781 1383 1822 a.
1412 1762 1466 1822 d.
1490 1762 1616 1821 XII.
1644 1762 1877 1827 kalend.
1907 1763 2159 1842 Ianuar.,

78 1860 145 1914 66
162 1867 265 1909 ore
297 1848 553 1923 obligato
580 1845 997 1924 obsignatoque
1024 1847 1386 1905 simulacru'm
1409 1846 1601 1906 habet.
1649 1847 1867 1908 Urbem
1884 1850 1994 1908 tris
2023 1867 2229 1928 por-20

162 1942 249 1992 tas
280 1930 588 1990 habentem
623 1926 900 1989 Romulus
931 1930 1194 2008 reliquit,
1228 1939 1321 1990 aut
1353 1931 1445 2007 (ut
1476 1930 1769 2008 plurumas
1799 1932 2163 1993 tradentibus

162 2015 494 2091 credamus)
528 2022 810 2091 quattuor.
863 2016 1087 2073 moenia
1117 2015 1244 2095 eius
1277 2014 1577 2090 collegere
1605 2014 1814 2074 ambitu
1847 2017 2162 2093 imperato·

162 2099 320 2159 ribus
349 2097 810 2176 'censoribusque
844 2092 1223 2175 vespasianis
1252 2114 1400 2156 anno
1433 2097 1698 2158 conditae
1731 2097 2160 2161 DCCCXXVI.

163 2201 319 2262 pass.
352 2180 488 2241 XIII
518 2179 577 2240 M
608 2177 724 2240 CC.
781 2182 1069 2259 conplexa
1115 2183 1322 2241 montis
1371 2192 1595 2260 septem
1640 2183 1767 2259 ipsa
1801 2182 2075 2243 dividitur
2104 2186 2165 2244 in

162 2268 436 2344 regiones
483 2266 965 2346 quattuordecim,
1018 2267 1266 2344 compita
1311 2265 1513 2326 Larum
1568 2262 1837 2324 CCLXV.
1901 2269 2235 2329 eiusdemaes

165 2353 407 2429 spatium
454 2367 720 2410 mensura
768 2358 1035 2409 currente
1071 2368 1103 2409 a
1143 2349 1385 2409 miliario
1431 2351 1488 2408 in
1534 2352 1723 2428 capite
1759 2349 2004 2431 Romani
2051 2353 2171 2412 fori

164 2442 373 2494 statuto
405 2433 477 2492 ad
522 2433 773 2510 singulas
820 2442 1049 2512 portas,
1095 2451 1245 2511 quae
1290 2442 1418 2492 sunt
1452 2433 1626 2493 hodie
1659 2451 1898 2495 numero
1931 2437 2171 2512 triginta

165 2526 389 2595 septem
426 2519 502 2576 ita
535 2526 592 2575 ut
628 2518 931 2577 duodecim
972 2517 1154 2576 semel
1200 2525 1569 2576 numerentur
1599 2527 2170 2599 praetereanturque

166 2621 242 2661 ex
272 2600 565 2660 veteribus
590 2609 814 2677 septem
844 2619 992 2678 quae
1023 2620 1155 2660 esse
1189 2602 1501 2683 desierunt,
1537 2601 1719 2660 efficit
1749 2619 2026 2678 passuum
2058 2621 2172 2682 per

80 2686 145 2741 67
166 2686 444 2746 directum
493 2683 602 2744 XX
646 2684 704 2743 M
740 2681 1067 2744 DCCLXV.
1120 2685 1192 2744 ad
1235 2694 1493 2744 extrema
1536 2702 1680 2743 vero
1714 2692 2002 2747 tectorum
2036 2703 2238 2748 cuman

167 2770 372 2831 castris
403 2770 710 2846 praetoriis
742 2768 812 2827 ab
840 2769 1047 2828 eodem
1070 2768 1312 2828 miliario
1346 2787 1455 2846 per
1484 2769 1651 2827 vicos
1675 2771 1923 2829 omnium
1947 2771 2173 2831 viarum

164 2871 431 2913 mensura
478 2852 700 2928 colligit
743 2852 916 2929 paulo
963 2852 1207 2930 amplius
1248 2852 1611 2930 septuaginta
1662 2853 1818 2912 milia
1870 2872 2170 2931 passuum.

168 2938 321 3015 quod
370 2937 417 2994 si
467 2937 593 3014 quis
640 2936 988 2995 altitudinem
1032 2944 1317 2994 tectorum
1369 2936 1572 3010 addat,
1620 2936 1843 3012 dignam
1890 2939 2181 3014 profecto

168 3021 638 3080 aestumationem
670 3020 987 3099 concipiat,
1034 3019 1397 3097 fateaturque
1439 3019 1842 3078 nulliusurbis
1885 3024 2174 3098 magnitu-

169 3104 357 3163 dinem
379 3104 434 3160 in
457 3113 577 3161 toto
603 3102 747 3162 orbe
772 3104 1030 3179 potuisse
1065 3104 1118 3161 ei
1144 3103 1467 3180 conparari.
1516 3098 1812 3161 Clauditur
1834 3102 1909 3162 ab
1938 3107 2242 3166 orienteas

169 3203 391 3261 aggere
428 3185 698 3263 Tarquini
724 3184 972 3263 Superbi
1000 3187 1149 3245 inter
1181 3188 1359 3262 prima
1393 3203 1576 3263 opere
1609 3185 1872 3245 mirabili.
1916 3205 2172 3266 namque

170 3287 299 3326 eum
329 3269 502 3326 muris
525 3270 791 3345 aequavit
821 3286 931 3346 qua
960 3286 1222 3328 maxume
1247 3268 1483 3347 patebat
1518 3269 1671 3328 aditu
1713 3268 1909 3345 plano.
1965 3282 2175 3332 cetero

168 3352 378 3410 munita
410 3359 536 3410 erat
562 3350 887 3427 praecelsis
909 3352 1083 3412 muris
1119 3362 1212 3412 aut
1244 3351 1499 3430 abruptis
1528 3350 1837 3430 montibus,
1867 3354 1981 3415 nisi
2014 3353 2174 3434 quod
