2320 3650
129 61 254 124 288
814 71 877 119 c.
908 71 1101 119 rum
1132 70 1435 119 sncnnm

55 238 116 293 58
138 230 264 289 fleri
286 228 703 307 pronuntiatur.
759 225 1125 287 Turbinatior
1153 226 1296 304 piris
1325 225 1530 303 figura.
1594 228 1654 286 in
1683 228 1756 286 iis
1791 233 2055 291 serotina
2089 232 2160 292 ad
2264 250 2268 279 τ

130 314 352 374 hiemes
394 328 580 390 usque
621 313 677 371 in
717 320 901 372 matre
941 310 1195 389 pendent
1232 310 1373 386 gelu
1414 315 1877 372 maturescentia
1909 313 2159 387 Graeca,
2265 322 2268 339 ⁴

131 397 527 475 ampullacea‚
560 395 790 471 laurea,
822 397 971 456 sicut
995 397 1052 453 in
1078 394 1246 454 malis
1275 394 1571 470 Amerina,
1605 397 1962 459 Scaudiana.
2024 417 2159 460 con·
2263 438 2268 495 1

129 481 341 542 duntur
367 498 514 540 vero
548 483 675 559 pira
703 490 764 539 ut
793 496 975 554 uvae,
1026 492 1098 539 ac
1136 478 1379 538 totidem
1412 479 1636 555 modis,
1681 498 1884 560 neque
1916 484 2073 544 aliud
2105 487 2162 542 in
2265 516 2268 543 ι

132 566 295 627 cadis
339 574 746 644 praeterquam
796 581 1035 643 prunae.
1087 562 1279 622 Pomis
1325 565 1662 641 proprietas
1702 566 1976 646 pirisque
2019 570 2157 643 vini,
2181 594 2202 631 5

131 650 513 727 similiterque
551 650 606 708 in
635 650 835 725 aegris
883 647 1187 707 medentes
1219 657 1461 722 cavent,
1511 666 1546 706 e
1580 650 1721 707 vino
1769 660 1828 709 et
1871 670 2028 730 aqua
2065 669 2160 711 co·

134 742 338 793 cuntur
366 744 539 811 atque
574 734 916 812 pulmentari
943 733 1133 791 vicem
1156 731 1408 809 inplent,
1435 731 1592 810 quod
1622 749 1743 792 non
1771 735 1890 794 alia
1921 747 2163 814 praeter

134 828 382 879 cotonea
418 827 477 877 et
506 817 785 878 struthea.
892 854 905 857 -
1239 828 1247 836 ·

53 912 116 965 59
270 903 388 985 16„
420 902 555 979 (18.
595 905 679 980 1.)
742 900 808 961 ln
858 901 1191 960 universum
1235 909 1426 960 autem
1477 900 1552 960 de
1603 902 1797 979 pomis
1851 904 2160 963 servandis

132 988 486 1065 praecipitur
543 985 801 1062 pomaria
854 987 910 1045 in
961 984 1099 1044 loco
1152 983 1366 1061 frigido
1416 1001 1489 1043 ac
1544 984 1708 1044 sicco
1764 987 2220 1061 contabularimo

133 1070 687 1150 septentrionalibus
718 1070 996 1130 fenestris
1026 1085 1240 1128 sereno
1268 1068 1364 1127 die
1435 1076 1632 1144 atere,
1679 1078 1917 1129 austros
1949 1090 2162 1150 specu·

137 1155 355 1215 laribus
413 1173 652 1229 arcere,
710 1154 998 1232 aquilonis
1057 1170 1296 1231 quoque
1335 1086 1549 1219 afflatu
1592 1170 1768 1230 poma
1808 1154 2163 1234 deturpante

133 1241 324 1317 rugis,
371 1240 573 1316 colligi
613 1239 762 1299 mala
795 1247 930 1317 post
972 1238 1398 1315 aequinoctium
1441 1239 1727 1313 autumni,
1778 1255 1980 1317 neque
2032 1250 2161 1298 ante
2267 1306 2268 1315 χ

136 1338 278 1384 XVI.
339 1325 561 1400 lunam,
610 1342 803 1402 neque
847 1322 997 1382 ultra
1039 1321 1623 1397 duodetricesimum,
1667 1339 1783 1381 nec
1816 1323 2025 1401 pluvio
2070 1325 2162 1384 die

135 1428 329 1488 neque
388 1419 520 1469 ante
574 1409 811 1487 primam
864 1407 1066 1467 horam
1090 1451 1110 1480 ,
1172 1404 1375 1466 cadiva
1425 1408 1688 1483 separari
1715 1450 1733 1481 ,
1803 1409 2160 1482 stramentis,
2180 1420 2221 1459 1⁵

138 1494 353 1553 storeis
385 1494 648 1571 paleisve
682 1491 992 1566 substerni,
1020 1505 1149 1550 rara
1176 1492 1450 1568 conponi,
1482 1498 1546 1548 ut
1573 1489 1788 1549 limites
1819 1492 2017 1569 pervii
2048 1494 2160 1569 spi·

136 1578 303 1636 ritum
348 1578 653 1655 aequalem
699 1577 1006 1656 accipiant.
1073 1574 1348 1635 Amerina
1390 1592 1658 1633 maxume
1701 1574 1949 1649 durare,
2001 1576 2158 1635 meii-
2266 1622 2268 1629 Α

135 1663 284 1722 mela
316 1663 583 1720 minume.

51 1756 122 1811 60
277 1747 370 1805 17.
421 1746 525 1824 [2.]
588 1743 868 1805 Cotoneis
911 1746 968 1803 in
1017 1744 1299 1804 concluso
1348 1740 1762 1821 spiramentum
1815 1760 1988 1802 omne
2042 1745 2159 1803 adi-

137 1832 400 1891 mendum
435 1839 530 1891 aut
559 1831 793 1909 incoqui
816 1830 990 1889 melle
1013 1848 1085 1889 ea
1106 1829 1370 1905 mergive
1407 1824 1708 1906 oportere.
1766 1827 1981 1888 Punica
2010 1839 2214 1910 ‘aquai‘

137 1918 350 1975 marina
386 1914 970 1989 fervente-indurari,
1012 1931 1150 1973 mox
1181 1913 1376 1972 triduo
1402 1913 1532 1971 sole
1563 1912 1782 1971 siccata
1825 1913 1910 1971 ita
1947 1931 2025 1972 ne
2058 1930 2160 1972 no·
2211 1921 2214 1926 “

143 2011 346 2060 cturno
390 2019 526 2061 rore
572 2002 980 2076 contingantur
1021 1997 1334 2076 suspendi,
1381 2006 1441 2056 et
1472 2014 1602 2055 cum
1633 1995 1818 2056 libeat
1851 1999 1965 2071 uti,
2016 2014 2161 2076 aqua

140 2085 294 2144 dulci
328 2086 538 2164 perlui.
600 2082 678 2143 M.
711 2083 902 2143 Varro
936 2084 1081 2143 etin
1110 2082 1284 2141 doliis
1314 2081 1570 2141 harenae
1608 2083 1835 2140 servari
1869 2081 2070 2156 iubet,
2107 2089 2163 2140 et

142 2170 421 2230 inmatura
462 2168 629 2229 obrui
672 2178 828 2228 terra
877 2169 934 2227 in
965 2166 1098 2227 ollis
1130 2165 1306 2225 fundo
1346 2165 1624 2240 effracto,
1647 2165 1783 2224 *sed
1816 2166 2032 2243 spiritu
2064 2184 2162 2225 ex·

142 2253 306 2313 cluso
349 2272 418 2314 ae
462 2252 697 2313 surculo
736 2253 868 2330 pice
904 2252 1087 2311 inlito.
1148 2252 1242 2328 sic
1277 2251 1446 2309 etiam
1472 2267 1750 2309 crescere
1782 2250 2225 2328 amplitudinezs

143 2338 363 2398 maiore
393 2351 561 2416 quam
592 2338 819 2415 possint
848 2337 904 2396 in
928 2336 1160 2396 arbore.
1229 2343 1425 2393 cetera
1445 2333 1594 2393 mala
1626 2341 1688 2393 et
1717 2331 1877 2393 foliis
1909 2333 2163 2409 ficulnis,

144 2432 551 2501 praeterquam
609 2421 827 2481 cadivis
854 2466 870 2497 ,
933 2419 1156 2497 singula
1220 2417 1494 2477 convolvi
1553 2418 1833 2496 cistisque
1906 2418 2167 2477 vitilibus

58 2516 126 2570 61
150 2507 319 2566 condi
350 2507 446 2566 vel
482 2516 641 2567 creta
674 2505 1036 2582 figulinarum
1067 2503 1243 2562 inlini.
1294 2502 1398 2581 [3.]
1444 2503 1569 2581 pira
1606 2502 1663 2560 in
1697 2503 1853 2561 vasis
1885 2501 2165 2562 fictilibus

146 2592 353 2670 picatis
384 2591 630 2651 inversis
664 2589 831 2650 obrui
867 2588 1101 2649 scrobe.
1163 2587 1471 2646 Tarentina
1504 2587 1803 2669 serissime
1833 2585 1990 2661 legi,
2028 2585 2164 2644 Auia

148 2677 309 2737 ciana
340 2677 563 2736 servari
597 2676 733 2734 etin
763 2691 960 2754 passo.
1014 2672 1189 2748 sorba
1220 2688 1455 2750 quoque
1487 2679 1545 2729 et
1566 2668 1879 2729 scrobibus
1907 2677 2167 2748 gypsato
2185 2688 2263 2750 ³⁰.

148 2762 471 2840 operculO,
517 2760 685 2819 duum
729 2759 940 2837 pedum
984 2767 1138 2818 terra
1186 2755 1607 2834 superiniecta,
1649 2744 1710 2812 in
1750 2753 1891 2813 loco
1941 2755 2167 2833 aprico,

148 2846 395 2906 inversis
436 2846 594 2904 vasis
639 2853 697 2903 et
739 2845 794 2901 in
838 2842 1041 2919 doliis,
1087 2850 1149 2899 ut
1178 2858 1320 2900 uvas
1351 2840 1622 2918 interque
1653 2855 1798 2897 uvas
1834 2856 1965 2897 cum
1993 2840 2169 2897 ramis

59 2938 132 2994 62
155 2930 449 3008 suspendi.
514 2929 617 3008 [4.]
678 2926 726 2986 E
773 2923 1069 3005 proxumis
1110 2923 1445 2985 auctoribus
1486 2922 1714 3001 quidam
1762 2922 1936 2981 altius
1975 2939 2172 2981 curan

150 3023 451 3091 repetunt,
510 3013 890 3091 deputarique
946 3012 1134 3070 statim
1184 3026 1353 3087 poma
1398 3025 1470 3067 ac
1514 3008 1647 3066 vitis
1687 3006 1760 3067 ad
1809 3005 1966 3066 bunc
2007 3023 2170 3066 usim

150 3098 515 3172 praecipiunt
543 3097 928 3156 decrescente
958 3094 1124 3169 luna,
1159 3102 1293 3171 post
1311 3093 1523 3152 ‘horam
1556 3090 1669 3150 diei
1697 3093 1967 3166 tertiam,
2002 3089 2229 3151 caelen

155 3193 366 3233 sereno
400 3188 494 3236 aut
519 3181 694 3239 siccis
726 3197 755 3238 a
787 3179 993 3237 ventis.
1039 3176 1511 3252 similiter-deligi
1544 3184 1604 3234 et
1626 3193 1704 3234 ex
1731 3175 1886 3234 locis
1911 3175 2090 3235 siccis
2113 3182 2172 3233 et

154 3265 285 3313 ante
319 3259 635 3332 perfectam
665 3263 1076 3334 maturitatem,
1130 3262 1322 3321 addito
1370 3270 1428 3319 ut
1473 3260 1607 3319 luna
1650 3257 1800 3319 infra
1832 3269 2058 3319 terrant
2082 3259 2172 3333 sit,

156 3353 293 3394 uvas
331 3355 454 3396 cum
489 3344 763 3404 malleolo
798 3346 1070 3404 sarmenti
1093 3345 1271 3421 duro,
1315 3344 1564 3423 demptis
1595 3342 1808 3405 forflce
1846 3344 2172 3423 corruptio-
