2320 3650
686 67 849 113 NAT.
885 66 1065 113 nlsr.
1107 66 1283 111 vnn.
1315 63 1402 115 35.
1440 53 1744 130 (55—58.)
2038 53 2154 112 107

123 222 529 300 reperiuntur,
563 221 669 280 sed
701 221 829 280 aliis
861 229 1037 297 atque
1066 220 1197 280 aliis
1233 219 1403 295 locis,
1437 219 1798 297 vidimusque
1827 221 1937 278 iam
1969 220 2025 277 in
2054 237 2153 277 ex-

122 306 335 364 tremis
363 307 535 366 etiam
568 303 923 380 marginibus
954 303 1118 363 velut
1150 303 1376 364 concha
1406 304 1695 377 exeuntis,
1735 312 1794 362 et
1828 304 1884 360 in
1919 302 2151 380 quibus-

125 391 264 449 dam
313 398 635 466 quaternos
681 390 1027 466 quinosque.
1101 388 1327 465 pondus
1370 389 1442 448 ad
1483 387 1598 447 hoc
1641 388 1772 447 aevi
1823 388 2154 450 semunciae

128 475 312 550 pauci
346 472 592 548 singulis
615 471 892 550 scripulis
918 488 1262 533 excessere.
1316 470 1382 529 In
1410 471 1700 530 Britannia
1737 488 1950 547 parvos
1980 480 2156 549 atque

74 571 101 610 ι
125 556 461 616 decolores
485 557 646 616 nasci
690 565 912 614 certum
950 564 1070 630 est,
1112 556 1386 633 quoniam
1427 556 1593 628 divos
1634 554 1815 613 Iulius
1856 554 2154 614 thoracem

123 658 308 719 quem
342 640 563 699 Veneri
604 638 899 700 Genetrici
938 640 996 698 in
1033 639 1253 716 templo
1300 640 1425 698 eius
1454 639 1667 698 dicavit
1711 657 1786 698 ex
1814 637 2153 699 Britannicis

122 725 464 800 margaritis
496 724 710 783 factum
743 722 997 782 voluerit
1029 723 1339 800 intellegi..

259 807 442 886 (58.)
486 805 728 866 Lolliam
762 807 1076 882 Paulinam,
1098 826 1253 884 quae
1275 808 1381 867 fuit
1403 805 1506 867 Gai
1532 807 1808 884 principis
1839 813 2237 882 matrona‚117

122 910 200 950 ne
250 892 416 949 serio
461 891 696 968 quidem
752 899 849 950 aut
891 890 1160 950 sollemni
1210 892 1687 954 caerimoniarum
1740 890 1937 967 aliquo
1977 889 2152 967 adpa-

59 984 259 1036 mratu
291 976 402 1035 sed
434 973 812 1036 mediocrium
852 975 1022 1034 etiam
1051 976 1407 1052 sponsalium
1448 992 1625 1048 cena,
1667 974 1781 1033 vidi
1831 973 2152 1050 zmaragdis

121 1060 584 1136 margaritisque
618 1068 906 1135 opertam,
947 1058 1172 1118 alterno
1206 1068 1368 1118 texto
1400 1057 1757 1135 fulgentibus
1780 1067 1903 1117 toto
1939 1058 2151 1136 capite,

126 1143 426 1217 crinibus,
476 1145 672 1220 spira,
704 1142 972 1215 auribus,
1026 1143 1221 1215 collo,
1263 1142 1592 1217 monilibus,
1638 1142 1973 1220 digitisque,
2006 1160 2155 1219 quae

126 1245 354 1286 summa
391 1226 906 1303 quadringentiens
935 1225 1048 1288 HS.
1086 1226 1429 1302 colligebat,
1458 1228 1586 1303 ipsa
1617 1227 1923 1286 confestim
1956 1235 2153 1303 parata

123 1311 642 1388 mancupationem
674 1309 888 1369 tabulis
928 1307 1203 1386 probare.
1261 1329 1373 1370 nec
1404 1311 1553 1369 dona
1597 1310 1826 1387 prodigi
1873 1310 2150 1387 principis

64 1395 385 1469 niuei-ant,
422 1392 530 1451 sed
560 1395 747 1452 avitae
782 1411 952 1470 opeS‚
979 1396 1400 1471 provinciarum
1428 1393 1656 1452 scilicet
1685 1394 1889 1470 spoliis
1927 1402 2148 1469 partae.

125 1478 227 1538 hic
258 1486 352 1537 est
382 1478 718 1554 rapinarum
748 1480 960 1552 exitus,
996 1478 1110 1537 hoc
1142 1479 1249 1537 fuit
1286 1496 1465 1556 quare
1498 1477 1573 1535 Μ.
1607 1476 1831 1536 Lollius
1872 1477 2104 1538 infama—
2133 1485 2236 1537 118

125 1572 222 1622 tus
254 1580 465 1638 regum
493 1560 828 1620 muneribus
857 1562 916 1620 in
938 1569 1063 1621 toto
1096 1564 1321 1621 oriente
1348 1562 1652 1621 interdicta
1676 1562 1921 1621 amicitia
1946 1579 1980 1620 a
2006 1558 2149 1619 Gaio
2248 1567 2252 1584 ¹

128 1643 397 1705 Caesare
441 1644 694 1720 Augusti
721 1645 842 1704 filio
887 1663 1181 1706 venenum.
1216 1646 1482 1719 biberet,
1524 1655 1583 1704 ut
1628 1647 1822 1722 neptis
1855 1646 1978 1704 eius
2011 1662 2146 1721 qua·

127 1729 536 1806 dringentiens
566 1727 680 1787 Hs.
740 1737 946 1805 operta
989 1740 1358 1807 spectaretur
1406 1729 1479 1792 ad
1519 1729 1810 1790 lucernas.
1874 1736 2152 1806 conputet

55 1823 110 1865 2⁰
125 1833 280 1874 nunc
312 1813 523 1890 aliquis
560 1831 636 1872 ex
664 1813 847 1873 altera
880 1823 1048 1891 parte
1067 1824 1345 1893 »qnantum
1378 1813 1584 1874 Curius
1632 1823 1727 1877 aut
1759 1813 2060 1876 Fabricius
2093 1814 2151 1872 in

128 1898 436 1975 triumphis
470 1896 726 1971 tulerint,
760 1899 1101 1973 imaginetur
1133 1900 1365 1961 illorum
1397 1899 1647 1975 fercula,
1675 1918 1749 1959 ex
1774 1900 1959 1959 altera
1982 1907 2149 1977 parte

127 1982 376 2042 Lolliam
449 1998 620 2040 unam
680 1982 887 2059 imperi
929 1983 1325 2047 mulierculam
1368 1984 1786 2044 adcubantem:
1851 2001 1965 2042 non
2011 1983 2149 2045 illos

128 2084 302 2125 curru
329 2066 629 2126 detractos
664 2083 830 2142 quam
867 2067 922 2123 in
947 2065 1063 2125 hoc
1086 2069 1299 2127 vicisse
1328 2065 1527 2128 malit?
1559 2067 1687 2128 Nec
1717 2068 1866 2128 haec
1898 2085 2117 2127 summa
2133 2076 2234 2128 119

127 2149 397 2209 luxuriae
434 2148 705 2225 exempla
737 2158 886 2219 sunt.
955 2149 1067 2211 duo
1102 2152 1270 2219 fuere
1306 2154 1555 2210 maxumi
1577 2155 1821 2212 uniones
1848 2169 1954 2228 per
1977 2167 2148 2207 omne

56 2253 111 2293 25
127 2251 358 2293 aevom.
422 2241 722 2310 utrumque
760 2233 1023 2310 possedit
1054 2235 1371 2313 Cleopatra
1397 2232 1657 2313 Aegypti
1687 2236 2015 2311 reginarum
2045 2250 2146 2291 no-

124 2318 364 2376 vissima
397 2334 507 2392 per
542 2334 739 2374 manus
789 2318 1036 2379 orientis
1073 2338 1276 2397 regum
1314 2319 1424 2378 sibi
1472 2319 1734 2379 traditos.
1795 2319 1970 2392 haec,
2019 2336 2148 2377 cum

128 2401 441 2480 exquisitis
479 2400 692 2461 cotidie
722 2398 1009 2467 Antonius
1038 2406 1402 2480 saginaretur
1441 2403 1653 2480 epulis,
1687 2402 1951 2481 superbo
1981 2400 2148 2465 simul

121 2503 202 2545 ac
227 2486 476 2563 procaci
500 2484 674 2559 fastu3
703 2495 770 2545 ut
794 2489 998 2562 regina
1019 2488 1297 2551 meretrix
1322 2488 1596 2549 lautitiam
1629 2489 1757 2545 eius
1790 2505 2015 2547 omnem
2047 2486 2145 2545 ad-

127 2580 510 2647 paratumque
559 2568 928 2644 obtrectans,
977 2581 1297 2650 quaerente
1341 2589 1416 2630 eo
1465 2572 1601 2649 qnid
1632 2571 1849 2631 adstrui
1888 2570 2145 2646 magnili-

54 2656 354 2715 aocentiae
403 2662 609 2731 posset
650 2655 955 2730 respondit
995 2675 1106 2719 una
1140 2675 1209 2717 se
1241 2674 1384 2716 cena
1429 2658 1690 2717 centiens
1720 2654 1836 2717 HS.
1874 2654 2142 2730 absump-

125 2746 327 2799 turam.
396 2735 671 2813 cupiebat
701 2737 932 2799 discere
965 2740 1272 2815 Antonius,
1298 2741 1401 2800 sed
1439 2740 1565 2799 fieri
1599 2756 1779 2817 posse
1809 2755 1924 2797 non
1953 2735 2103 2796 arbi·
2130 2746 2230 2798 120

119 2822 403 2883 trabatur..
468 2837 615 2896 ergo
646 2824 1068 2898 sponsionibus
1092 2824 1267 2884 factis
1298 2833 1541 2902 postero
1590 2823 1683 2883 die
1715 2840 1831 2900 quo
1872 2821 2143 2881 iudicium

121 2905 411 2983 agebatur
443 2904 815 2980 magnificam
851 2907 994 2971 alias
1036 2926 1271 2983 cenam,
1324 2927 1397 2968 ne
1446 2909 1577 2975 dies
1604 2908 1857 2985 periret,
1904 2904 2011 2964 sed
2040 2921 2139 2964 co-

122 2990 432 3061 tidianam,
480 2987 736 3049 Amonio
783 2990 1055 3067 adposuit
1096 2993 1364 3063 inridenti
1406 2992 1996 3070 conputationemque
2039 3006 2138 3048 ex-

52 3073 460 3150 &postulanti
522 3080 581 3131 at
610 3071 715 3131 illa
748 3074 1121 3137 corollarium
1166 3076 1223 3134 id
1256 3094 1389 3136 esse
1425 3086 1486 3135 et
1517 3084 1982 3153 consumpturam
2015 3091 2141 3133 eam

117 3175 320 3217 cenam
357 3157 716 3215 taxationem
753 3158 1117 3233 confirmans,
1163 3160 1466 3238 solamque
1503 3178 1570 3218 se
1601 3161 1865 3221 centiens
1892 3158 2005 3218 HS.
2042 3175 2138 3217 ce-

111 3251 402 3317 natur-am,
457 3238 658 3299 inferri
689 3257 945 3303 mensam
976 3242 1289 3303 secundam
1310 3244 1502 3309 iussit.
1568 3262 1644 3303 ex
1684 3251 2008 3322 praecepto
2039 3243 2140 3301 mi·

111 3325 275 3385 nistri
303 3341 482 3385 unum
513 3331 730 3385 tantum
759 3343 863 3383 vas
898 3335 1033 3386 ante
1065 3345 1192 3386 eam
1223 3344 1485 3405 posuere
1521 3329 1675 3388 aceti
1718 3330 1883 3391 euius
1914 3325 2137 3405 asperi-

2144 3502 2256 3584 A
