2320 3650
111 36 123 47 “
198 48 321 110 242
903 59 964 107 c.
997 59 1190 106 rum
1222 56 1524 105 sncmtm

186 215 402 289 insula,
433 229 585 293 quae
615 230 766 272 nunc
793 211 1185 273 Alexandriae
1215 219 1394 290 ponte
1425 211 1711 288 iungitur,
1741 210 1940 270 noctis
1976 209 2230 289 dieique

184 299 416 359 velifico
441 298 636 373 navigi
666 314 836 355 cursu
861 304 1076 356 terram
1103 296 1323 355 afuisse
1347 293 1620 373 prodidit.
1649 311 1789 355 mox
1811 294 2230 354 aemulatione

154 368 341 442 circa
370 380 755 441 bibliothecas
784 397 990 456 regum
1020 379 1340 440 Ptolemaei
1365 388 1423 438 et
1451 376 1758 453 Eumenis,
1802 379 2230 456 supprimente

84 502 87 505 ι
187 467 417 551 chartas
463 464 801 524 Ptolemaeo
859 463 1012 523 idem
1058 462 1247 522 Varro
1296 462 1657 523 membranas
1704 424 1989 538 Pergami
2046 462 2232 522 tradit

182 540 470 628 repertas.
534 557 742 627 postea
778 548 1107 626 promiscue
1151 548 1336 625 patuit
1381 564 1520 606 usus
1567 548 1656 605 rei
1689 565 1803 625 qua
1851 555 2100 606 constat
2143 548 2228 605 in·
2247 559 2267 597 ⁵

184 634 502 699 mortalitas
534 631 841 692 hominum.

103 726 167 781 71
319 716 486 795 (22.)
533 715 817 793 Papyrum
857 733 1002 814 ergo
1040 714 1299 774 nascitur
1337 715 1395 773 in
1427 713 1782 799 palustribus
1813 713 2098 792 Aegypti
2129 723 2226 773 aut

187 800 620 881 quiescentibus
649 798 766 860 Nili
813 800 1011 878 aquis,
1058 798 1156 857 ubi
1200 807 1483 875 evagatae
1536 807 1803 875 stagnant
1851 797 1976 859 duo
2024 797 2224 859 cubita

185 904 301 947 non
345 884 670 945 excedente
710 883 1006 943 altitudine
1050 882 1377 960 gurgitum,
1423 881 1743 942 bracchiali
1787 882 2023 942 radicis
2074 881 2221 940 ohli-

187 988 337 1049 quae
383 967 794 1042 crassitudine,
839 966 1139 1044 triangulis
1191 927 1503 1041 lateribu3‚
1554 966 1763 1026 decem
1811 983 1936 1025 non
1970 966 2268 1044 ampliusne

188 1053 507 1113 cubitorum
532 1051 890 1128 longitudine
922 1053 980 1111 iu
1010 1050 1391 1127 gracilitatem
1415 1050 1781 1125 fastigatum,
1814 1050 2016 1124 thyrsi
2047 1050 2218 1109 modo

188 1154 464 1197 cacumen
496 1135 830 1211 includens,
863 1134 1023 1199 nullo
1056 1135 1276 1193 semine
1311 1142 1405 1193 aut
1440 1152 1545 1192 usu
1577 1134 1702 1192 eius
1735 1134 1857 1193 alio
1891 1152 2075 1212 quam
2115 1132 2216 1193 flo-

104 1229 172 1284 72
192 1223 271 1280 ris
304 1219 377 1279 ad
408 1220 552 1279 deos
586 1218 972 1279 coronandos,
1033 1216 1326 1277 radicibus
1357 1217 1586 1277 incolae
1616 1235 1724 1295 pro
1763 1217 1931 1294 ligno
1963 1227 2215 1291 uttmtur,

185 1323 297 1364 nec
326 1304 475 1381 ignis
499 1311 712 1362 tantum
736 1304 919 1380 gratia
935 1348 952 1378 ,
982 1303 1089 1360 sed
1114 1299 1186 1360 ad
1212 1301 1324 1360 alia
1348 1318 1580 1379 quoque
1610 1302 1887 1361 utensilia
1915 1319 2215 1361 vasorum.

187 1407 263 1448 ex
297 1389 426 1466 ipso
454 1387 683 1465 quidem
711 1404 936 1465 papyro
968 1386 1195 1462 navigia
1226 1394 1427 1445 texunt
1451 1393 1511 1443 et
1542 1404 1574 1443 e
1606 1384 1758 1445 libro
1783 1386 1922 1445 vela
1955 1395 2268 1469 tegetes-13

189 1491 337 1551 que,
373 1489 486 1530 nec
514 1488 629 1530 non
658 1480 717 1529 et
748 1480 1007 1545 vestem,
1050 1471 1222 1528 etiam
1255 1468 1566 1546 stragulam
1598 1487 1669 1528 ac
1705 1469 1881 1529 funis.
1947 1469 2217 1529 mandunt

190 1573 423 1634 quoque
479 1555 715 1615 crudum
774 1553 1199 1631 decoctumque
1220 1598 1238 1627 ,
1307 1571 1506 1612 sucum
1559 1561 1776 1612 tantum
1830 1554 2213 1613 devorantes.

105 1650 173 1704 73
195 1639 468 1700 Nascitur
494 1648 553 1698 et
581 1640 636 1698 in
671 1639 837 1713 Syria
872 1640 1026 1697 circa
1058 1653 1231 1716 quem
1259 1636 1531 1696 odoratus
1564 1636 1665 1696 ille
1706 1635 1975 1697 calamus
2005 1637 2213 1710 lacum,

186 1741 379 1801 neque
415 1722 544 1782 aliis
579 1740 717 1781 usus
755 1730 843 1780 est
880 1739 1047 1799 quam
1088 1721 1223 1780 inde
1260 1720 1490 1780 funibus
1524 1739 1632 1781 rex
1659 1720 2000 1797 Antigonus
2036 1723 2094 1780 in
2122 1737 2212 1781 na·

186 1806 413 1867 valibus
465 1806 676 1882 rebus,
731 1805 980 1866 nondum
1027 1814 1225 1884 sparto
1281 1806 1722 1865 communicato.
1800 1803 2014 1884 Nuper
2062 1814 2120 1865 et
2159 1805 2263 1863 inan

187 1890 485 1969 Euphrate
528 1908 775 1950 nascens
814 1891 971 1949 circa
1001 1889 1360 1964 Babylonem
1401 1907 1680 1968 papyrum
1729 1890 2098 1949 intellectum
2129 1899 2213 1948 est

191 1974 433 2034 eundem
464 1992 625 2034 usum
652 1974 872 2034 habere
911 1973 1169 2033 chartae.
1238 1982 1296 2032 et
1326 1983 1515 2033 tamen
1552 1972 1744 2033 adhuc
1772 1974 1995 2034 malunt
2027 1972 2212 2033 Parthi

189 2058 451 2118 vestibus
484 2059 707 2118 litteras
742 2059 1029 2118 intexere.

104 2152 175 2207 74
328 2141 421 2202 12.
471 2141 641 2221 (23.)
687 2142 1073 2219 Praeparatur
1105 2152 1181 2200 ex
1223 2159 1297 2200 eo
1328 2141 1526 2201 charta
1574 2140 1763 2200 diviso
1810 2159 1923 2201 acu
1958 2143 2018 2199 in
2051 2160 2089 2219 p
2157 2159 2208 2198 e·

190 2229 378 2287 tennis
409 2227 516 2286 sed
546 2243 714 2303 quam
738 2226 1048 2285 latissimas
1082 2225 1361 2303 philyraS.
1403 2225 1762 2303 principatus
1785 2225 2011 2300 medio,
2046 2159 2266 2304 agnem

190 2312 325 2369 inde
367 2312 663 2369 scissurae
694 2310 918 2369 ordine.
986 2308 1268 2387 hieratica
1316 2308 1722 2388 appellabatur
1765 2310 2084 2386 antiquitus
2123 2326 2206 2367 re·

192 2394 421 2471 ligiosis
462 2403 676 2453 tantum
717 2392 1102 2453 voluminibus
1135 2393 1359 2467 dicata,
1406 2411 1554 2471 quae
1598 2391 1934 2452 adulatione
1969 2391 2208 2468 Augusti

192 2494 401 2536 nomen
427 2479 693 2556 accepit,
726 2479 877 2537 sicut
921 2476 1177 2536 secunda
1200 2476 1399 2537 Liviae
1430 2494 1463 2536 a
1496 2478 1744 2552 coniuge
1789 2477 1940 2535 eius.
1998 2478 2082 2536 ita
2115 2475 2205 2535 de·

109 2570 180 2625 '75
202 2563 429 2622 scendit
462 2562 740 2622 hieratica
766 2563 827 2620 in
855 2561 1086 2620 tertium
1116 2578 1345 2619 nomen.
1410 2578 1750 2638 proxumum
1781 2558 2204 2637 amphitheatri·

194 2647 346 2706 ticae
383 2646 575 2706 datum
619 2644 811 2706 fuerat
839 2663 870 2704 a
911 2644 1289 2704 confecturae
1322 2644 1478 2704 loco.
1537 2643 1775 2722 excepit
1810 2643 1965 2706 hanc
1998 2643 2255 2704 Romae»

195 2730 373 2790 Fanni
429 2746 609 2806 sagax
665 2729 932 2803 officina,
998 2737 1407 2807 tenuatamque
1478 2729 1705 2786 curiosa
1763 2727 2205 2805 interpolatione

195 2814 577 2893 principalem
619 2813 761 2873 fecit
813 2832 846 2872 e
893 2811 1125 2890 plebeia
1175 2820 1233 2871 et
1286 2830 1495 2871 nomen
1546 2811 1708 2872 dedit
1749 2812 1824 2870 ei.
1861 2829 2062 2909 quae
2102 2829 2206 2872 nan

113 2907 181 2962 76
206 2908 367 2964 esset
411 2899 488 2956 ita
535 2906 804 2957 recurata
834 2897 890 2955 in
922 2913 1028 2955 suo
1059 2897 1265 2955 mansit
1308 2881 1879 2974 amphitheatritica.
1906 2905 2047 2973 post
2073 2896 2205 2958 hue

197 2983 411 3042 Saitica
443 2980 515 3040 ab
544 2981 764 3059 oppido
794 2980 892 3039 ubi
922 2975 1186 3039 maxuma
1215 2980 1517 3055 fertilitas,
1551 2998 1627 3038 ex
1655 2978 1967 3039 vilioribus
1999 2997 2201 3044 ranen-

196 3065 303 3136 tis,
344 3065 708 3143 propiorque
750 3066 1053 3125 etiamnum
1099 3065 1302 3124 cortici
1344 3061 1730 3124 Taeneotica
1737 3081 1772 3123 a
1815 3063 2017 3124 vicino
2060 3065 2264 3138 loeas

201 3146 465 3219 pondere
508 3147 619 3207 iam
666 3149 846 3222 haec,
890 3165 1006 3207 non
1049 3147 1344 3223 bonitate,
1392 3145 1634 3207 venalis.
1699 3165 1830 3207 nam
1876 3149 2200 3227 emporitica

199 3224 415 3282 inutilis
447 3230 760 3290 scribendo
804 3231 1121 3290 involucris
1153 3231 1477 3291 chartarum
1509 3233 1985 3312 segestriumque
2016 3232 2197 3293 merci·

201 3302 313 3361 bus
354 3322 516 3364 usum
560 3313 834 3389 praebet,
891 3314 1022 3373 ideo
1069 3331 1100 3373 a
1136 3315 1558 3375 mercatoribus
1596 3316 2032 3392 cognominata.
2085 3323 2196 3395 pout

204 3381 354 3443 hanc
384 3402 663 3463 papyrum
689 3405 779 3455 est
810 3406 1243 3477 extremumque
1270 3401 1394 3459 eius
1421 3401 1616 3478 scirpo
1637 3400 1849 3478 simile,
1873 3418 1948 3460 ac
1973 3417 2051 3460 ne
2073 3398 2191 3462 tui-

69 3513 167 3567 R
