<?xml version="1.0" encoding="UTF-8"?>
<!DOCTYPE html PUBLIC "-//W3C//DTD XHTML 1.0 Transitional//EN"
    "http://www.w3.org/TR/xhtml1/DTD/xhtml1-transitional.dtd">
<html xmlns="http://www.w3.org/1999/xhtml" xml:lang="en" lang="en">
 <head>
  <title>
</title>
<meta http-equiv="Content-Type" content="text/html;charset=utf-8" />
  <meta name='ocr-system' content='tesseract 3.04.00' />
  <meta name='ocr-capabilities' content='ocr_page ocr_carea ocr_par ocr_line ocrx_word'/>
</head>
<body>
  <div class='ocr_page' id='page_1' title='image "./cplinisecundina00eldegoog_0236.png"; bbox 0 0 2320 3650; ppageno 0'>
   <div class='ocr_carea' id='block_1_1' title="bbox 613 56 2172 153">
    <p class='ocr_par' dir='ltr' id='par_1_1' title="bbox 613 56 2172 153">
     <span class='ocr_line' id='line_1_1' title="bbox 613 56 2172 153; baseline 0 -16"><span class='ocrx_word' id='word_1_1' title='bbox 613 56 772 137; x_wconf 68' lang='grc' dir='ltr'><strong>ΝΑΤ</strong></span> <span class='ocrx_word' id='word_1_2' title='bbox 819 87 1001 138; x_wconf 71' lang='lat' dir='ltr'><strong>ms&#39;r.</strong></span> <span class='ocrx_word' id='word_1_3' title='bbox 1046 88 1114 138; x_wconf 75' lang='lat' dir='ltr'><strong>V.</strong></span> <span class='ocrx_word' id='word_1_4' title='bbox 1153 83 1395 139; x_wconf 47' lang='grc' dir='ltr'><strong>ηιμ-24.</strong></span> <span class='ocrx_word' id='word_1_5' title='bbox 1443 74 1745 153; x_wconf 68' lang='lat'><strong>(17—21).</strong></span> <span class='ocrx_word' id='word_1_6' title='bbox 2053 73 2172 139; x_wconf 84' lang='lat'><strong>201</strong></span> 
     </span>
    </p>
   </div>
   <div class='ocr_carea' id='block_1_2' title="bbox 59 238 2264 3396">
    <p class='ocr_par' dir='ltr' id='par_1_2' title="bbox 184 238 2178 569">
     <span class='ocr_line' id='line_1_2' title="bbox 184 238 2178 324; baseline -0.001 -21"><span class='ocrx_word' id='word_1_7' title='bbox 184 243 430 324; x_wconf 84' lang='lat' dir='ltr'><strong>phraten</strong></span> <span class='ocrx_word' id='word_1_8' title='bbox 474 251 534 301; x_wconf 88' lang='lat' dir='ltr'><strong>et</strong></span> <span class='ocrx_word' id='word_1_9' title='bbox 574 259 725 320; x_wconf 81' lang='lat' dir='ltr'><strong>quae</strong></span> <span class='ocrx_word' id='word_1_10' title='bbox 762 241 836 302; x_wconf 89' lang='lat' dir='ltr'><strong>ad</strong></span> <span class='ocrx_word' id='word_1_11' title='bbox 872 240 1074 301; x_wconf 86' lang='lat' dir='ltr'><strong>Belum</strong></span> <span class='ocrx_word' id='word_1_12' title='bbox 1115 249 1428 315; x_wconf 84' lang='lat' dir='ltr'><strong>vocantur,</strong></span> <span class='ocrx_word' id='word_1_13' title='bbox 1476 239 1883 314; x_wconf 75' lang='lat' dir='ltr'><strong>Tardytenses.</strong></span> <span class='ocrx_word' id='word_1_14' title='bbox 1955 238 2178 320; x_wconf 85' lang='lat' dir='ltr'><strong>reliqua</strong></span> 
     </span>
     <span class='ocr_line' id='line_1_3' title="bbox 185 321 2172 403; baseline -0.003 -16"><span class='ocrx_word' id='word_1_15' title='bbox 185 337 378 387; x_wconf 82' lang='lat' dir='ltr'><strong>autem</strong></span> <span class='ocrx_word' id='word_1_16' title='bbox 420 325 592 400; x_wconf 76' lang='lat' dir='ltr'><strong>Syria</strong></span> <span class='ocrx_word' id='word_1_17' title='bbox 633 325 807 391; x_wconf 87' lang='lat' dir='ltr'><strong>habet</strong></span> <span class='ocrx_word' id='word_1_18' title='bbox 848 325 1146 403; x_wconf 85' lang='lat' dir='ltr'><strong>(exceptis</strong></span> <span class='ocrx_word' id='word_1_19' title='bbox 1191 341 1339 401; x_wconf 85' lang='lat' dir='ltr'><strong>quae</strong></span> <span class='ocrx_word' id='word_1_20' title='bbox 1385 341 1510 382; x_wconf 91' lang='lat' dir='ltr'><strong>cum</strong></span> <span class='ocrx_word' id='word_1_21' title='bbox 1541 321 1837 401; x_wconf 79' lang='lat' dir='ltr'>Euphrate</span> <span class='ocrx_word' id='word_1_22' title='bbox 1884 323 2172 403; x_wconf 89' lang='lat' dir='ltr'><strong>dicentur)</strong></span> 
     </span>
     <span class='ocr_line' id='line_1_4' title="bbox 185 405 2178 485; baseline -0.002 -15"><span class='ocrx_word' id='word_1_23' title='bbox 185 410 607 484; x_wconf 84' lang='lat' dir='ltr'><strong>Arbethusios,</strong></span> <span class='ocrx_word' id='word_1_24' title='bbox 652 408 1055 483; x_wconf 86' lang='lat' dir='ltr'><strong>Beroeenses,</strong></span> <span class='ocrx_word' id='word_1_25' title='bbox 1087 406 1528 485; x_wconf 78' lang='lat' dir='ltr'><strong>Epiphanenses</strong></span> <span class='ocrx_word' id='word_1_26' title='bbox 1572 406 1643 465; x_wconf 89' lang='lat' dir='ltr'><strong>ad</strong></span> <span class='ocrx_word' id='word_1_27' title='bbox 1692 405 2003 485; x_wconf 74' lang='lat' dir='ltr'><strong>Orontem,</strong></span> <span class='ocrx_word' id='word_1_28' title='bbox 2035 407 2178 467; x_wconf 89' lang='lat' dir='ltr'><strong>Lao·</strong></span> 
     </span>
     <span class='ocr_line' id='line_1_5' title="bbox 186 489 2178 569; baseline -0.001 -16"><span class='ocrx_word' id='word_1_29' title='bbox 186 493 427 553; x_wconf 85' lang='lat' dir='ltr'><strong>dicenos</strong></span> <span class='ocrx_word' id='word_1_30' title='bbox 476 493 570 569; x_wconf 87' lang='lat' dir='ltr'><strong>qui</strong></span> <span class='ocrx_word' id='word_1_31' title='bbox 625 491 699 551; x_wconf 86' lang='lat' dir='ltr'><strong>ad</strong></span> <span class='ocrx_word' id='word_1_32' title='bbox 742 491 1012 550; x_wconf 83' lang='lat' dir='ltr'><strong>Libanum</strong></span> <span class='ocrx_word' id='word_1_33' title='bbox 1059 491 1561 567; x_wconf 79' lang='lat' dir='ltr'>cognominantur,</span> <span class='ocrx_word' id='word_1_34' title='bbox 1616 489 1969 565; x_wconf 78' lang='lat' dir='ltr'><strong>LeucadioS,</strong></span> <span class='ocrx_word' id='word_1_35' title='bbox 2023 489 2178 551; x_wconf 88' lang='lat' dir='ltr'><strong>Lari·</strong></span> 
     </span>
    </p>

    <p class='ocr_par' dir='ltr' id='par_1_3' title="bbox 138 572 2177 721">
     <span class='ocr_line' id='line_1_6' title="bbox 138 572 2177 652; baseline -0.002 -16"><span class='ocrx_word' id='word_1_36' title='bbox 138 596 165 636; x_wconf 78' lang='lat'><strong>5</strong></span> <span class='ocrx_word' id='word_1_37' title='bbox 188 593 395 652; x_wconf 78' lang='lat' dir='ltr'><strong>saeos„</strong></span> <span class='ocrx_word' id='word_1_38' title='bbox 426 578 663 652; x_wconf 86' lang='lat' dir='ltr'><strong>praeter</strong></span> <span class='ocrx_word' id='word_1_39' title='bbox 691 574 1034 634; x_wconf 83' lang='lat' dir='ltr'><strong>tetrarchias</strong></span> <span class='ocrx_word' id='word_1_40' title='bbox 1064 575 1122 633; x_wconf 91' lang='lat' dir='ltr'><strong>in</strong></span> <span class='ocrx_word' id='word_1_41' title='bbox 1153 591 1336 650; x_wconf 84' lang='lat' dir='ltr'><strong>regna</strong></span> <span class='ocrx_word' id='word_1_42' title='bbox 1357 573 1679 651; x_wconf 86' lang='lat' dir='ltr'><strong>descriptas</strong></span> <span class='ocrx_word' id='word_1_43' title='bbox 1710 572 1970 634; x_wconf 87' lang='lat' dir='ltr'><strong>barbaris</strong></span> <span class='ocrx_word' id='word_1_44' title='bbox 1999 575 2177 633; x_wconf 90' lang='lat' dir='ltr'><strong>nomi-</strong></span> 
     </span>
     <span class='ocr_line' id='line_1_7' title="bbox 185 657 570 721; baseline -0.011 0"><span class='ocrx_word' id='word_1_45' title='bbox 185 659 354 721; x_wconf 74' lang='lat' dir='ltr'><strong>ninus</strong></span> <span class='ocrx_word' id='word_1_46' title='bbox 388 657 570 718; x_wconf 89' lang='lat' dir='ltr'>XVII.</span> 
     </span>
    </p>

    <p class='ocr_par' dir='ltr' id='par_1_4' title="bbox 354 738 2262 820">
     <span class='ocr_line' id='line_1_8' title="bbox 354 738 2262 820; baseline 0 -19"><span class='ocrx_word' id='word_1_47' title='bbox 354 741 456 802; x_wconf 82' lang='lat'><strong>24.</strong></span> <span class='ocrx_word' id='word_1_48' title='bbox 506 740 673 820; x_wconf 82' lang='lat'><strong>(29.)</strong></span> <span class='ocrx_word' id='word_1_49' title='bbox 726 739 800 800; x_wconf 87' lang='lat' dir='ltr'><strong>Et</strong></span> <span class='ocrx_word' id='word_1_50' title='bbox 830 741 906 800; x_wconf 83' lang='lat' dir='ltr'><strong>de</strong></span> <span class='ocrx_word' id='word_1_51' title='bbox 938 738 1233 818; x_wconf 80' lang='lat' dir='ltr'><strong>Euphrate</strong></span> <span class='ocrx_word' id='word_1_52' title='bbox 1262 738 1430 799; x_wconf 92' lang='lat' dir='ltr'><strong>hoc</strong></span> <span class='ocrx_word' id='word_1_53' title='bbox 1410 758 1468 798; x_wconf 84' lang='lat' dir='ltr'><strong>m</strong></span> <span class='ocrx_word' id='word_1_54' title='bbox 1511 739 1646 799; x_wconf 90' lang='lat' dir='ltr'><strong>loco</strong></span> <span class='ocrx_word' id='word_1_55' title='bbox 1683 738 1908 799; x_wconf 84' lang='lat' dir='ltr'>dixisse</span> <span class='ocrx_word' id='word_1_56' title='bbox 1951 738 2176 816; x_wconf 85' lang='lat' dir='ltr'><strong>aptissi·</strong></span> <span class='ocrx_word' id='word_1_57' title='bbox 2193 746 2262 801; x_wconf 86' lang='grc'><strong>83</strong></span> 
     </span>
    </p>

    <p class='ocr_par' dir='ltr' id='par_1_5' title="bbox 59 819 2177 986">
     <span class='ocr_line' id='line_1_9' title="bbox 59 819 2177 922; baseline -0.002 -37"><span class='ocrx_word' id='word_1_58' title='bbox 59 838 71 865; x_wconf 27' lang='grc' dir='ltr'><strong>’ν</strong></span> <span class='ocrx_word' id='word_1_59' title='bbox 186 843 337 885; x_wconf 89' lang='lat' dir='ltr'><strong>mum</strong></span> <span class='ocrx_word' id='word_1_60' title='bbox 366 825 572 884; x_wconf 84' lang='lat' dir='ltr'><strong>fuerit.-</strong></span> <span class='ocrx_word' id='word_1_61' title='bbox 631 826 809 884; x_wconf 88' lang='lat' dir='ltr'><strong>oritur</strong></span> <span class='ocrx_word' id='word_1_62' title='bbox 851 826 910 883; x_wconf 90' lang='lat' dir='ltr'><strong>in</strong></span> <span class='ocrx_word' id='word_1_63' title='bbox 938 823 1312 922; x_wconf 82' lang='lat' dir='ltr'><strong>praefectura</strong></span> <span class='ocrx_word' id='word_1_64' title='bbox 1345 823 1653 883; x_wconf 79' lang='lat' dir='ltr'><strong>Armeniae</strong></span> <span class='ocrx_word' id='word_1_65' title='bbox 1682 823 1914 882; x_wconf 89' lang='lat' dir='ltr'><strong>maioris</strong></span> <span class='ocrx_word' id='word_1_66' title='bbox 1948 819 2177 881; x_wconf 87' lang='lat' dir='ltr'><strong>Carani-</strong></span> 
     </span>
     <span class='ocr_line' id='line_1_10' title="bbox 186 903 2176 986; baseline -0.002 -19"><span class='ocrx_word' id='word_1_67' title='bbox 186 908 338 983; x_wconf 87' lang='lat' dir='ltr'><strong>tide,</strong></span> <span class='ocrx_word' id='word_1_68' title='bbox 372 917 443 966; x_wconf 88' lang='lat' dir='ltr'><strong>ut</strong></span> <span class='ocrx_word' id='word_1_69' title='bbox 467 907 777 986; x_wconf 76' lang='lat' dir='ltr'><strong>prodidere</strong></span> <span class='ocrx_word' id='word_1_70' title='bbox 809 925 884 966; x_wconf 86' lang='lat' dir='ltr'><strong>ex</strong></span> <span class='ocrx_word' id='word_1_71' title='bbox 912 909 981 965; x_wconf 80' lang='lat' dir='ltr'><strong>iis</strong></span> <span class='ocrx_word' id='word_1_72' title='bbox 1013 908 1109 984; x_wconf 87' lang='lat' dir='ltr'><strong>qui</strong></span> <span class='ocrx_word' id='word_1_73' title='bbox 1139 924 1422 983; x_wconf 85' lang='lat' dir='ltr'><strong>proxume</strong></span> <span class='ocrx_word' id='word_1_74' title='bbox 1448 907 1708 966; x_wconf 87' lang='lat' dir='ltr'><strong>viderant</strong></span> <span class='ocrx_word' id='word_1_75' title='bbox 1728 905 2009 965; x_wconf 87' lang='lat' dir='ltr'><strong>Domitius</strong></span> <span class='ocrx_word' id='word_1_76' title='bbox 2033 903 2176 963; x_wconf 89' lang='lat' dir='ltr'><strong>Cor·</strong></span> 
     </span>
    </p>

    <p class='ocr_par' dir='ltr' id='par_1_6' title="bbox 116 988 2264 1398">
     <span class='ocr_line' id='line_1_11' title="bbox 116 988 2177 1066; baseline -0.003 -14"><span class='ocrx_word' id='word_1_77' title='bbox 116 1016 170 1059; x_wconf 82' lang='lat'><strong>10</strong></span> <span class='ocrx_word' id='word_1_78' title='bbox 188 992 326 1052; x_wconf 88' lang='lat' dir='ltr'><strong>bulo</strong></span> <span class='ocrx_word' id='word_1_79' title='bbox 354 991 441 1050; x_wconf 80' lang='lat' dir='ltr'><strong>in</strong></span> <span class='ocrx_word' id='word_1_80' title='bbox 454 1000 649 1051; x_wconf 86' lang='lat' dir='ltr'><strong>monte</strong></span> <span class='ocrx_word' id='word_1_81' title='bbox 679 990 842 1066; x_wconf 88' lang='lat' dir='ltr'><strong>Aga,</strong></span> <span class='ocrx_word' id='word_1_82' title='bbox 887 989 1134 1049; x_wconf 88' lang='lat' dir='ltr'><strong>Licinius</strong></span> <span class='ocrx_word' id='word_1_83' title='bbox 1170 989 1465 1049; x_wconf 87' lang='lat' dir='ltr'><strong>Mucianus</strong></span> <span class='ocrx_word' id='word_1_84' title='bbox 1506 989 1612 1048; x_wconf 90' lang='lat' dir='ltr'><strong>sub</strong></span> <span class='ocrx_word' id='word_1_85' title='bbox 1652 989 1940 1051; x_wconf 80' lang='lat' dir='ltr'><strong>radicibus</strong></span> <span class='ocrx_word' id='word_1_86' title='bbox 1969 988 2177 1049; x_wconf 90' lang='lat' dir='ltr'><strong>montis</strong></span> 
     </span>
     <span class='ocr_line' id='line_1_12' title="bbox 186 1071 2176 1153; baseline -0.002 -20"><span class='ocrx_word' id='word_1_87' title='bbox 186 1090 359 1153; x_wconf 86' lang='lat' dir='ltr'><strong>quem</strong></span> <span class='ocrx_word' id='word_1_88' title='bbox 395 1071 659 1152; x_wconf 84' lang='lat' dir='ltr'><strong>Capoten</strong></span> <span class='ocrx_word' id='word_1_89' title='bbox 694 1073 971 1151; x_wconf 82' lang='lat' dir='ltr'><strong>appellat,</strong></span> <span class='ocrx_word' id='word_1_90' title='bbox 1005 1090 1179 1148; x_wconf 87' lang='lat' dir='ltr'><strong>supra</strong></span> <span class='ocrx_word' id='word_1_91' title='bbox 1220 1072 1498 1132; x_wconf 75' lang='lat' dir='ltr'><strong>Zimaram</strong></span> <span class='ocrx_word' id='word_1_92' title='bbox 1531 1072 1640 1132; x_wconf 91' lang='lat' dir='ltr'><strong>XII</strong></span> <span class='ocrx_word' id='word_1_93' title='bbox 1671 1072 1729 1132; x_wconf 88' lang='grc' dir='ltr'><strong>Μ</strong></span> <span class='ocrx_word' id='word_1_94' title='bbox 1758 1090 2047 1150; x_wconf 77' lang='lat' dir='ltr'><strong>passuum,</strong></span> <span class='ocrx_word' id='word_1_95' title='bbox 2075 1072 2176 1131; x_wconf 79' lang='lat' dir='ltr'><strong>ini-</strong></span> 
     </span>
     <span class='ocr_line' id='line_1_13' title="bbox 186 1154 2177 1234; baseline -0.001 -17"><span class='ocrx_word' id='word_1_96' title='bbox 186 1161 269 1217; x_wconf 89' lang='lat' dir='ltr'><strong>tio</strong></span> <span class='ocrx_word' id='word_1_97' title='bbox 303 1157 622 1232; x_wconf 75' lang='lat' dir='ltr'><strong>Pyxurates</strong></span> <span class='ocrx_word' id='word_1_98' title='bbox 651 1158 993 1219; x_wconf 84' lang='lat' dir='ltr'><strong>nominatus.</strong></span> <span class='ocrx_word' id='word_1_99' title='bbox 1051 1155 1171 1215; x_wconf 87' lang='lat' dir='ltr'><strong>fluit</strong></span> <span class='ocrx_word' id='word_1_100' title='bbox 1194 1154 1507 1215; x_wconf 69' lang='lat' dir='ltr'><strong>Derzenen</strong></span> <span class='ocrx_word' id='word_1_101' title='bbox 1535 1157 1795 1234; x_wconf 81' lang='lat' dir='ltr'><strong>primum,</strong></span> <span class='ocrx_word' id='word_1_102' title='bbox 1826 1172 1960 1214; x_wconf 88' lang='lat' dir='ltr'><strong>mox</strong></span> <span class='ocrx_word' id='word_1_103' title='bbox 1989 1156 2177 1216; x_wconf 87' lang='lat' dir='ltr'><strong>Anae·</strong></span> 
     </span>
     <span class='ocr_line' id='line_1_14' title="bbox 184 1236 2264 1316; baseline 0 -16"><span class='ocrx_word' id='word_1_104' title='bbox 184 1242 390 1315; x_wconf 88' lang='lat' dir='ltr'><strong>ticam,</strong></span> <span class='ocrx_word' id='word_1_105' title='bbox 422 1239 731 1299; x_wconf 83' lang='lat' dir='ltr'><strong>Armeniae</strong></span> <span class='ocrx_word' id='word_1_106' title='bbox 761 1241 1036 1315; x_wconf 73' lang='lat' dir='ltr'><strong>regiones</strong></span> <span class='ocrx_word' id='word_1_107' title='bbox 1071 1256 1102 1297; x_wconf 94' lang='lat' dir='ltr'><strong>a</strong></span> <span class='ocrx_word' id='word_1_108' title='bbox 1137 1236 1506 1316; x_wconf 84' lang='lat' dir='ltr'><strong>Cappadocia</strong></span> <span class='ocrx_word' id='word_1_109' title='bbox 1540 1238 1878 1298; x_wconf 83' lang='lat' dir='ltr'><strong>excludens.</strong></span> <span class='ocrx_word' id='word_1_110' title='bbox 1953 1238 2264 1302; x_wconf 75' lang='lat' dir='ltr'><strong>naseu-84</strong></span> 
     </span>
     <span class='ocr_line' id='line_1_15' title="bbox 186 1320 2174 1398; baseline -0.002 -15"><span class='ocrx_word' id='word_1_111' title='bbox 186 1341 252 1383; x_wconf 81' lang='lat' dir='ltr'><strong>sa</strong></span> <span class='ocrx_word' id='word_1_112' title='bbox 283 1323 455 1384; x_wconf 86' lang='lat' dir='ltr'><strong>abest</strong></span> <span class='ocrx_word' id='word_1_113' title='bbox 484 1338 518 1382; x_wconf 84' lang='lat' dir='ltr'><strong>a</strong></span> <span class='ocrx_word' id='word_1_114' title='bbox 549 1323 772 1383; x_wconf 89' lang='lat' dir='ltr'><strong>Zimara</strong></span> <span class='ocrx_word' id='word_1_115' title='bbox 810 1320 1018 1381; x_wconf 87' lang='lat' dir='ltr'>LXXV</span> <span class='ocrx_word' id='word_1_116' title='bbox 1048 1321 1106 1380; x_wconf 98' lang='lat' dir='ltr'>M</span> <span class='ocrx_word' id='word_1_117' title='bbox 1135 1339 1405 1398; x_wconf 87' lang='lat' dir='ltr'><strong>passuum</strong></span> <span class='ocrx_word' id='word_1_118' title='bbox 1425 1365 1442 1396; x_wconf 97' lang='lat'><strong>,</strong></span> <span class='ocrx_word' id='word_1_119' title='bbox 1479 1322 1627 1380; x_wconf 84' lang='lat' dir='ltr'><strong>inde·</strong></span> <span class='ocrx_word' id='word_1_120' title='bbox 1647 1323 1944 1397; x_wconf 86' lang='lat' dir='ltr'><strong>navigatur</strong></span> <span class='ocrx_word' id='word_1_121' title='bbox 1978 1323 2174 1382; x_wconf 60' lang='lat' dir='ltr'><strong>sarto&lt;-</strong></span> 
     </span>
    </p>

    <p class='ocr_par' dir='ltr' id='par_1_7' title="bbox 117 1402 2177 1815">
     <span class='ocr_line' id='line_1_16' title="bbox 117 1402 2175 1484; baseline -0.002 -15"><span class='ocrx_word' id='word_1_122' title='bbox 117 1427 170 1469; x_wconf 75' lang='lat'><strong>1⁵</strong></span> <span class='ocrx_word' id='word_1_123' title='bbox 187 1426 259 1466; x_wconf 90' lang='lat' dir='ltr'><strong>na</strong></span> <span class='ocrx_word' id='word_1_124' title='bbox 322 1405 401 1466; x_wconf 90' lang='lat' dir='ltr'><strong>.L</strong></span> <span class='ocrx_word' id='word_1_125' title='bbox 445 1405 504 1464; x_wconf 76' lang='lat' dir='ltr'>M</span> <span class='ocrx_word' id='word_1_126' title='bbox 544 1423 851 1484; x_wconf 78' lang='lat' dir='ltr'><strong>passuum,</strong></span> <span class='ocrx_word' id='word_1_127' title='bbox 901 1403 1216 1464; x_wconf 85' lang='lat' dir='ltr'><strong>Melitenen</strong></span> <span class='ocrx_word' id='word_1_128' title='bbox 1259 1402 1667 1481; x_wconf 79' lang='lat' dir='ltr'><strong>Cappadociae</strong></span> <span class='ocrx_word' id='word_1_129' title='bbox 1696 1402 1914 1463; x_wconf 88' lang='lat' dir='ltr'>XXIIII</span> <span class='ocrx_word' id='word_1_130' title='bbox 1944 1402 2003 1463; x_wconf 91' lang='lat' dir='ltr'>M</span> <span class='ocrx_word' id='word_1_131' title='bbox 2043 1422 2175 1482; x_wconf 88' lang='lat' dir='ltr'><strong>pas-</strong></span> 
     </span>
     <span class='ocr_line' id='line_1_17' title="bbox 187 1486 2177 1565; baseline -0.002 -17"><span class='ocrx_word' id='word_1_132' title='bbox 187 1507 293 1549; x_wconf 90' lang='lat' dir='ltr'><strong>suu</strong></span> <span class='ocrx_word' id='word_1_133' title='bbox 365 1488 694 1565; x_wconf 90' lang='lat' dir='ltr'><strong>,Elegiam</strong></span> <span class='ocrx_word' id='word_1_134' title='bbox 734 1488 1044 1547; x_wconf 83' lang='lat' dir='ltr'><strong>Armeniae</strong></span> <span class='ocrx_word' id='word_1_135' title='bbox 1088 1486 1142 1546; x_wconf 91' lang='lat' dir='ltr'><strong>X</strong></span> <span class='ocrx_word' id='word_1_136' title='bbox 1175 1487 1232 1545; x_wconf 90' lang='lat' dir='ltr'>M</span> <span class='ocrx_word' id='word_1_137' title='bbox 1261 1505 1530 1564; x_wconf 88' lang='lat' dir='ltr'><strong>passuum</strong></span> <span class='ocrx_word' id='word_1_138' title='bbox 1561 1488 1819 1563; x_wconf 89' lang='lat' dir='ltr'><strong>acceptis</strong></span> <span class='ocrx_word' id='word_1_139' title='bbox 1854 1487 2177 1546; x_wconf 87' lang='lat' dir='ltr'><strong>fluminibus</strong></span> 
     </span>
     <span class='ocr_line' id='line_1_18' title="bbox 185 1568 2176 1648; baseline -0.002 -16"><span class='ocrx_word' id='word_1_140' title='bbox 185 1572 379 1648; x_wconf 78' lang='lat' dir='ltr'><strong>Lyco,</strong></span> <span class='ocrx_word' id='word_1_141' title='bbox 429 1572 706 1646; x_wconf 85' lang='lat' dir='ltr'><strong>Arsania,</strong></span> <span class='ocrx_word' id='word_1_142' title='bbox 751 1571 999 1630; x_wconf 86' lang='lat' dir='ltr'><strong>Arsano.</strong></span> <span class='ocrx_word' id='word_1_143' title='bbox 1074 1570 1225 1647; x_wconf 91' lang='lat' dir='ltr'><strong>apud</strong></span> <span class='ocrx_word' id='word_1_144' title='bbox 1269 1568 1531 1646; x_wconf 87' lang='lat' dir='ltr'><strong>Elegiam</strong></span> <span class='ocrx_word' id='word_1_145' title='bbox 1573 1571 1824 1629; x_wconf 88' lang='lat' dir='ltr'><strong>occurrit</strong></span> <span class='ocrx_word' id='word_1_146' title='bbox 1870 1572 1924 1628; x_wconf 89' lang='lat' dir='ltr'><strong>ei</strong></span> <span class='ocrx_word' id='word_1_147' title='bbox 1956 1569 2176 1630; x_wconf 88' lang='lat' dir='ltr'><strong>Taurus</strong></span> 
     </span>
     <span class='ocr_line' id='line_1_19' title="bbox 185 1651 2174 1732; baseline -0.001 -17"><span class='ocrx_word' id='word_1_148' title='bbox 185 1673 387 1730; x_wconf 73' lang='lat' dir='ltr'><strong>monS,</strong></span> <span class='ocrx_word' id='word_1_149' title='bbox 417 1673 528 1715; x_wconf 88' lang='lat' dir='ltr'><strong>nec</strong></span> <span class='ocrx_word' id='word_1_150' title='bbox 560 1656 778 1714; x_wconf 86' lang='lat' dir='ltr'><strong>resistit</strong></span> <span class='ocrx_word' id='word_1_151' title='bbox 816 1671 1156 1732; x_wconf 86' lang='lat' dir='ltr'><strong>quamquam</strong></span> <span class='ocrx_word' id='word_1_152' title='bbox 1184 1651 1292 1712; x_wconf 89' lang='lat' dir='ltr'><strong>XII</strong></span> <span class='ocrx_word' id='word_1_153' title='bbox 1322 1652 1380 1712; x_wconf 83' lang='lat' dir='ltr'>M</span> <span class='ocrx_word' id='word_1_154' title='bbox 1419 1671 1575 1732; x_wconf 87' lang='lat' dir='ltr'><strong>pass.</strong></span> <span class='ocrx_word' id='word_1_155' title='bbox 1610 1653 1902 1713; x_wconf 85' lang='lat' dir='ltr'><strong>latitudine</strong></span> <span class='ocrx_word' id='word_1_156' title='bbox 1936 1671 2174 1730; x_wconf 90' lang='lat' dir='ltr'><strong>praeva-</strong></span> 
     </span>
     <span class='ocr_line' id='line_1_20' title="bbox 186 1736 2175 1832; baseline -0.001 -34"><span class='ocrx_word' id='word_1_157' title='bbox 186 1739 336 1798; x_wconf 84' lang='lat' dir='ltr'><strong>lens.</strong></span> <span class='ocrx_word' id='word_1_158' title='bbox 397 1737 651 1798; x_wconf 90' lang='lat' dir='ltr'><strong>Ommam</strong></span> <span class='ocrx_word' id='word_1_159' title='bbox 677 1746 889 1798; x_wconf 89' lang='lat' dir='ltr'><strong>vocant</strong></span> <span class='ocrx_word' id='word_1_160' title='bbox 918 1739 1365 1815; x_wconf 83' lang='lat' dir='ltr'><strong>inrumpentem,</strong></span> <span class='ocrx_word' id='word_1_161' title='bbox 1401 1754 1537 1795; x_wconf 88' lang='lat' dir='ltr'><strong>mox</strong></span> <span class='ocrx_word' id='word_1_162' title='bbox 1576 1736 1672 1796; x_wconf 89' lang='lat' dir='ltr'><strong>ubi</strong></span> <span class='ocrx_word' id='word_1_163' title='bbox 1701 1737 2015 1832; x_wconf 72' lang='lat' dir='ltr'><strong>perfregit,</strong></span> <span class='ocrx_word' id='word_1_164' title='bbox 2062 1736 2175 1797; x_wconf 90' lang='lat' dir='ltr'><strong>Eu·</strong></span> 
     </span>
    </p>

    <p class='ocr_par' dir='ltr' id='par_1_8' title="bbox 115 1806 2259 2231">
     <span class='ocr_line' id='line_1_21' title="bbox 115 1806 2259 1900; baseline 0.002 -19"><span class='ocrx_word' id='word_1_165' title='bbox 115 1848 169 1890; x_wconf 82' lang='lat'><strong>20</strong></span> <span class='ocrx_word' id='word_1_166' title='bbox 189 1821 462 1900; x_wconf 83' lang='lat' dir='ltr'><strong>phraten,</strong></span> <span class='ocrx_word' id='word_1_167' title='bbox 507 1821 657 1882; x_wconf 91' lang='lat' dir='ltr'><strong>ultra</strong></span> <span class='ocrx_word' id='word_1_168' title='bbox 690 1839 922 1900; x_wconf 87' lang='lat' dir='ltr'><strong>quoque</strong></span> <span class='ocrx_word' id='word_1_169' title='bbox 953 1838 1226 1881; x_wconf 88' lang='lat' dir='ltr'><strong>saxosum</strong></span> <span class='ocrx_word' id='word_1_170' title='bbox 1260 1829 1318 1881; x_wconf 91' lang='lat' dir='ltr'><strong>et</strong></span> <span class='ocrx_word' id='word_1_171' title='bbox 1346 1821 1678 1882; x_wconf 84' lang='lat' dir='ltr'><strong>violentum.</strong></span> <span class='ocrx_word' id='word_1_172' title='bbox 1742 1806 2012 1881; x_wconf 85' lang='lat' dir='ltr'><strong>Arabiam</strong></span> <span class='ocrx_word' id='word_1_173' title='bbox 2038 1819 2169 1880; x_wconf 83' lang='lat' dir='ltr'><strong>inde</strong></span> <span class='ocrx_word' id='word_1_174' title='bbox 2190 1830 2259 1885; x_wconf 82' lang='lat'><strong>85</strong></span> 
     </span>
     <span class='ocr_line' id='line_1_22' title="bbox 185 1903 2176 1983; baseline -0.001 -17"><span class='ocrx_word' id='word_1_175' title='bbox 185 1905 376 1980; x_wconf 83' lang='lat' dir='ltr'><strong>laeva,</strong></span> <span class='ocrx_word' id='word_1_176' title='bbox 403 1904 597 1964; x_wconf 86' lang='lat' dir='ltr'><strong>Oreon</strong></span> <span class='ocrx_word' id='word_1_177' title='bbox 627 1905 834 1965; x_wconf 89' lang='lat' dir='ltr'><strong>dictam</strong></span> <span class='ocrx_word' id='word_1_178' title='bbox 869 1907 1168 1981; x_wconf 85' lang='lat' dir='ltr'><strong>regionem</strong></span> <span class='ocrx_word' id='word_1_179' title='bbox 1190 1903 1520 1963; x_wconf 86' lang='lat' dir='ltr'><strong>trischoena</strong></span> <span class='ocrx_word' id='word_1_180' title='bbox 1546 1922 1831 1980; x_wconf 89' lang='lat' dir='ltr'><strong>mensura,</strong></span> <span class='ocrx_word' id='word_1_181' title='bbox 1857 1904 2176 1983; x_wconf 89' lang='lat' dir='ltr'><strong>dextraque</strong></span> 
     </span>
     <span class='ocr_line' id='line_1_23' title="bbox 188 1986 2177 2064; baseline -0.001 -17"><span class='ocrx_word' id='word_1_182' title='bbox 188 1986 614 2064; x_wconf 87' lang='lat' dir='ltr'><strong>Commagenes</strong></span> <span class='ocrx_word' id='word_1_183' title='bbox 660 1988 1043 2062; x_wconf 78' lang='lat' dir='ltr'><strong>disterminat,</strong></span> <span class='ocrx_word' id='word_1_184' title='bbox 1105 1989 1295 2064; x_wconf 88' lang='lat' dir='ltr'><strong>pontis</strong></span> <span class='ocrx_word' id='word_1_185' title='bbox 1348 1994 1538 2046; x_wconf 90' lang='lat' dir='ltr'><strong>tamen</strong></span> <span class='ocrx_word' id='word_1_186' title='bbox 1582 1990 1750 2048; x_wconf 88' lang='lat' dir='ltr'><strong>etiam</strong></span> <span class='ocrx_word' id='word_1_187' title='bbox 1796 1988 1890 2046; x_wconf 91' lang='lat' dir='ltr'><strong>ubi</strong></span> <span class='ocrx_word' id='word_1_188' title='bbox 1932 1986 2177 2046; x_wconf 87' lang='lat' dir='ltr'><strong>Taurum</strong></span> 
     </span>
     <span class='ocr_line' id='line_1_24' title="bbox 190 2068 2176 2149; baseline -0.001 -19"><span class='ocrx_word' id='word_1_189' title='bbox 190 2079 487 2149; x_wconf 84' lang='lat' dir='ltr'><strong>expugnat</strong></span> <span class='ocrx_word' id='word_1_190' title='bbox 537 2073 780 2149; x_wconf 89' lang='lat' dir='ltr'><strong>patiens.</strong></span> <span class='ocrx_word' id='word_1_191' title='bbox 857 2071 1006 2148; x_wconf 87' lang='lat' dir='ltr'><strong>apud</strong></span> <span class='ocrx_word' id='word_1_192' title='bbox 1041 2068 1465 2147; x_wconf 85' lang='lat' dir='ltr'><strong>Claudiopolim</strong></span> <span class='ocrx_word' id='word_1_193' title='bbox 1507 2068 1916 2148; x_wconf 85' lang='lat' dir='ltr'><strong>Cappadociae</strong></span> <span class='ocrx_word' id='word_1_194' title='bbox 1951 2088 2176 2129; x_wconf 88' lang='lat' dir='ltr'><strong>cursum</strong></span> 
     </span>
     <span class='ocr_line' id='line_1_25' title="bbox 187 2153 2175 2231; baseline -0.002 -17"><span class='ocrx_word' id='word_1_195' title='bbox 187 2154 257 2213; x_wconf 91' lang='lat' dir='ltr'><strong>ad</strong></span> <span class='ocrx_word' id='word_1_196' title='bbox 291 2171 560 2214; x_wconf 90' lang='lat' dir='ltr'><strong>occasum</strong></span> <span class='ocrx_word' id='word_1_197' title='bbox 605 2154 746 2213; x_wconf 89' lang='lat' dir='ltr'><strong>solis</strong></span> <span class='ocrx_word' id='word_1_198' title='bbox 779 2155 914 2230; x_wconf 90' lang='lat' dir='ltr'><strong>agit.</strong></span> <span class='ocrx_word' id='word_1_199' title='bbox 974 2155 1159 2231; x_wconf 88' lang='lat' dir='ltr'><strong>primo</strong></span> <span class='ocrx_word' id='word_1_200' title='bbox 1191 2153 1339 2213; x_wconf 90' lang='lat' dir='ltr'><strong>hunc</strong></span> <span class='ocrx_word' id='word_1_201' title='bbox 1367 2153 1487 2212; x_wconf 92' lang='lat' dir='ltr'><strong>illic</strong></span> <span class='ocrx_word' id='word_1_202' title='bbox 1520 2155 1577 2211; x_wconf 90' lang='lat' dir='ltr'><strong>in</strong></span> <span class='ocrx_word' id='word_1_203' title='bbox 1605 2159 1797 2231; x_wconf 80' lang='lat' dir='ltr'><strong>p&#39;ugna</strong></span> <span class='ocrx_word' id='word_1_204' title='bbox 1829 2153 2047 2213; x_wconf 89' lang='lat' dir='ltr'><strong>Taurus</strong></span> <span class='ocrx_word' id='word_1_205' title='bbox 2080 2171 2175 2211; x_wconf 89' lang='lat' dir='ltr'><strong>au·</strong></span> 
     </span>
    </p>

    <p class='ocr_par' dir='ltr' id='par_1_9' title="bbox 115 2235 2176 2648">
     <span class='ocr_line' id='line_1_26' title="bbox 115 2235 2172 2315; baseline 0.002 -23"><span class='ocrx_word' id='word_1_206' title='bbox 115 2238 334 2313; x_wconf 67' lang='lat' dir='ltr'><strong>assert,</strong></span> <span class='ocrx_word' id='word_1_207' title='bbox 364 2237 682 2315; x_wconf 58' lang='lat' dir='ltr'><strong>&gt;victusque</strong></span> <span class='ocrx_word' id='word_1_208' title='bbox 721 2246 778 2295; x_wconf 90' lang='lat' dir='ltr'><strong>et</strong></span> <span class='ocrx_word' id='word_1_209' title='bbox 814 2237 1074 2304; x_wconf 88' lang='lat' dir='ltr'><strong>abscisus</strong></span> <span class='ocrx_word' id='word_1_210' title='bbox 1107 2236 1332 2295; x_wconf 87' lang='lat' dir='ltr'><strong>sibimet</strong></span> <span class='ocrx_word' id='word_1_211' title='bbox 1363 2236 1476 2294; x_wconf 88' lang='lat' dir='ltr'><strong>alio</strong></span> <span class='ocrx_word' id='word_1_212' title='bbox 1518 2236 1691 2295; x_wconf 92' lang='lat' dir='ltr'><strong>modo</strong></span> <span class='ocrx_word' id='word_1_213' title='bbox 1732 2237 1906 2295; x_wconf 88' lang='lat' dir='ltr'><strong>vincit</strong></span> <span class='ocrx_word' id='word_1_214' title='bbox 1952 2254 2021 2296; x_wconf 89' lang='lat' dir='ltr'><strong>ac</strong></span> <span class='ocrx_word' id='word_1_215' title='bbox 2061 2235 2172 2296; x_wconf 84' lang='lat' dir='ltr'><strong>fra·</strong></span> 
     </span>
     <span class='ocr_line' id='line_1_27' title="bbox 189 2319 2176 2398; baseline -0.001 -17"><span class='ocrx_word' id='word_1_216' title='bbox 189 2330 340 2381; x_wconf 89' lang='lat' dir='ltr'><strong>ctum</strong></span> <span class='ocrx_word' id='word_1_217' title='bbox 383 2320 623 2398; x_wconf 82' lang='lat' dir='ltr'><strong>expellit</strong></span> <span class='ocrx_word' id='word_1_218' title='bbox 656 2322 715 2378; x_wconf 89' lang='lat' dir='ltr'><strong>in</strong></span> <span class='ocrx_word' id='word_1_219' title='bbox 741 2319 1054 2378; x_wconf 88' lang='lat' dir='ltr'><strong>meridiem.</strong></span> <span class='ocrx_word' id='word_1_220' title='bbox 1126 2320 1216 2377; x_wconf 85' lang='lat' dir='ltr'><strong>ita</strong></span> <span class='ocrx_word' id='word_1_221' title='bbox 1246 2327 1481 2378; x_wconf 89' lang='lat' dir='ltr'><strong>naturae</strong></span> <span class='ocrx_word' id='word_1_222' title='bbox 1513 2319 1799 2379; x_wconf 76' lang='lat' dir='ltr'><strong>dimicatio</strong></span> <span class='ocrx_word' id='word_1_223' title='bbox 1833 2319 1933 2379; x_wconf 88' lang='lat' dir='ltr'><strong>illa</strong></span> <span class='ocrx_word' id='word_1_224' title='bbox 1966 2336 2176 2396; x_wconf 86' lang='lat' dir='ltr'><strong>aequa·</strong></span> 
     </span>
     <span class='ocr_line' id='line_1_28' title="bbox 188 2402 2171 2481; baseline -0.001 -18"><span class='ocrx_word' id='word_1_225' title='bbox 188 2411 280 2464; x_wconf 91' lang='lat' dir='ltr'><strong>tur</strong></span> <span class='ocrx_word' id='word_1_226' title='bbox 307 2403 422 2463; x_wconf 90' lang='lat' dir='ltr'><strong>hoc</strong></span> <span class='ocrx_word' id='word_1_227' title='bbox 455 2412 625 2463; x_wconf 86' lang='lat' dir='ltr'><strong>eunte</strong></span> <span class='ocrx_word' id='word_1_228' title='bbox 658 2420 770 2480; x_wconf 89' lang='lat' dir='ltr'><strong>quo</strong></span> <span class='ocrx_word' id='word_1_229' title='bbox 802 2402 953 2479; x_wconf 84' lang='lat' dir='ltr'><strong>volt,</strong></span> <span class='ocrx_word' id='word_1_230' title='bbox 997 2402 1100 2461; x_wconf 89' lang='lat' dir='ltr'><strong>illo</strong></span> <span class='ocrx_word' id='word_1_231' title='bbox 1131 2402 1475 2478; x_wconf 87' lang='lat' dir='ltr'><strong>prohibente</strong></span> <span class='ocrx_word' id='word_1_232' title='bbox 1509 2403 1595 2460; x_wconf 91' lang='lat' dir='ltr'><strong>ire</strong></span> <span class='ocrx_word' id='word_1_233' title='bbox 1631 2420 1741 2481; x_wconf 89' lang='lat' dir='ltr'><strong>qua</strong></span> <span class='ocrx_word' id='word_1_234' title='bbox 1774 2403 1931 2463; x_wconf 86' lang='lat' dir='ltr'><strong>velit.</strong></span> <span class='ocrx_word' id='word_1_235' title='bbox 2010 2419 2043 2461; x_wconf 90' lang='lat' dir='ltr'><strong>a</strong></span> <span class='ocrx_word' id='word_1_236' title='bbox 2079 2419 2171 2461; x_wconf 86' lang='lat' dir='ltr'><strong>ca·</strong></span> 
     </span>
     <span class='ocr_line' id='line_1_29' title="bbox 185 2483 2176 2563; baseline -0.002 -17"><span class='ocrx_word' id='word_1_237' title='bbox 185 2488 448 2547; x_wconf 86' lang='lat' dir='ltr'><strong>tarractis</strong></span> <span class='ocrx_word' id='word_1_238' title='bbox 479 2488 681 2546; x_wconf 90' lang='lat' dir='ltr'><strong>iterum</strong></span> <span class='ocrx_word' id='word_1_239' title='bbox 713 2487 1028 2562; x_wconf 88' lang='lat' dir='ltr'><strong>navigatur.</strong></span> <span class='ocrx_word' id='word_1_240' title='bbox 1083 2483 1183 2544; x_wconf 86' lang='lat' dir='ltr'><strong>XL</strong></span> <span class='ocrx_word' id='word_1_241' title='bbox 1212 2484 1271 2544; x_wconf 85' lang='grc' dir='ltr'>Μ</span> <span class='ocrx_word' id='word_1_242' title='bbox 1297 2501 1567 2563; x_wconf 90' lang='lat' dir='ltr'><strong>passuum</strong></span> <span class='ocrx_word' id='word_1_243' title='bbox 1596 2486 1728 2545; x_wconf 88' lang='lat' dir='ltr'><strong>inde</strong></span> <span class='ocrx_word' id='word_1_244' title='bbox 1757 2483 2176 2562; x_wconf 85' lang='lat' dir='ltr'><strong>Commagenes</strong></span> 
     </span>
     <span class='ocr_line' id='line_1_30' title="bbox 190 2569 711 2648; baseline -0.002 -20"><span class='ocrx_word' id='word_1_245' title='bbox 190 2578 361 2648; x_wconf 87' lang='lat' dir='ltr'><strong>caput</strong></span> <span class='ocrx_word' id='word_1_246' title='bbox 389 2569 711 2629; x_wconf 89' lang='lat' dir='ltr'><strong>Samosata.</strong></span> 
     </span>
    </p>

    <p class='ocr_par' dir='ltr' id='par_1_10' title="bbox 119 2649 2260 3062">
     <span class='ocr_line' id='line_1_31' title="bbox 119 2649 2260 2731; baseline 0.002 -24"><span class='ocrx_word' id='word_1_247' title='bbox 119 2665 173 2708; x_wconf 82' lang='lat' dir='ltr'><strong>so</strong></span> <span class='ocrx_word' id='word_1_248' title='bbox 359 2651 526 2731; x_wconf 87' lang='lat'><strong>(21.)</strong></span> <span class='ocrx_word' id='word_1_249' title='bbox 581 2651 798 2711; x_wconf 84' lang='lat' dir='ltr'><strong>Arabia</strong></span> <span class='ocrx_word' id='word_1_250' title='bbox 840 2669 1012 2729; x_wconf 88' lang='lat' dir='ltr'><strong>supra</strong></span> <span class='ocrx_word' id='word_1_251' title='bbox 1059 2651 1207 2711; x_wconf 90' lang='lat' dir='ltr'><strong>dicta</strong></span> <span class='ocrx_word' id='word_1_252' title='bbox 1248 2650 1424 2711; x_wconf 89' lang='lat' dir='ltr'><strong>hahet</strong></span> <span class='ocrx_word' id='word_1_253' title='bbox 1457 2652 1667 2730; x_wconf 90' lang='lat' dir='ltr'><strong>oppida</strong></span> <span class='ocrx_word' id='word_1_254' title='bbox 1704 2649 1986 2710; x_wconf 87' lang='lat' dir='ltr'><strong>Edessam</strong></span> <span class='ocrx_word' id='word_1_255' title='bbox 2028 2665 2175 2727; x_wconf 86' lang='lat' dir='ltr'><strong>quae</strong></span> <span class='ocrx_word' id='word_1_256' title='bbox 2190 2657 2260 2712; x_wconf 88' lang='lat'><strong>86</strong></span> 
     </span>
     <span class='ocr_line' id='line_1_32' title="bbox 190 2731 2175 2811; baseline -0.002 -18"><span class='ocrx_word' id='word_1_257' title='bbox 190 2735 473 2811; x_wconf 82' lang='lat' dir='ltr'><strong>quondam</strong></span> <span class='ocrx_word' id='word_1_258' title='bbox 507 2735 813 2794; x_wconf 89' lang='lat' dir='ltr'><strong>Antiochia</strong></span> <span class='ocrx_word' id='word_1_259' title='bbox 842 2733 1170 2808; x_wconf 75' lang='lat' dir='ltr'><strong>dicebatur,</strong></span> <span class='ocrx_word' id='word_1_260' title='bbox 1206 2731 1526 2793; x_wconf 89' lang='lat' dir='ltr'><strong>Callirroen</strong></span> <span class='ocrx_word' id='word_1_261' title='bbox 1560 2753 1592 2794; x_wconf 92' lang='lat' dir='ltr'><strong>a</strong></span> <span class='ocrx_word' id='word_1_262' title='bbox 1622 2735 1779 2793; x_wconf 83' lang='lat' dir='ltr'><strong>fonte</strong></span> <span class='ocrx_word' id='word_1_263' title='bbox 1814 2735 2175 2809; x_wconf 80' lang='lat' dir='ltr'><strong>nominatam,</strong></span> 
     </span>
     <span class='ocr_line' id='line_1_33' title="bbox 193 2815 2173 2895; baseline -0.001 -19"><span class='ocrx_word' id='word_1_264' title='bbox 193 2815 400 2878; x_wconf 89' lang='lat' dir='ltr'><strong>Carras</strong></span> <span class='ocrx_word' id='word_1_265' title='bbox 435 2816 629 2878; x_wconf 87' lang='lat' dir='ltr'><strong>Crassi</strong></span> <span class='ocrx_word' id='word_1_266' title='bbox 663 2817 829 2878; x_wconf 90' lang='lat' dir='ltr'><strong>clade</strong></span> <span class='ocrx_word' id='word_1_267' title='bbox 856 2817 1072 2876; x_wconf 89' lang='lat' dir='ltr'><strong>nobile.</strong></span> <span class='ocrx_word' id='word_1_268' title='bbox 1149 2816 1406 2892; x_wconf 85' lang='lat' dir='ltr'><strong>Iungitur</strong></span> <span class='ocrx_word' id='word_1_269' title='bbox 1445 2819 1811 2895; x_wconf 84' lang='lat' dir='ltr'><strong>praefectura</strong></span> <span class='ocrx_word' id='word_1_270' title='bbox 1843 2815 2173 2893; x_wconf 67' lang='lat' dir='ltr'><strong>Mesqiota·</strong></span> 
     </span>
     <span class='ocr_line' id='line_1_34' title="bbox 188 2897 2178 2978; baseline -0.001 -20"><span class='ocrx_word' id='word_1_271' title='bbox 188 2901 339 2959; x_wconf 89' lang='lat' dir='ltr'><strong>miae</strong></span> <span class='ocrx_word' id='word_1_272' title='bbox 384 2899 455 2960; x_wconf 88' lang='lat' dir='ltr'><strong>ab</strong></span> <span class='ocrx_word' id='word_1_273' title='bbox 498 2901 754 2975; x_wconf 80' lang='lat' dir='ltr'><strong>Assyriis</strong></span> <span class='ocrx_word' id='word_1_274' title='bbox 799 2902 1079 2976; x_wconf 88' lang='lat' dir='ltr'><strong>originem</strong></span> <span class='ocrx_word' id='word_1_275' title='bbox 1121 2899 1387 2975; x_wconf 90' lang='lat' dir='ltr'><strong>trahens,</strong></span> <span class='ocrx_word' id='word_1_276' title='bbox 1441 2902 1498 2958; x_wconf 92' lang='lat' dir='ltr'><strong>in</strong></span> <span class='ocrx_word' id='word_1_277' title='bbox 1552 2918 1665 2978; x_wconf 83' lang='lat' dir='ltr'><strong>qua</strong></span> <span class='ocrx_word' id='word_1_278' title='bbox 1704 2897 2078 2958; x_wconf 88' lang='lat' dir='ltr'><strong>Anthemusia</strong></span> <span class='ocrx_word' id='word_1_279' title='bbox 2120 2905 2178 2956; x_wconf 90' lang='lat' dir='ltr'><strong>et</strong></span> 
     </span>
     <span class='ocr_line' id='line_1_35' title="bbox 190 2980 2172 3062; baseline 0 -22"><span class='ocrx_word' id='word_1_280' title='bbox 190 2981 604 3062; x_wconf 87' lang='lat' dir='ltr'><strong>Nicophorium</strong></span> <span class='ocrx_word' id='word_1_281' title='bbox 636 2984 868 3062; x_wconf 90' lang='lat' dir='ltr'><strong>oppida.</strong></span> <span class='ocrx_word' id='word_1_282' title='bbox 902 3000 1037 3042; x_wconf 90' lang='lat' dir='ltr'><strong>mox</strong></span> <span class='ocrx_word' id='word_1_283' title='bbox 1067 2982 1291 3041; x_wconf 89' lang='lat' dir='ltr'><strong>Arabes</strong></span> <span class='ocrx_word' id='word_1_284' title='bbox 1322 2984 1419 3060; x_wconf 84' lang='lat' dir='ltr'><strong>qui</strong></span> <span class='ocrx_word' id='word_1_285' title='bbox 1442 2982 1705 3042; x_wconf 85' lang='lat' dir='ltr'><strong>Praetavi</strong></span> <span class='ocrx_word' id='word_1_286' title='bbox 1727 2990 2022 3040; x_wconf 87' lang='lat' dir='ltr'><strong>vocantur.</strong></span> <span class='ocrx_word' id='word_1_287' title='bbox 2071 2980 2172 3040; x_wconf 91' lang='lat' dir='ltr'><strong>ho-</strong></span> 
     </span>
    </p>

    <p class='ocr_par' dir='ltr' id='par_1_11' title="bbox 119 3062 2175 3396">
     <span class='ocr_line' id='line_1_36' title="bbox 119 3062 2174 3143; baseline 0.001 -23"><span class='ocrx_word' id='word_1_288' title='bbox 119 3077 172 3120; x_wconf 76' lang='lat'><strong>35</strong></span> <span class='ocrx_word' id='word_1_289' title='bbox 190 3081 311 3123; x_wconf 89' lang='lat' dir='ltr'><strong>rum</strong></span> <span class='ocrx_word' id='word_1_290' title='bbox 347 3075 520 3143; x_wconf 87' lang='lat' dir='ltr'><strong>caput</strong></span> <span class='ocrx_word' id='word_1_291' title='bbox 542 3067 810 3143; x_wconf 89' lang='lat' dir='ltr'><strong>Singara.</strong></span> <span class='ocrx_word' id='word_1_292' title='bbox 874 3084 907 3126; x_wconf 88' lang='lat' dir='ltr'><strong>a</strong></span> <span class='ocrx_word' id='word_1_293' title='bbox 933 3066 1249 3126; x_wconf 89' lang='lat' dir='ltr'><strong>Samosatis</strong></span> <span class='ocrx_word' id='word_1_294' title='bbox 1286 3074 1502 3140; x_wconf 87' lang='lat' dir='ltr'><strong>autem,</strong></span> <span class='ocrx_word' id='word_1_295' title='bbox 1554 3066 1738 3125; x_wconf 88' lang='lat' dir='ltr'><strong>latere</strong></span> <span class='ocrx_word' id='word_1_296' title='bbox 1766 3065 1990 3140; x_wconf 78' lang='lat' dir='ltr'><strong>Syriae,</strong></span> <span class='ocrx_word' id='word_1_297' title='bbox 2026 3062 2174 3123; x_wconf 88' lang='lat' dir='ltr'><strong>Mar-</strong></span> 
     </span>
     <span class='ocr_line' id='line_1_37' title="bbox 191 3146 2175 3225; baseline -0.001 -19"><span class='ocrx_word' id='word_1_298' title='bbox 191 3164 327 3221; x_wconf 71' lang='lat' dir='ltr'><strong>syas</strong></span> <span class='ocrx_word' id='word_1_299' title='bbox 359 3150 537 3207; x_wconf 87' lang='lat' dir='ltr'><strong>amnis</strong></span> <span class='ocrx_word' id='word_1_300' title='bbox 568 3149 767 3209; x_wconf 85' lang='lat' dir='ltr'><strong>influit.</strong></span> <span class='ocrx_word' id='word_1_301' title='bbox 861 3147 1107 3225; x_wconf 87' lang='lat' dir='ltr'><strong>Cingilla</strong></span> <span class='ocrx_word' id='word_1_302' title='bbox 1146 3146 1577 3225; x_wconf 85' lang='lat' dir='ltr'><strong>Commagenen</strong></span> <span class='ocrx_word' id='word_1_303' title='bbox 1618 3148 1767 3222; x_wconf 78' lang='lat' dir='ltr'><strong>linit,</strong></span> <span class='ocrx_word' id='word_1_304' title='bbox 1815 3147 2175 3212; x_wconf 86' lang='lat' dir='ltr'><strong>Imeneorum</strong></span> 
     </span>
     <span class='ocr_line' id='line_1_38' title="bbox 190 3229 2173 3310; baseline 0 -22"><span class='ocrx_word' id='word_1_305' title='bbox 190 3230 393 3289; x_wconf 81' lang='lat' dir='ltr'><strong>civitas</strong></span> <span class='ocrx_word' id='word_1_306' title='bbox 424 3232 640 3308; x_wconf 88' lang='lat' dir='ltr'><strong>incipit.</strong></span> <span class='ocrx_word' id='word_1_307' title='bbox 695 3231 904 3310; x_wconf 90' lang='lat' dir='ltr'><strong>oppida</strong></span> <span class='ocrx_word' id='word_1_308' title='bbox 939 3232 1239 3291; x_wconf 88' lang='lat' dir='ltr'><strong>adluuntur</strong></span> <span class='ocrx_word' id='word_1_309' title='bbox 1261 3229 1582 3309; x_wconf 83' lang='lat' dir='ltr'><strong>Epiphania</strong></span> <span class='ocrx_word' id='word_1_310' title='bbox 1614 3240 1674 3290; x_wconf 89' lang='lat' dir='ltr'><strong>et</strong></span> <span class='ocrx_word' id='word_1_311' title='bbox 1695 3230 1999 3290; x_wconf 88' lang='lat' dir='ltr'><strong>Antiochia</strong></span> <span class='ocrx_word' id='word_1_312' title='bbox 2025 3247 2173 3308; x_wconf 86' lang='lat' dir='ltr'><strong>quae</strong></span> 
     </span>
     <span class='ocr_line' id='line_1_39' title="bbox 189 3310 2174 3396; baseline 0.001 -24"><span class='ocrx_word' id='word_1_313' title='bbox 189 3310 261 3372; x_wconf 90' lang='lat' dir='ltr'><strong>ad</strong></span> <span class='ocrx_word' id='word_1_314' title='bbox 285 3310 618 3395; x_wconf 87' lang='lat' dir='ltr'><strong>Euphraten</strong></span> <span class='ocrx_word' id='word_1_315' title='bbox 645 3323 952 3392; x_wconf 83' lang='lat' dir='ltr'><strong>vocantur,</strong></span> <span class='ocrx_word' id='word_1_316' title='bbox 984 3316 1121 3375; x_wconf 85' lang='lat' dir='ltr'><strong>item</strong></span> <span class='ocrx_word' id='word_1_317' title='bbox 1143 3314 1400 3392; x_wconf 82' lang='lat' dir='ltr'><strong>Zeugma</strong></span> <span class='ocrx_word' id='word_1_318' title='bbox 1421 3313 1629 3377; x_wconf 90' lang='lat' dir='ltr'>LXXII</span> <span class='ocrx_word' id='word_1_319' title='bbox 1655 3314 1888 3375; x_wconf 87' lang='lat' dir='ltr'><strong>milibus</strong></span> <span class='ocrx_word' id='word_1_320' title='bbox 1905 3329 2174 3396; x_wconf 83' lang='lat' dir='ltr'><strong>passuum</strong></span> 
     </span>
    </p>
   </div>
  </div>
 </body>
</html>
