2320 3650
164 104 288 167 246
805 114 866 166 c.
898 116 1089 165 rum
1120 114 1419 165 snotmm
1481 189 1484 192 Ι

167 271 398 352 oppidis
451 270 735 351 quondam
806 269 979 330 claris
1035 287 1069 329 a
1121 268 1494 330 Samiramide
1558 266 1806 330 conditis
1852 267 2160 332 Besamnis

167 367 225 417 et
280 356 558 416 Soractia.
644 371 795 413 nunc
844 362 974 414 sunt
1019 352 1377 413 solitudines.
1461 350 1687 412 Deinde
1741 361 1832 413 est
1872 354 2156 433 oppidum

165 438 319 519 quod
373 436 838 500 Characenorum
897 437 1025 513 regi
1083 446 1251 514 paret
1300 439 1366 496 in‘
1420 435 1715 513 Pasitigris
1771 437 1931 515 ripa,
1996 436 2156 499 Fora

162 524 423 598 nomine,
470 524 527 582 in
578 522 732 601 quod
776 539 809 580 a
860 520 1031 580 Petra
1089 522 1462 593 conveniunt,
1522 516 1953 599 Characemque
2015 521 2156 582 inde

160 604 271 666 XII
304 606 364 667 Μ
400 624 669 686 passuum
709 604 961 665 secundo
1001 611 1165 663 aestu
1210 605 1494 682 navigant.
1553 612 1612 663 et
1652 602 1918 664 Parthico
1958 614 2194 666 autem⁵

161 689 346 767 regno
403 686 803 767 navigantibus
841 689 1004 747 vicus
1046 685 1335 747 Teredon.
1409 687 1555 747 infra
1606 686 1990 748 confluentem
2030 687 2150 749 Eu-

157 773 375 853 phratis
415 783 473 833 et
503 774 692 851 Tigris
732 772 899 832 laeva
940 789 974 832 a
1017 769 1244 830 flumine
1279 769 1562 831 Chaldaei
1607 772 1893 848 optinent,
1940 771 2151 834 dextra

77 868 176 923 146
188 857 481 918 Nomades
511 857 802 917 Scenitae.
861 851 1087 933 quidam
1130 864 1202 914 et
1221 855 1334 915 alia
1364 854 1475 914 duo
1505 854 1718 932 oppida
1747 853 1938 931 longis
1968 856 2147 918 inter.-

155 942 326 1002 vallis
354 941 512 1017 Tigri
544 938 945 1019 praenavigari
972 938 1216 1013 tradunt,
1247 937 1588 1013 Barbatiam,
1619 953 1753 998 mox
1783 937 2148 1015 Dumatham,

159 1025 315 1104 quod
359 1023 571 1084 abesse
615 1040 651 1083 a
690 1023 860 1083 Petra
901 1022 1121 1082 dierum
1163 1020 1220 1082 X
1257 1022 1661 1098 navigatione,
1692 1023 2139 1104 (negotiatores
2165 1035 2216 1078 ιο

156 1109 349 1168 dicunt
381 1105 842 1167 Characenorum
885 1106 1011 1182 regi
1053 1107 1328 1184 parere),
1374 1115 1434 1164 et
1478 1105 1790 1183 Apameam
1832 1106 1997 1167 sitam
2041 1106 2148 1167 ubi

154 1192 507 1267 restagnatio
556 1190 862 1268 Euphratis
902 1207 1028 1248 cum
1068 1188 1228 1266 Tigri
1272 1188 1538 1249 confluat.
1612 1190 1807 1267 itaque
1848 1188 2148 1251 molientis

152 1276 536 1334 incursionem
584 1273 826 1335 Parthos
880 1272 1154 1352 operibus
1211 1272 1455 1332 obiectis
1506 1272 1870 1332 inundatione
1926 1274 2139 1336 arceri.

69 1368 171 1423 147
185 1356 349 1417 Nunc
377 1376 410 1418 a
446 1355 706 1418 Charace
736 1358 979 1418 diximus
1010 1374 1168 1417 oram
1188 1355 1473 1435 Epiphani
1499 1357 1738 1434 primum
1774 1357 2137 1434 exquisitam.

149 1441 339 1501 Locus
367 1441 464 1501 ubi
493 1440 799 1521 Euphratis
829 1442 1037 1501 ostium
1067 1440 1204 1516 fuit,
1249 1439 1459 1500 flumen
1505 1439 1762 1520 Salsum,
1805 1448 2212 1519 promente-1⁶

149 1527 292 1584 rium
327 1523 654 1602 Chaldone,
699 1526 961 1602 voragini
1003 1524 1242 1583 similius
1285 1541 1454 1601 quam
1487 1524 1626 1583 mari
1666 1539 1775 1601 per
1815 1523 1859 1582 L
1889 1522 1949 1584 M
1977 1541 2137 1601 pass.

151 1613 313 1684 orae,
355 1609 564 1669 flumen
593 1608 912 1684 Achenum,
950 1608 1185 1668 deserta
1218 1604 1261 1666 C
1297 1606 1357 1668 Μ
1382 1623 1552 1685 pass.
1579 1624 1764 1686 usque
1796 1606 1866 1668 ad
1897 1606 2141 1667 insulam

151 1692 387 1767 Barum,
445 1694 601 1752 sinus
646 1690 874 1770 Capeus
916 1709 1085 1770 quem
1137 1688 1407 1751 adcolunt
1448 1690 1741 1767 Gaulopes
1788 1699 1864 1749 et.
1889 1688 2138 1767 Gattaei,

151 1777 308 1835 sinus
340 1773 667 1853 Gerraicus,
710 1776 982 1854 oppidum
1011 1772 1192 1835 Gerra
1218 1773 1273 1834 V
1293 1772 1352 1833 Μ
1385 1790 1538 1852 pass,
1566 1773 1933 1854 amplitudine
1958 1774 2136 1836 turris

66 1867 168 1924 148
181 1858 355 1919 habet
384 1878 462 1919 ex
491 1860 631 1920 salis
661 1860 917 1937 quadrati
944 1857 1209 1917 molibus.
1256 1857 1310 1916 A
1341 1858 1511 1918 litore
1536 1857 1650 1918 LM
1676 1876 1944 1936 passuum
1964 1859 2205 1935 reginzo

149 1942 383 2002 Attene.
469 1961 545 2002 ex
589 1943 835 2003 adverso
869 1941 1055 2016 Tyros
1100 1941 1286 2001 insula
1325 1940 1561 2001 totidem
1601 1941 1828 2002 milibus
1871 1958 1906 2001 a
1936 1941 2133 2017 litore,

148 2025 420 2104 plurumis
453 2026 773 2103 margaritis
817 2025 1197 2085 celeberrima
1240 2042 1366 2084 cum
1393 2018 1614 2104 'oppido
1654 2024 1910 2086 eiusdem
1948 2026 2133 2085 nomi·
2189 2035 2202 2039 ’

143 2111 231 2168 nis
251 2153 268 2186 ,
313 2110 584 2187 iuxtaque
615 2110 798 2183 altera
827 2110 1010 2169 minor
1041 2126 1073 2168 a
1101 2109 1493 2186 promontorio
1527 2109 1651 2168 eius
1677 2107 1787 2168 XII
1819 2107 1877 2168 M
1910 2106 1966 2168 D
1997 2126 2131 2186 pas·

146 2211 325 2254 suum.
402 2194 550 2254 ultra
582 2210 816 2270 magnas
856 2192 1077 2271 adspici
1116 2193 1331 2252 insulas
1363 2192 1588 2252 tradunt
1631 2192 1701 2253 ad
1739 2209 1880 2269 quas
1909 2208 2025 2250 non
2055 2193 2136 2251 sit

147 2286 505 2355 perventum,
550 2277 716 2337 huius
748 2275 956 2337 ambitu
988 2273 1145 2336 CXII
1173 2275 1233 2335 M
1259 2275 1311 2339 D
1344 2293 1631 2354 passuum.
1674 2293 1708 2335 a
1732 2274 1978 2335 Perside.
1999 2274 2199 2337 lon-25

145 2363 273 2436 gius
306 2380 474 2436 esse,
521 2362 664 2424 adiri
705 2378 817 2421 uno
860 2360 1029 2421 alveo
1076 2369 1338 2437 angusto.
1414 2358 1606 2419 Insula
1639 2358 1873 2434 Asclie,
1916 2366 2132 2435 gentes

141 2442 426 2519 Nocheti,
473 2444 705 2520 Zurazi,
749 2444 1033 2520 Borgodi,
1071 2441 1403 2517 Catharrei,
1436 2441 1746 2518 Nomades,
1781 2442 1989 2502 flumen
2012 2438 2128 2517 Cy·

62 2537 162 2592 149
180 2545 306 2587 nos.
371 2527 536 2587 Ultra
577 2529 997 2605 navigationem
1029 2528 1422 2605 inconpertam
1449 2524 1524 2585 ab
1563 2543 1637 2585 eo
1667 2526 1854 2586 latere
1884 2532 2131 2607 propter

143 2610 420 2689 scopulos
444 2611 614 2671 tradit
632 2610 771 2671 Iuba
801 2610 1208 2689 praetermissa
1236 2610 1525 2668 mentione
1554 2609 1753 2688 oppidi
1781 2607 2129 2669 Omanorum

139 2694 555 2754 Batrasavaves
611 2703 668 2755 et
709 2692 992 2768 Omanae,
1061 2693 1214 2772 quod
1270 2694 1496 2770 priores
1548 2692 1841 2753 celebrem
1894 2700 2197 2770 portumao

120 2776 478 2838 'Carmaniae
508 2777 744 2853 fecere,
784 2778 920 2838 item
947 2777 1203 2837 Homnae
1244 2785 1306 2836 et*
1329 2776 1611 2852 Attanae,
1658 2795 1806 2855 quae
1835 2790 1984 2836 nunc
2014 2793 2132 2857 ope

140 2861 275 2940 pida
297 2879 557 2921 maxume
591 2859 879 2921 celebrari
910 2878 942 2920 a
971 2860 1208 2920 Persico
1238 2861 1379 2920 mari
1410 2862 1590 2920 nostri
1620 2860 2015 2937 negotiatores
2041 2859 2128 2919 di-

106 2966 115 2970 ’
144 2954 298 3004 cunt.
338 2944 397 3004 A
429 2945 658 3005 flumine
690 2941 883 3019 Canis,
929 2953 990 3003 ut
1019 2943 1181 3020 Iuba,
1211 2961 1375 3004 mons
1409 2944 1611 3005 adusto
1648 2944 1868 3004 similis.
1914 2950 2128 3019 gentes

140 3026 607 3105 Epimaranitae,
637 3045 775 3086 mox
813 3026 1262 3106 Ichthyophagi,
1306 3027 1488 3088 insula
1529 3028 1793 3102 deserta,
1842 3043 1987 3102 gens
2015 3025 2127 3086 Ba-

138 3109 335 3184 thymi.
409 3110 667 3172 Eblitaei
690 3119 934 3186 monteS,
977 3110 1163 3170 insula
1191 3109 1499 3185 OmoenuS,
1547 3119 1748 3188 portus
1780 3108 2194 3187 Mochorbe,ss

59 3193 395 3258 15oinsulae
435 3192 746 3270 EtaxaloS,
801 3192 1176 3268 Inchobrice,
1223 3210 1368 3270 gens
1414 3189 1652 3253 Cadaei.
1725 3193 1948 3254 insulae
1994 3193 2124 3253 sine

139 3276 458 3335 nominibus
487 3277 720 3353 multae,
766 3276 1034 3337 celebres
1057 3267 1202 3336 verd
1238 3276 1417 3352 lsura,
1462 3275 1722 3338 Rhinnea
1752 3287 1811 3337 et
1843 3292 2124 3354 proxuma

139 3361 195 3416 in
257 3375 366 3436 qua
428 3360 680 3437 scriptae
743 3368 871 3420 sunt
932 3359 1117 3419 stelae
1179 3359 1446 3437 lapideae
1509 3360 1716 3420 litteris
1788 3359 2121 3436 incognitis,
