<?xml version="1.0" encoding="UTF-8"?>
<!DOCTYPE html PUBLIC "-//W3C//DTD XHTML 1.0 Transitional//EN"
    "http://www.w3.org/TR/xhtml1/DTD/xhtml1-transitional.dtd">
<html xmlns="http://www.w3.org/1999/xhtml" xml:lang="en" lang="en">
 <head>
  <title>
</title>
<meta http-equiv="Content-Type" content="text/html;charset=utf-8" />
  <meta name='ocr-system' content='tesseract 3.04.00' />
  <meta name='ocr-capabilities' content='ocr_page ocr_carea ocr_par ocr_line ocrx_word'/>
</head>
<body>
  <div class='ocr_page' id='page_1' title='image "./cplinisecundina00eldegoog_0500.png"; bbox 0 0 2320 3650; ppageno 0'>
   <div class='ocr_carea' id='block_1_1' title="bbox 522 113 2078 192">
    <p class='ocr_par' dir='ltr' id='par_1_1' title="bbox 522 113 2078 192">
     <span class='ocr_line' id='line_1_1' title="bbox 522 113 2078 192; baseline -0.001 -18"><span class='ocrx_word' id='word_1_1' title='bbox 522 129 686 174; x_wconf 77' lang='lat' dir='ltr'><strong>NAT.</strong></span> <span class='ocrx_word' id='word_1_2' title='bbox 731 127 914 175; x_wconf 76' lang='lat' dir='ltr'><strong>msr.</strong></span> <span class='ocrx_word' id='word_1_3' title='bbox 951 129 1020 175; x_wconf 79' lang='lat' dir='ltr'><strong>x,</strong></span> <span class='ocrx_word' id='word_1_4' title='bbox 1052 121 1293 177; x_wconf 82' lang='lat'><strong>73-77.</strong></span> <span class='ocrx_word' id='word_1_5' title='bbox 1331 114 1636 192; x_wconf 80' lang='lat'><strong>(94—98.)</strong></span> <span class='ocrx_word' id='word_1_6' title='bbox 1960 113 2078 173; x_wconf 85' lang='lat'><strong>157</strong></span> 
     </span>
    </p>
   </div>
   <div class='ocr_carea' id='block_1_2' title="bbox 54 255 2176 3458">
    <p class='ocr_par' dir='ltr' id='par_1_2' title="bbox 55 255 2168 1263">
     <span class='ocr_line' id='line_1_2' title="bbox 215 255 2162 380; baseline 0 -36"><span class='ocrx_word' id='word_1_7' title='bbox 215 281 373 380; x_wconf 89' lang='grc'><strong>(96.)</strong></span> <span class='ocrx_word' id='word_1_8' title='bbox 426 281 647 340; x_wconf 83' lang='lat' dir='ltr'>Rursus</span> <span class='ocrx_word' id='word_1_9' title='bbox 689 282 855 360; x_wconf 82' lang='lat' dir='ltr'><strong>amici</strong></span> <span class='ocrx_word' id='word_1_10' title='bbox 902 299 1159 358; x_wconf 82' lang='lat' dir='ltr'><strong>pavones</strong></span> <span class='ocrx_word' id='word_1_11' title='bbox 1206 255 1263 339; x_wconf 90' lang='lat' dir='ltr'><strong>et</strong></span> <span class='ocrx_word' id='word_1_12' title='bbox 1309 268 1643 355; x_wconf 78' lang='lat' dir='ltr'><strong>columhae,</strong></span> <span class='ocrx_word' id='word_1_13' title='bbox 1680 287 1926 338; x_wconf 91' lang='lat' dir='ltr'><strong>turtures</strong></span> <span class='ocrx_word' id='word_1_14' title='bbox 1988 290 2045 338; x_wconf 89' lang='lat' dir='ltr'><strong>et</strong></span> <span class='ocrx_word' id='word_1_15' title='bbox 2061 291 2162 344; x_wconf 83' lang='lat'><strong>207</strong></span> 
     </span>
     <span class='ocr_line' id='line_1_3' title="bbox 72 364 2078 443; baseline -0.001 -20"><span class='ocrx_word' id='word_1_16' title='bbox 72 366 344 443; x_wconf 80' lang='lat' dir='ltr'>psittaci,</span> <span class='ocrx_word' id='word_1_17' title='bbox 381 365 637 425; x_wconf 79' lang='lat' dir='ltr'><strong>merulae</strong></span> <span class='ocrx_word' id='word_1_18' title='bbox 680 374 739 424; x_wconf 88' lang='lat' dir='ltr'><strong>et</strong></span> <span class='ocrx_word' id='word_1_19' title='bbox 767 373 1053 440; x_wconf 83' lang='lat' dir='ltr'><strong>turtures,</strong></span> <span class='ocrx_word' id='word_1_20' title='bbox 1102 367 1305 423; x_wconf 80' lang='lat' dir='ltr'>cornix</span> <span class='ocrx_word' id='word_1_21' title='bbox 1339 373 1399 421; x_wconf 84' lang='lat' dir='ltr'><strong>et</strong></span> <span class='ocrx_word' id='word_1_22' title='bbox 1431 364 1689 423; x_wconf 83' lang='lat' dir='ltr'>ardiolae</span> <span class='ocrx_word' id='word_1_23' title='bbox 1725 372 1925 422; x_wconf 89' lang='lat' dir='ltr'><strong>contra</strong></span> <span class='ocrx_word' id='word_1_24' title='bbox 1954 364 2078 422; x_wconf 89' lang='lat' dir='ltr'><strong>vol-</strong></span> 
     </span>
     <span class='ocr_line' id='line_1_4' title="bbox 72 439 2080 527; baseline -0 -20"><span class='ocrx_word' id='word_1_25' title='bbox 72 451 238 527; x_wconf 87' lang='lat' dir='ltr'><strong>pium</strong></span> <span class='ocrx_word' id='word_1_26' title='bbox 270 468 455 525; x_wconf 84' lang='lat' dir='ltr'><strong>genus</strong></span> <span class='ocrx_word' id='word_1_27' title='bbox 493 439 883 507; x_wconf 87' lang='lat' dir='ltr'><strong>communibus</strong></span> <span class='ocrx_word' id='word_1_28' title='bbox 924 449 1253 523; x_wconf 75' lang='lat' dir='ltr'><strong>inimicitiiS,</strong></span> <span class='ocrx_word' id='word_1_29' title='bbox 1299 448 1479 524; x_wconf 83' lang='lat' dir='ltr'><strong>harpe</strong></span> <span class='ocrx_word' id='word_1_30' title='bbox 1516 456 1576 506; x_wconf 90' lang='lat' dir='ltr'><strong>et</strong></span> <span class='ocrx_word' id='word_1_31' title='bbox 1618 447 1825 506; x_wconf 83' lang='lat' dir='ltr'>milvos</span> <span class='ocrx_word' id='word_1_32' title='bbox 1880 457 2080 507; x_wconf 89' lang='lat' dir='ltr'><strong>contra</strong></span> 
     </span>
     <span class='ocr_line' id='line_1_5' title="bbox 72 531 2081 607; baseline -0.001 -16"><span class='ocrx_word' id='word_1_33' title='bbox 72 533 395 593; x_wconf 85' lang='lat' dir='ltr'><strong>triorchim.</strong></span> <span class='ocrx_word' id='word_1_34' title='bbox 455 531 643 607; x_wconf 78' lang='lat' dir='ltr'><strong>Quid,</strong></span> <span class='ocrx_word' id='word_1_35' title='bbox 697 549 811 590; x_wconf 89' lang='lat' dir='ltr'><strong>non</strong></span> <span class='ocrx_word' id='word_1_36' title='bbox 847 541 908 589; x_wconf 91' lang='lat' dir='ltr'><strong>et</strong></span> <span class='ocrx_word' id='word_1_37' title='bbox 950 531 1215 592; x_wconf 85' lang='lat' dir='ltr'><strong>adfectus</strong></span> <span class='ocrx_word' id='word_1_38' title='bbox 1250 531 1461 592; x_wconf 79' lang='lat' dir='ltr'><strong>indicia</strong></span> <span class='ocrx_word' id='word_1_39' title='bbox 1500 541 1630 589; x_wconf 87' lang='lat' dir='ltr'><strong>sunt</strong></span> <span class='ocrx_word' id='word_1_40' title='bbox 1665 532 1882 592; x_wconf 85' lang='lat' dir='ltr'><strong>etiam</strong></span> <span class='ocrx_word' id='word_1_41' title='bbox 1866 550 1921 589; x_wconf 89' lang='grc' dir='ltr'><strong>ιιι</strong></span> <span class='ocrx_word' id='word_1_42' title='bbox 1960 550 2081 589; x_wconf 91' lang='lat' dir='ltr'><strong>ser-</strong></span> 
     </span>
     <span class='ocr_line' id='line_1_6' title="bbox 75 612 2163 695; baseline -0.004 -20"><span class='ocrx_word' id='word_1_43' title='bbox 75 615 370 695; x_wconf 78' lang='lat' dir='ltr'><strong>pentibuS,</strong></span> <span class='ocrx_word' id='word_1_44' title='bbox 404 617 760 675; x_wconf 83' lang='lat' dir='ltr'>inmitissimo</span> <span class='ocrx_word' id='word_1_45' title='bbox 790 615 1110 675; x_wconf 89' lang='lat' dir='ltr'><strong>animalium</strong></span> <span class='ocrx_word' id='word_1_46' title='bbox 1131 612 1394 692; x_wconf 78' lang='lat' dir='ltr'><strong>genere?</strong></span> <span class='ocrx_word' id='word_1_47' title='bbox 1429 614 1580 673; x_wconf 89' lang='lat' dir='ltr'><strong>dicta</strong></span> <span class='ocrx_word' id='word_1_48' title='bbox 1611 624 1741 673; x_wconf 89' lang='lat' dir='ltr'><strong>sunt</strong></span> <span class='ocrx_word' id='word_1_49' title='bbox 1773 633 1920 693; x_wconf 91' lang='lat' dir='ltr'><strong>quae</strong></span> <span class='ocrx_word' id='word_1_50' title='bbox 1950 614 2163 674; x_wconf 52' lang='lat' dir='ltr'><strong>Ar-effl</strong></span> 
     </span>
     <span class='ocr_line' id='line_1_7' title="bbox 74 699 2081 774; baseline -0.001 -15"><span class='ocrx_word' id='word_1_51' title='bbox 74 700 247 759; x_wconf 87' lang='lat' dir='ltr'><strong>cadia</strong></span> <span class='ocrx_word' id='word_1_52' title='bbox 290 709 483 760; x_wconf 89' lang='lat' dir='ltr'><strong>narrat</strong></span> <span class='ocrx_word' id='word_1_53' title='bbox 533 700 606 758; x_wconf 93' lang='lat' dir='ltr'><strong>de</strong></span> <span class='ocrx_word' id='word_1_54' title='bbox 667 699 898 758; x_wconf 84' lang='lat' dir='ltr'><strong>domino</strong></span> <span class='ocrx_word' id='word_1_55' title='bbox 937 717 970 758; x_wconf 89' lang='lat' dir='ltr'><strong>a</strong></span> <span class='ocrx_word' id='word_1_56' title='bbox 1013 699 1267 759; x_wconf 88' lang='lat' dir='ltr'><strong>dracone</strong></span> <span class='ocrx_word' id='word_1_57' title='bbox 1312 707 1543 757; x_wconf 90' lang='lat' dir='ltr'><strong>servato</strong></span> <span class='ocrx_word' id='word_1_58' title='bbox 1590 708 1648 757; x_wconf 93' lang='lat' dir='ltr'><strong>et</strong></span> <span class='ocrx_word' id='word_1_59' title='bbox 1698 700 1890 774; x_wconf 77' lang='lat' dir='ltr'><strong>agnito</strong></span> <span class='ocrx_word' id='word_1_60' title='bbox 1932 716 2081 756; x_wconf 87' lang='lat' dir='ltr'><strong>voce</strong></span> 
     </span>
     <span class='ocr_line' id='line_1_8' title="bbox 76 781 2168 860; baseline 0 -17"><span class='ocrx_word' id='word_1_61' title='bbox 76 785 336 843; x_wconf 86' lang='lat' dir='ltr'><strong>draconi.</strong></span> <span class='ocrx_word' id='word_1_62' title='bbox 399 784 490 843; x_wconf 93' lang='lat' dir='ltr'><strong>De</strong></span> <span class='ocrx_word' id='word_1_63' title='bbox 523 784 726 860; x_wconf 83' lang='lat' dir='ltr'><strong>aspide</strong></span> <span class='ocrx_word' id='word_1_64' title='bbox 755 783 1089 842; x_wconf 77' lang='lat' dir='ltr'><strong>miraculum</strong></span> <span class='ocrx_word' id='word_1_65' title='bbox 1122 781 1447 857; x_wconf 79' lang='lat' dir='ltr'>Phylarcho</span> <span class='ocrx_word' id='word_1_66' title='bbox 1483 783 1774 841; x_wconf 79' lang='lat' dir='ltr'><strong>reddatur.</strong></span> <span class='ocrx_word' id='word_1_67' title='bbox 1817 783 1867 840; x_wconf 93' lang='lat' dir='ltr'><strong>is</strong></span> <span class='ocrx_word' id='word_1_68' title='bbox 1900 784 2047 839; x_wconf 90' lang='lat' dir='ltr'><strong>enim</strong></span> <span class='ocrx_word' id='word_1_69' title='bbox 2063 792 2168 843; x_wconf 78' lang='lat'><strong>208</strong></span> 
     </span>
     <span class='ocr_line' id='line_1_9' title="bbox 74 864 2080 946; baseline -0.001 -20"><span class='ocrx_word' id='word_1_70' title='bbox 74 876 285 926; x_wconf 78' lang='lat' dir='ltr'><strong>auctor</strong></span> <span class='ocrx_word' id='word_1_71' title='bbox 328 876 448 942; x_wconf 90' lang='lat' dir='ltr'><strong>est,</strong></span> <span class='ocrx_word' id='word_1_72' title='bbox 509 885 636 925; x_wconf 89' lang='lat' dir='ltr'><strong>cum</strong></span> <span class='ocrx_word' id='word_1_73' title='bbox 667 866 737 925; x_wconf 89' lang='lat' dir='ltr'><strong>ad</strong></span> <span class='ocrx_word' id='word_1_74' title='bbox 782 884 1036 925; x_wconf 89' lang='lat' dir='ltr'><strong>mensam</strong></span> <span class='ocrx_word' id='word_1_75' title='bbox 1082 867 1376 942; x_wconf 89' lang='lat' dir='ltr'><strong>cuiusdam</strong></span> <span class='ocrx_word' id='word_1_76' title='bbox 1422 867 1662 923; x_wconf 91' lang='lat' dir='ltr'><strong>veniens</strong></span> <span class='ocrx_word' id='word_1_77' title='bbox 1707 866 1763 923; x_wconf 92' lang='lat' dir='ltr'><strong>in</strong></span> <span class='ocrx_word' id='word_1_78' title='bbox 1808 864 2080 946; x_wconf 77' lang='lat' dir='ltr'><strong>Aegypto</strong></span> 
     </span>
     <span class='ocr_line' id='line_1_10' title="bbox 78 948 2082 1027; baseline -0.001 -17"><span class='ocrx_word' id='word_1_79' title='bbox 78 952 336 1010; x_wconf 79' lang='lat' dir='ltr'><strong>aleretur</strong></span> <span class='ocrx_word' id='word_1_80' title='bbox 354 951 620 1025; x_wconf 82' lang='lat' dir='ltr'><strong>adsidue,</strong></span> <span class='ocrx_word' id='word_1_81' title='bbox 653 951 880 1010; x_wconf 81' lang='lat' dir='ltr'><strong>enixam</strong></span> <span class='ocrx_word' id='word_1_82' title='bbox 903 951 1148 1026; x_wconf 80' lang='lat' dir='ltr'><strong>catuloS,</strong></span> <span class='ocrx_word' id='word_1_83' title='bbox 1177 968 1416 1027; x_wconf 86' lang='lat' dir='ltr'><strong>quorum</strong></span> <span class='ocrx_word' id='word_1_84' title='bbox 1453 949 1525 1008; x_wconf 91' lang='lat' dir='ltr'><strong>ab</strong></span> <span class='ocrx_word' id='word_1_85' title='bbox 1549 966 1661 1007; x_wconf 84' lang='lat' dir='ltr'><strong>uno</strong></span> <span class='ocrx_word' id='word_1_86' title='bbox 1686 949 1860 1010; x_wconf 81' lang='lat' dir='ltr'><strong>filium</strong></span> <span class='ocrx_word' id='word_1_87' title='bbox 1882 948 2082 1026; x_wconf 87' lang='lat' dir='ltr'><strong>hospi·</strong></span> 
     </span>
     <span class='ocr_line' id='line_1_11' title="bbox 55 1032 2083 1112; baseline 0.001 -24"><span class='ocrx_word' id='word_1_88' title='bbox 55 1038 154 1094; x_wconf 70' lang='lat' dir='ltr'><strong>‚tis</strong></span> <span class='ocrx_word' id='word_1_89' title='bbox 187 1036 613 1112; x_wconf 88' lang='lat' dir='ltr'><strong>interemptum,</strong></span> <span class='ocrx_word' id='word_1_90' title='bbox 646 1034 802 1093; x_wconf 86' lang='lat' dir='ltr'><strong>illam</strong></span> <span class='ocrx_word' id='word_1_91' title='bbox 831 1052 1126 1093; x_wconf 80' lang='lat' dir='ltr'><strong>reversam</strong></span> <span class='ocrx_word' id='word_1_92' title='bbox 1157 1034 1228 1093; x_wconf 92' lang='lat' dir='ltr'><strong>ad</strong></span> <span class='ocrx_word' id='word_1_93' title='bbox 1265 1032 1734 1092; x_wconf 87' lang='lat' dir='ltr'><strong>consuetudinem</strong></span> <span class='ocrx_word' id='word_1_94' title='bbox 1756 1032 1882 1091; x_wconf 82' lang='lat' dir='ltr'><strong>-cibi</strong></span> <span class='ocrx_word' id='word_1_95' title='bbox 1920 1033 2083 1091; x_wconf 91' lang='lat' dir='ltr'><strong>intel-</strong></span> 
     </span>
     <span class='ocr_line' id='line_1_12' title="bbox 77 1115 2082 1196; baseline -0.002 -18"><span class='ocrx_word' id='word_1_96' title='bbox 77 1120 303 1179; x_wconf 78' lang='lat' dir='ltr'><strong>lexisse</strong></span> <span class='ocrx_word' id='word_1_97' title='bbox 329 1118 564 1196; x_wconf 87' lang='lat' dir='ltr'><strong>culpam</strong></span> <span class='ocrx_word' id='word_1_98' title='bbox 600 1127 660 1176; x_wconf 90' lang='lat' dir='ltr'><strong>et</strong></span> <span class='ocrx_word' id='word_1_99' title='bbox 688 1136 894 1178; x_wconf 84' lang='lat' dir='ltr'><strong>necem</strong></span> <span class='ocrx_word' id='word_1_100' title='bbox 926 1118 1187 1178; x_wconf 89' lang='lat' dir='ltr'><strong>intulisse</strong></span> <span class='ocrx_word' id='word_1_101' title='bbox 1221 1115 1449 1192; x_wconf 85' lang='lat' dir='ltr'><strong>catu10,</strong></span> <span class='ocrx_word' id='word_1_102' title='bbox 1482 1135 1599 1176; x_wconf 85' lang='lat' dir='ltr'><strong>nec</strong></span> <span class='ocrx_word' id='word_1_103' title='bbox 1624 1125 1830 1194; x_wconf 83' lang='lat' dir='ltr'><strong>postea</strong></span> <span class='ocrx_word' id='word_1_104' title='bbox 1877 1119 1933 1177; x_wconf 91' lang='lat' dir='ltr'><strong>in</strong></span> <span class='ocrx_word' id='word_1_105' title='bbox 1964 1125 2082 1175; x_wconf 91' lang='lat' dir='ltr'><strong>tec-</strong></span> 
     </span>
     <span class='ocr_line' id='line_1_13' title="bbox 81 1203 812 1263; baseline -0.003 -1"><span class='ocrx_word' id='word_1_106' title='bbox 81 1213 198 1263; x_wconf 85' lang='lat' dir='ltr'><strong>tum</strong></span> <span class='ocrx_word' id='word_1_107' title='bbox 229 1203 284 1262; x_wconf 84' lang='lat' dir='ltr'><strong>id</strong></span> <span class='ocrx_word' id='word_1_108' title='bbox 314 1219 632 1263; x_wconf 82' lang='lat' dir='ltr'><strong>reversam.</strong></span> <span class='ocrx_word' id='word_1_109' title='bbox 809 1225 812 1228; x_wconf 54' lang='grc'><em>“</em></span> 
     </span>
    </p>

    <p class='ocr_par' dir='ltr' id='par_1_3' title="bbox 55 1245 2170 2786">
     <span class='ocr_line' id='line_1_14' title="bbox 212 1245 2169 1364; baseline -0.001 -18"><span class='ocrx_word' id='word_1_110' title='bbox 212 1289 311 1346; x_wconf 90' lang='grc'><strong>77.</strong></span> <span class='ocrx_word' id='word_1_111' title='bbox 347 1287 514 1364; x_wconf 82' lang='lat'><strong>(97.)</strong></span> <span class='ocrx_word' id='word_1_112' title='bbox 549 1286 743 1344; x_wconf 91' lang='lat' dir='ltr'><strong>Somni</strong></span> <span class='ocrx_word' id='word_1_113' title='bbox 779 1285 1041 1363; x_wconf 83' lang='lat' dir='ltr'><strong>quaestio</strong></span> <span class='ocrx_word' id='word_1_114' title='bbox 1073 1302 1191 1343; x_wconf 89' lang='lat' dir='ltr'><strong>non</strong></span> <span class='ocrx_word' id='word_1_115' title='bbox 1225 1283 1532 1343; x_wconf 86' lang='lat' dir='ltr'><strong>obscuram</strong></span> <span class='ocrx_word' id='word_1_116' title='bbox 1573 1245 2169 1345; x_wconf 81' lang='lat' dir='ltr'><strong>coniectationem2o9</strong></span> 
     </span>
     <span class='ocr_line' id='line_1_15' title="bbox 85 1366 2083 1446; baseline -0.003 -16"><span class='ocrx_word' id='word_1_117' title='bbox 85 1370 399 1430; x_wconf 85' lang='lat' dir='ltr'><strong>habet.1n</strong></span> <span class='ocrx_word' id='word_1_118' title='bbox 428 1369 804 1429; x_wconf 83' lang='lat' dir='ltr'><strong>terrestribus</strong></span> <span class='ocrx_word' id='word_1_119' title='bbox 833 1370 1021 1428; x_wconf 89' lang='lat' dir='ltr'><strong>omnia</strong></span> <span class='ocrx_word' id='word_1_120' title='bbox 1052 1387 1209 1446; x_wconf 90' lang='lat' dir='ltr'><strong>quae</strong></span> <span class='ocrx_word' id='word_1_121' title='bbox 1234 1368 1542 1427; x_wconf 84' lang='lat' dir='ltr'><strong>coniveant</strong></span> <span class='ocrx_word' id='word_1_122' title='bbox 1568 1366 1818 1426; x_wconf 88' lang='lat' dir='ltr'><strong>dormire</strong></span> <span class='ocrx_word' id='word_1_123' title='bbox 1848 1367 2083 1426; x_wconf 83' lang='lat' dir='ltr'><strong>manife-</strong></span> 
     </span>
     <span class='ocr_line' id='line_1_16' title="bbox 55 1450 2084 1531; baseline -0.004 -15"><span class='ocrx_word' id='word_1_124' title='bbox 55 1465 231 1517; x_wconf 70' lang='lat' dir='ltr'><strong>¹‚stum</strong></span> <span class='ocrx_word' id='word_1_125' title='bbox 263 1463 370 1513; x_wconf 88' lang='lat' dir='ltr'><strong>est.</strong></span> <span class='ocrx_word' id='word_1_126' title='bbox 431 1454 703 1531; x_wconf 83' lang='lat' dir='ltr'><strong>aquatilia</strong></span> <span class='ocrx_word' id='word_1_127' title='bbox 750 1470 981 1531; x_wconf 83' lang='lat' dir='ltr'><strong>quoque</strong></span> <span class='ocrx_word' id='word_1_128' title='bbox 1037 1453 1307 1528; x_wconf 84' lang='lat' dir='ltr'><strong>exiguum</strong></span> <span class='ocrx_word' id='word_1_129' title='bbox 1360 1450 1609 1528; x_wconf 85' lang='lat' dir='ltr'><strong>quidem,</strong></span> <span class='ocrx_word' id='word_1_130' title='bbox 1654 1452 1821 1510; x_wconf 89' lang='lat' dir='ltr'><strong>etiam</strong></span> <span class='ocrx_word' id='word_1_131' title='bbox 1874 1452 1968 1527; x_wconf 92' lang='lat' dir='ltr'><strong>qui</strong></span> <span class='ocrx_word' id='word_1_132' title='bbox 2012 1450 2084 1509; x_wconf 88' lang='lat' dir='ltr'><strong>de</strong></span> 
     </span>
     <span class='ocr_line' id='line_1_17' title="bbox 88 1534 2083 1612; baseline -0.003 -15"><span class='ocrx_word' id='word_1_133' title='bbox 88 1541 300 1598; x_wconf 87' lang='lat' dir='ltr'><strong>ceteris</strong></span> <span class='ocrx_word' id='word_1_134' title='bbox 325 1538 604 1612; x_wconf 85' lang='lat' dir='ltr'><strong>dubitant,</strong></span> <span class='ocrx_word' id='word_1_135' title='bbox 636 1537 885 1596; x_wconf 84' lang='lat' dir='ltr'><strong>dormire</strong></span> <span class='ocrx_word' id='word_1_136' title='bbox 916 1546 1107 1595; x_wconf 87' lang='lat' dir='ltr'><strong>tamen</strong></span> <span class='ocrx_word' id='word_1_137' title='bbox 1137 1536 1501 1609; x_wconf 75' lang='lat' dir='ltr'><strong>existumant,</strong></span> <span class='ocrx_word' id='word_1_138' title='bbox 1532 1551 1648 1592; x_wconf 90' lang='lat' dir='ltr'><strong>non</strong></span> <span class='ocrx_word' id='word_1_139' title='bbox 1671 1534 1966 1593; x_wconf 87' lang='lat' dir='ltr'><strong>oculorum</strong></span> <span class='ocrx_word' id='word_1_140' title='bbox 1997 1552 2083 1593; x_wconf 90' lang='lat' dir='ltr'><strong>ar-</strong></span> 
     </span>
     <span class='ocr_line' id='line_1_18' title="bbox 85 1619 2083 1700; baseline -0.004 -17"><span class='ocrx_word' id='word_1_141' title='bbox 85 1631 376 1700; x_wconf 85' lang='lat' dir='ltr'><strong>gumento,</strong></span> <span class='ocrx_word' id='word_1_142' title='bbox 413 1622 544 1699; x_wconf 82' lang='lat' dir='ltr'><strong>qnia</strong></span> <span class='ocrx_word' id='word_1_143' title='bbox 572 1638 689 1680; x_wconf 87' lang='lat' dir='ltr'><strong>non</strong></span> <span class='ocrx_word' id='word_1_144' title='bbox 718 1621 932 1681; x_wconf 83' lang='lat' dir='ltr'><strong>habent</strong></span> <span class='ocrx_word' id='word_1_145' title='bbox 961 1638 1178 1696; x_wconf 70' lang='lat' dir='ltr'><strong>genaS,</strong></span> <span class='ocrx_word' id='word_1_146' title='bbox 1221 1636 1420 1678; x_wconf 90' lang='lat' dir='ltr'><strong>verum</strong></span> <span class='ocrx_word' id='word_1_147' title='bbox 1451 1619 1579 1695; x_wconf 87' lang='lat' dir='ltr'><strong>ipsa</strong></span> <span class='ocrx_word' id='word_1_148' title='bbox 1610 1620 1804 1696; x_wconf 80' lang='lat' dir='ltr'><strong>quiete</strong></span> <span class='ocrx_word' id='word_1_149' title='bbox 1844 1636 2083 1677; x_wconf 88' lang='lat' dir='ltr'><strong>cernun-</strong></span> 
     </span>
     <span class='ocr_line' id='line_1_19' title="bbox 89 1702 2084 1785; baseline -0.004 -18"><span class='ocrx_word' id='word_1_150' title='bbox 89 1717 174 1767; x_wconf 77' lang='lat' dir='ltr'><strong>tur</strong></span> <span class='ocrx_word' id='word_1_151' title='bbox 199 1705 430 1785; x_wconf 84' lang='lat' dir='ltr'><strong>placida</strong></span> <span class='ocrx_word' id='word_1_152' title='bbox 462 1723 573 1764; x_wconf 87' lang='lat' dir='ltr'><strong>ceu</strong></span> <span class='ocrx_word' id='word_1_153' title='bbox 609 1713 917 1782; x_wconf 76' lang='lat' dir='ltr'><strong>soporata,</strong></span> <span class='ocrx_word' id='word_1_154' title='bbox 964 1721 1158 1782; x_wconf 87' lang='lat' dir='ltr'><strong>neque</strong></span> <span class='ocrx_word' id='word_1_155' title='bbox 1198 1703 1351 1774; x_wconf 88' lang='lat' dir='ltr'><strong>aliud</strong></span> <span class='ocrx_word' id='word_1_156' title='bbox 1397 1720 1566 1781; x_wconf 87' lang='lat' dir='ltr'><strong>quam</strong></span> <span class='ocrx_word' id='word_1_157' title='bbox 1610 1702 1821 1761; x_wconf 86' lang='lat' dir='ltr'><strong>caudas</strong></span> <span class='ocrx_word' id='word_1_158' title='bbox 1851 1718 2084 1760; x_wconf 88' lang='lat' dir='ltr'><strong>moven-</strong></span> 
     </span>
     <span class='ocr_line' id='line_1_20' title="bbox 88 1784 2170 1867; baseline -0 -17"><span class='ocrx_word' id='word_1_159' title='bbox 88 1792 159 1850; x_wconf 86' lang='lat' dir='ltr'><strong>tia</strong></span> <span class='ocrx_word' id='word_1_160' title='bbox 195 1798 258 1850; x_wconf 89' lang='lat' dir='ltr'><strong>et</strong></span> <span class='ocrx_word' id='word_1_161' title='bbox 289 1790 360 1850; x_wconf 88' lang='lat' dir='ltr'><strong>ad</strong></span> <span class='ocrx_word' id='word_1_162' title='bbox 393 1788 687 1849; x_wconf 85' lang='lat' dir='ltr'><strong>tumultum</strong></span> <span class='ocrx_word' id='word_1_163' title='bbox 717 1787 971 1867; x_wconf 80' lang='lat' dir='ltr'><strong>aliquem</strong></span> <span class='ocrx_word' id='word_1_164' title='bbox 1000 1788 1474 1866; x_wconf 76' lang='lat' dir='ltr'><strong>expavescentia.</strong></span> <span class='ocrx_word' id='word_1_165' title='bbox 1534 1784 1624 1847; x_wconf 90' lang='lat' dir='ltr'><strong>De</strong></span> <span class='ocrx_word' id='word_1_166' title='bbox 1656 1786 1883 1862; x_wconf 78' lang='lat' dir='ltr'><strong>thynnis</strong></span> <span class='ocrx_word' id='word_1_167' title='bbox 1917 1803 2052 1844; x_wconf 90' lang='lat' dir='ltr'><strong>con·</strong></span> <span class='ocrx_word' id='word_1_168' title='bbox 2067 1797 2170 1849; x_wconf 81' lang='lat'><strong>210</strong></span> 
     </span>
     <span class='ocr_line' id='line_1_21' title="bbox 56 1871 2117 1950; baseline -0.002 -16"><span class='ocrx_word' id='word_1_169' title='bbox 56 1874 354 1936; x_wconf 59' lang='lat' dir='ltr'><strong>cadentius</strong></span> <span class='ocrx_word' id='word_1_170' title='bbox 398 1873 744 1932; x_wconf 80' lang='lat' dir='ltr'><strong>adfirmatur.</strong></span> <span class='ocrx_word' id='word_1_171' title='bbox 809 1875 968 1932; x_wconf 86' lang='lat' dir='ltr'><strong>iuxta</strong></span> <span class='ocrx_word' id='word_1_172' title='bbox 1020 1874 1178 1950; x_wconf 83' lang='lat' dir='ltr'><strong>ripas</strong></span> <span class='ocrx_word' id='word_1_173' title='bbox 1220 1874 1371 1931; x_wconf 84' lang='lat' dir='ltr'><strong>enim</strong></span> <span class='ocrx_word' id='word_1_174' title='bbox 1412 1881 1511 1930; x_wconf 86' lang='lat' dir='ltr'><strong>aut</strong></span> <span class='ocrx_word' id='word_1_175' title='bbox 1528 1881 1753 1949; x_wconf 81' lang='lat' dir='ltr'><strong>petras</strong></span> <span class='ocrx_word' id='word_1_176' title='bbox 1780 1871 2117 1945; x_wconf 73' lang='lat' dir='ltr'><strong>dormiunt,-</strong></span> 
     </span>
     <span class='ocr_line' id='line_1_22' title="bbox 90 1956 2086 2038; baseline -0.002 -20"><span class='ocrx_word' id='word_1_177' title='bbox 90 1960 237 2038; x_wconf 78' lang='lat' dir='ltr'><strong>plani</strong></span> <span class='ocrx_word' id='word_1_178' title='bbox 266 1967 455 2018; x_wconf 89' lang='lat' dir='ltr'><strong>autem</strong></span> <span class='ocrx_word' id='word_1_179' title='bbox 490 1958 732 2035; x_wconf 86' lang='lat' dir='ltr'><strong>piscium</strong></span> <span class='ocrx_word' id='word_1_180' title='bbox 776 1959 833 2016; x_wconf 88' lang='lat' dir='ltr'><strong>in</strong></span> <span class='ocrx_word' id='word_1_181' title='bbox 858 1956 1054 2030; x_wconf 83' lang='lat' dir='ltr'><strong>vado,</strong></span> <span class='ocrx_word' id='word_1_182' title='bbox 1097 1966 1157 2015; x_wconf 91' lang='lat' dir='ltr'><strong>ut</strong></span> <span class='ocrx_word' id='word_1_183' title='bbox 1201 1974 1367 2015; x_wconf 85' lang='lat' dir='ltr'><strong>manu</strong></span> <span class='ocrx_word' id='word_1_184' title='bbox 1392 1973 1572 2033; x_wconf 89' lang='lat' dir='ltr'><strong>saepe</strong></span> <span class='ocrx_word' id='word_1_185' title='bbox 1614 1956 1905 2016; x_wconf 82' lang='lat' dir='ltr'><strong>tollantur.</strong></span> <span class='ocrx_word' id='word_1_186' title='bbox 1959 1974 2086 2015; x_wconf 87' lang='lat' dir='ltr'><strong>nam</strong></span> 
     </span>
     <span class='ocr_line' id='line_1_23' title="bbox 90 2039 2085 2121; baseline -0.003 -18"><span class='ocrx_word' id='word_1_187' title='bbox 90 2043 342 2121; x_wconf 85' lang='lat' dir='ltr'><strong>delphini</strong></span> <span class='ocrx_word' id='word_1_188' title='bbox 376 2041 774 2118; x_wconf 88' lang='lat' dir='ltr'><strong>balaenaeque</strong></span> <span class='ocrx_word' id='word_1_189' title='bbox 799 2048 1116 2100; x_wconf 74' lang='lat' dir='ltr'><strong>stertentes</strong></span> <span class='ocrx_word' id='word_1_190' title='bbox 1139 2039 1653 2099; x_wconf 85' lang='lat' dir='ltr'><strong>etiamaudiuntur.</strong></span> <span class='ocrx_word' id='word_1_191' title='bbox 1699 2041 1920 2099; x_wconf 86' lang='lat' dir='ltr'><strong>insecta</strong></span> <span class='ocrx_word' id='word_1_192' title='bbox 1945 2057 2085 2116; x_wconf 91' lang='lat' dir='ltr'><strong>quo-</strong></span> 
     </span>
     <span class='ocr_line' id='line_1_24' title="bbox 94 2122 2084 2205; baseline -0.004 -18"><span class='ocrx_word' id='word_1_193' title='bbox 94 2146 202 2205; x_wconf 83' lang='lat' dir='ltr'><strong>que</strong></span> <span class='ocrx_word' id='word_1_194' title='bbox 226 2126 479 2187; x_wconf 77' lang='lat' dir='ltr'><strong>dormird</strong></span> <span class='ocrx_word' id='word_1_195' title='bbox 516 2124 746 2183; x_wconf 88' lang='lat' dir='ltr'><strong>silentio</strong></span> <span class='ocrx_word' id='word_1_196' title='bbox 778 2124 1050 2202; x_wconf 82' lang='lat' dir='ltr'><strong>adparet,</strong></span> <span class='ocrx_word' id='word_1_197' title='bbox 1087 2142 1236 2201; x_wconf 90' lang='lat' dir='ltr'><strong>quae</strong></span> <span class='ocrx_word' id='word_1_198' title='bbox 1276 2141 1348 2182; x_wconf 91' lang='lat' dir='ltr'><strong>ne</strong></span> <span class='ocrx_word' id='word_1_199' title='bbox 1388 2122 1691 2182; x_wconf 89' lang='lat' dir='ltr'><strong>luminibus</strong></span> <span class='ocrx_word' id='word_1_200' title='bbox 1726 2124 1957 2201; x_wconf 89' lang='lat' dir='ltr'><strong>quidem</strong></span> <span class='ocrx_word' id='word_1_201' title='bbox 1989 2123 2084 2182; x_wconf 92' lang='lat' dir='ltr'><strong>ad-</strong></span> 
     </span>
     <span class='ocr_line' id='line_1_25' title="bbox 93 2210 967 2270; baseline -0.008 0"><span class='ocrx_word' id='word_1_202' title='bbox 93 2213 250 2270; x_wconf 89' lang='lat' dir='ltr'><strong>motis</strong></span> <span class='ocrx_word' id='word_1_203' title='bbox 280 2210 628 2268; x_wconf 86' lang='lat' dir='ltr'><strong>excitentur.</strong></span> <span class='ocrx_word' id='word_1_204' title='bbox 964 2234 967 2241; x_wconf 51' lang='lat'><strong>⁴</strong></span> 
     </span>
     <span class='ocr_line' id='line_1_26' title="bbox 61 2258 2170 2372; baseline 0 -22"><span class='ocrx_word' id='word_1_205' title='bbox 61 2313 81 2350; x_wconf 80' lang='lat'><strong><em>5</em></strong></span> <span class='ocrx_word' id='word_1_206' title='bbox 210 2294 345 2372; x_wconf 81' lang='lat'><strong>(98.</strong></span> <span class='ocrx_word' id='word_1_207' title='bbox 351 2296 381 2371; x_wconf 88' lang='lat'><em>)</em></span> <span class='ocrx_word' id='word_1_208' title='bbox 414 2291 599 2351; x_wconf 86' lang='lat' dir='ltr'><strong>Homo</strong></span> <span class='ocrx_word' id='word_1_209' title='bbox 632 2292 860 2368; x_wconf 87' lang='lat' dir='ltr'><strong>genitus</strong></span> <span class='ocrx_word' id='word_1_210' title='bbox 892 2292 1166 2368; x_wconf 86' lang='lat' dir='ltr'><strong>premitur</strong></span> <span class='ocrx_word' id='word_1_211' title='bbox 1197 2309 1401 2352; x_wconf 90' lang='lat' dir='ltr'><strong>somno</strong></span> <span class='ocrx_word' id='word_1_212' title='bbox 1422 2258 1528 2368; x_wconf 86' lang='lat' dir='ltr'><strong>per</strong></span> <span class='ocrx_word' id='word_1_213' title='bbox 1551 2290 1771 2367; x_wconf 88' lang='lat' dir='ltr'><strong>aliquot</strong></span> <span class='ocrx_word' id='word_1_214' title='bbox 1793 2307 2045 2363; x_wconf 72' lang='lat' dir='ltr'><strong>menseS,</strong></span> <span class='ocrx_word' id='word_1_215' title='bbox 2070 2300 2170 2351; x_wconf 78' lang='lat'><strong>211</strong></span> 
     </span>
     <span class='ocr_line' id='line_1_27' title="bbox 96 2373 2088 2459; baseline -0.003 -22"><span class='ocrx_word' id='word_1_216' title='bbox 96 2379 215 2437; x_wconf 83' lang='lat' dir='ltr'><strong>dein</strong></span> <span class='ocrx_word' id='word_1_217' title='bbox 255 2377 490 2459; x_wconf 76' lang='lat' dir='ltr'><strong>longior</strong></span> <span class='ocrx_word' id='word_1_218' title='bbox 527 2375 584 2433; x_wconf 87' lang='lat' dir='ltr'><strong>in</strong></span> <span class='ocrx_word' id='word_1_219' title='bbox 627 2375 752 2433; x_wconf 87' lang='lat' dir='ltr'><strong>dies</strong></span> <span class='ocrx_word' id='word_1_220' title='bbox 796 2374 1014 2450; x_wconf 84' lang='lat' dir='ltr'><strong>vigilia.</strong></span> <span class='ocrx_word' id='word_1_221' title='bbox 1092 2376 1353 2434; x_wconf 82' lang='lat' dir='ltr'><strong>Somniat</strong></span> <span class='ocrx_word' id='word_1_222' title='bbox 1383 2375 1571 2434; x_wconf 84' lang='lat' dir='ltr'><strong>statim</strong></span> <span class='ocrx_word' id='word_1_223' title='bbox 1601 2373 1806 2437; x_wconf 69' lang='lat' dir='ltr'><strong>intans.</strong></span> <span class='ocrx_word' id='word_1_224' title='bbox 1872 2391 1998 2432; x_wconf 87' lang='lat' dir='ltr'><strong>nam</strong></span> <span class='ocrx_word' id='word_1_225' title='bbox 2032 2383 2088 2432; x_wconf 88' lang='lat' dir='ltr'><strong>et</strong></span> 
     </span>
     <span class='ocr_line' id='line_1_28' title="bbox 94 2457 2161 2539; baseline -0.002 -19"><span class='ocrx_word' id='word_1_226' title='bbox 94 2480 302 2539; x_wconf 83' lang='lat' dir='ltr'><strong>pavore</strong></span> <span class='ocrx_word' id='word_1_227' title='bbox 341 2460 769 2535; x_wconf 77' lang='lat' dir='ltr'><strong>expergiscitur</strong></span> <span class='ocrx_word' id='word_1_228' title='bbox 804 2467 864 2516; x_wconf 90' lang='lat' dir='ltr'><strong>et</strong></span> <span class='ocrx_word' id='word_1_229' title='bbox 895 2465 1114 2518; x_wconf 83' lang='lat' dir='ltr'><strong>suctum</strong></span> <span class='ocrx_word' id='word_1_230' title='bbox 1143 2459 1411 2518; x_wconf 86' lang='lat' dir='ltr'><strong>imitatur.</strong></span> <span class='ocrx_word' id='word_1_231' title='bbox 1484 2457 1711 2536; x_wconf 84' lang='lat' dir='ltr'><strong>quidam</strong></span> <span class='ocrx_word' id='word_1_232' title='bbox 1751 2474 1896 2516; x_wconf 88' lang='lat' dir='ltr'><strong>vero</strong></span> <span class='ocrx_word' id='word_1_233' title='bbox 1932 2476 2085 2525; x_wconf 76' lang='lat' dir='ltr'><strong>nnm-</strong></span> <span class='ocrx_word' id='word_1_234' title='bbox 2158 2530 2161 2535; x_wconf 28' lang='grc' dir='ltr'>Ι</span> 
     </span>
     <span class='ocr_line' id='line_1_29' title="bbox 97 2541 2085 2623; baseline -0.003 -18"><span class='ocrx_word' id='word_1_235' title='bbox 97 2564 284 2623; x_wconf 87' lang='lat' dir='ltr'><strong>quam,</strong></span> <span class='ocrx_word' id='word_1_236' title='bbox 338 2543 545 2621; x_wconf 87' lang='lat' dir='ltr'><strong>quibus</strong></span> <span class='ocrx_word' id='word_1_237' title='bbox 585 2542 944 2600; x_wconf 81' lang='lat' dir='ltr'><strong>mortiferum</strong></span> <span class='ocrx_word' id='word_1_238' title='bbox 985 2542 1165 2601; x_wconf 83' lang='lat' dir='ltr'><strong>fuisse</strong></span> <span class='ocrx_word' id='word_1_239' title='bbox 1209 2544 1434 2618; x_wconf 87' lang='lat' dir='ltr'><strong>siguum</strong></span> <span class='ocrx_word' id='word_1_240' title='bbox 1479 2549 1680 2601; x_wconf 87' lang='lat' dir='ltr'><strong>contra</strong></span> <span class='ocrx_word' id='word_1_241' title='bbox 1723 2541 2085 2600; x_wconf 85' lang='lat' dir='ltr'><strong>consuetudi-</strong></span> 
     </span>
     <span class='ocr_line' id='line_1_30' title="bbox 94 2625 2089 2703; baseline -0.003 -17"><span class='ocrx_word' id='word_1_242' title='bbox 94 2646 212 2688; x_wconf 86' lang='lat' dir='ltr'><strong>nem</strong></span> <span class='ocrx_word' id='word_1_243' title='bbox 257 2629 542 2687; x_wconf 90' lang='lat' dir='ltr'><strong>somnium</strong></span> <span class='ocrx_word' id='word_1_244' title='bbox 580 2627 902 2684; x_wconf 89' lang='lat' dir='ltr'><strong>invenimus·</strong></span> <span class='ocrx_word' id='word_1_245' title='bbox 932 2626 1219 2703; x_wconf 87' lang='lat' dir='ltr'><strong>exempla.</strong></span> <span class='ocrx_word' id='word_1_246' title='bbox 1276 2625 1518 2702; x_wconf 83' lang='lat' dir='ltr'><strong>Magnus</strong></span> <span class='ocrx_word' id='word_1_247' title='bbox 1564 2625 1658 2683; x_wconf 92' lang='lat' dir='ltr'><strong>hic</strong></span> <span class='ocrx_word' id='word_1_248' title='bbox 1696 2625 1893 2684; x_wconf 84' lang='lat' dir='ltr'><strong>invitat</strong></span> <span class='ocrx_word' id='word_1_249' title='bbox 1924 2626 2089 2686; x_wconf 89' lang='lat' dir='ltr'><strong>locus</strong></span> 
     </span>
     <span class='ocr_line' id='line_1_31' title="bbox 55 2708 2089 2786; baseline -0.003 -15"><span class='ocrx_word' id='word_1_250' title='bbox 55 2723 150 2771; x_wconf 65' lang='lat' dir='ltr'><strong>met</strong></span> <span class='ocrx_word' id='word_1_251' title='bbox 176 2711 423 2773; x_wconf 88' lang='lat' dir='ltr'><strong>diversis</strong></span> <span class='ocrx_word' id='word_1_252' title='bbox 451 2709 708 2769; x_wconf 83' lang='lat' dir='ltr'><strong>refertus·</strong></span> <span class='ocrx_word' id='word_1_253' title='bbox 737 2710 1117 2784; x_wconf 72' lang='lat' dir='ltr'><strong>documentis,</strong></span> <span class='ocrx_word' id='word_1_254' title='bbox 1148 2719 1409 2769; x_wconf 83' lang='lat' dir='ltr'><strong>utrumne</strong></span> <span class='ocrx_word' id='word_1_255' title='bbox 1441 2710 1554 2768; x_wconf 87' lang='lat' dir='ltr'><strong>sint</strong></span> <span class='ocrx_word' id='word_1_256' title='bbox 1582 2708 1770 2786; x_wconf 88' lang='lat' dir='ltr'><strong>aliqua</strong></span> <span class='ocrx_word' id='word_1_257' title='bbox 1802 2708 2089 2786; x_wconf 88' lang='lat' dir='ltr'><strong>praescita</strong></span> 
     </span>
    </p>

    <p class='ocr_par' dir='ltr' id='par_1_4' title="bbox 54 2791 2176 3443">
     <span class='ocr_line' id='line_1_32' title="bbox 99 2791 2088 2874; baseline -0.003 -19"><span class='ocrx_word' id='word_1_258' title='bbox 99 2799 249 2855; x_wconf 81' lang='lat' dir='ltr'><strong>animi</strong></span> <span class='ocrx_word' id='word_1_259' title='bbox 284 2794 666 2874; x_wconf 81' lang='lat' dir='ltr'><strong>quiescentis,</strong></span> <span class='ocrx_word' id='word_1_260' title='bbox 699 2811 809 2870; x_wconf 92' lang='lat' dir='ltr'><strong>qua</strong></span> <span class='ocrx_word' id='word_1_261' title='bbox 843 2792 977 2851; x_wconf 85' lang='lat' dir='ltr'><strong>fiant</strong></span> <span class='ocrx_word' id='word_1_262' title='bbox 1006 2795 1252 2868; x_wconf 78' lang='lat' dir='ltr'><strong>ratione,</strong></span> <span class='ocrx_word' id='word_1_263' title='bbox 1287 2811 1358 2853; x_wconf 82' lang='lat' dir='ltr'><strong>an</strong></span> <span class='ocrx_word' id='word_1_264' title='bbox 1389 2794 1623 2852; x_wconf 72' lang='lat' dir='ltr'><strong>fortuita</strong></span> <span class='ocrx_word' id='word_1_265' title='bbox 1654 2810 1750 2851; x_wconf 88' lang='lat' dir='ltr'><strong>res</strong></span> <span class='ocrx_word' id='word_1_266' title='bbox 1782 2795 1865 2850; x_wconf 88' lang='lat' dir='ltr'><strong>sit</strong></span> <span class='ocrx_word' id='word_1_267' title='bbox 1880 2802 1942 2850; x_wconf 92' lang='lat' dir='ltr'><strong>ut</strong></span> <span class='ocrx_word' id='word_1_268' title='bbox 1965 2791 2088 2868; x_wconf 89' lang='lat' dir='ltr'><strong>ple·</strong></span> 
     </span>
     <span class='ocr_line' id='line_1_33' title="bbox 100 2876 2089 2959; baseline -0.002 -22"><span class='ocrx_word' id='word_1_269' title='bbox 100 2898 286 2959; x_wconf 80' lang='lat' dir='ltr'><strong>raque.</strong></span> <span class='ocrx_word' id='word_1_270' title='bbox 351 2879 412 2937; x_wconf 89' lang='lat' dir='ltr'><strong>Si</strong></span> <span class='ocrx_word' id='word_1_271' title='bbox 445 2877 727 2954; x_wconf 84' lang='lat' dir='ltr'><strong>exemplis</strong></span> <span class='ocrx_word' id='word_1_272' title='bbox 752 2885 976 2952; x_wconf 85' lang='lat' dir='ltr'><strong>agatur,</strong></span> <span class='ocrx_word' id='word_1_273' title='bbox 1008 2877 1281 2953; x_wconf 83' lang='lat' dir='ltr'><strong>profecto</strong></span> <span class='ocrx_word' id='word_1_274' title='bbox 1310 2878 1469 2955; x_wconf 86' lang='lat' dir='ltr'><strong>paria</strong></span> <span class='ocrx_word' id='word_1_275' title='bbox 1501 2876 1653 2936; x_wconf 69' lang='lat' dir='ltr'><strong>fiant.</strong></span> <span class='ocrx_word' id='word_1_276' title='bbox 1722 2876 1775 2934; x_wconf 88' lang='lat' dir='ltr'>A</span> <span class='ocrx_word' id='word_1_277' title='bbox 1805 2877 1937 2934; x_wconf 88' lang='lat' dir='ltr'><strong>vino</strong></span> <span class='ocrx_word' id='word_1_278' title='bbox 1971 2884 2028 2933; x_wconf 88' lang='lat' dir='ltr'><strong>et</strong></span> <span class='ocrx_word' id='word_1_279' title='bbox 2058 2892 2089 2933; x_wconf 87' lang='lat' dir='ltr'><strong>a</strong></span> 
     </span>
     <span class='ocr_line' id='line_1_34' title="bbox 101 2959 2089 3042; baseline -0.004 -20"><span class='ocrx_word' id='word_1_280' title='bbox 101 2964 230 3024; x_wconf 84' lang='lat' dir='ltr'><strong>cibis</strong></span> <span class='ocrx_word' id='word_1_281' title='bbox 257 2979 550 3042; x_wconf 77' lang='lat' dir='ltr'><strong>proxuma</strong></span> <span class='ocrx_word' id='word_1_282' title='bbox 589 2970 761 3038; x_wconf 90' lang='lat' dir='ltr'><strong>atque</strong></span> <span class='ocrx_word' id='word_1_283' title='bbox 807 2961 861 3017; x_wconf 91' lang='lat' dir='ltr'><strong>in</strong></span> <span class='ocrx_word' id='word_1_284' title='bbox 911 2959 1320 3019; x_wconf 90' lang='lat' dir='ltr'><strong>redormitione</strong></span> <span class='ocrx_word' id='word_1_285' title='bbox 1366 2978 1511 3019; x_wconf 89' lang='lat' dir='ltr'><strong>vana</strong></span> <span class='ocrx_word' id='word_1_286' title='bbox 1548 2977 1684 3018; x_wconf 82' lang='lat' dir='ltr'><strong>esse</strong></span> <span class='ocrx_word' id='word_1_287' title='bbox 1712 2962 1870 3034; x_wconf 84' lang='lat' dir='ltr'><strong>visa,</strong></span> <span class='ocrx_word' id='word_1_288' title='bbox 1903 2977 2089 3037; x_wconf 89' lang='lat' dir='ltr'><strong>prope</strong></span> 
     </span>
     <span class='ocr_line' id='line_1_35' title="bbox 103 3044 2089 3121; baseline -0.003 -15"><span class='ocrx_word' id='word_1_289' title='bbox 103 3048 379 3108; x_wconf 89' lang='lat' dir='ltr'><strong>convenit.</strong></span> <span class='ocrx_word' id='word_1_290' title='bbox 417 3053 509 3104; x_wconf 83' lang='lat' dir='ltr'><strong>est</strong></span> <span class='ocrx_word' id='word_1_291' title='bbox 529 3054 720 3103; x_wconf 88' lang='lat' dir='ltr'><strong>autem</strong></span> <span class='ocrx_word' id='word_1_292' title='bbox 749 3061 982 3109; x_wconf 83' lang='lat' dir='ltr'><strong>somnus</strong></span> <span class='ocrx_word' id='word_1_293' title='bbox 1012 3044 1149 3103; x_wconf 89' lang='lat' dir='ltr'><strong>nihil</strong></span> <span class='ocrx_word' id='word_1_294' title='bbox 1183 3044 1336 3103; x_wconf 88' lang='lat' dir='ltr'><strong>aliud</strong></span> <span class='ocrx_word' id='word_1_295' title='bbox 1368 3061 1537 3121; x_wconf 85' lang='lat' dir='ltr'><strong>quam</strong></span> <span class='ocrx_word' id='word_1_296' title='bbox 1564 3044 1729 3102; x_wconf 88' lang='lat' dir='ltr'><strong>animi</strong></span> <span class='ocrx_word' id='word_1_297' title='bbox 1759 3045 1816 3102; x_wconf 88' lang='lat' dir='ltr'><strong>in</strong></span> <span class='ocrx_word' id='word_1_298' title='bbox 1845 3044 2089 3104; x_wconf 86' lang='lat' dir='ltr'><strong>medium</strong></span> 
     </span>
     <span class='ocr_line' id='line_1_36' title="bbox 54 3126 2176 3204; baseline 0 -18"><span class='ocrx_word' id='word_1_299' title='bbox 54 3143 222 3192; x_wconf 69' lang='lat' dir='ltr'><strong>atsese</strong></span> <span class='ocrx_word' id='word_1_300' title='bbox 251 3146 553 3193; x_wconf 82' lang='lat' dir='ltr'><strong>recessus.</strong></span> <span class='ocrx_word' id='word_1_301' title='bbox 605 3128 844 3186; x_wconf 89' lang='lat' dir='ltr'><strong>Praeter</strong></span> <span class='ocrx_word' id='word_1_302' title='bbox 868 3127 1154 3186; x_wconf 86' lang='lat' dir='ltr'><strong>hominem</strong></span> <span class='ocrx_word' id='word_1_303' title='bbox 1184 3128 1473 3189; x_wconf 85' lang='lat' dir='ltr'><strong>somniare</strong></span> <span class='ocrx_word' id='word_1_304' title='bbox 1497 3144 1702 3204; x_wconf 82' lang='lat' dir='ltr'><strong>equos,</strong></span> <span class='ocrx_word' id='word_1_305' title='bbox 1728 3145 1926 3202; x_wconf 81' lang='lat' dir='ltr'><strong>canes,</strong></span> <span class='ocrx_word' id='word_1_306' title='bbox 1956 3126 2057 3186; x_wconf 93' lang='lat' dir='ltr'><strong>bo·</strong></span> <span class='ocrx_word' id='word_1_307' title='bbox 2073 3136 2176 3187; x_wconf 77' lang='lat'><strong>212</strong></span> 
     </span>
     <span class='ocr_line' id='line_1_37' title="bbox 99 3210 2091 3295; baseline -0.001 -23"><span class='ocrx_word' id='word_1_308' title='bbox 99 3233 224 3293; x_wconf 82' lang='lat' dir='ltr'><strong>ves,</strong></span> <span class='ocrx_word' id='word_1_309' title='bbox 252 3230 515 3295; x_wconf 82' lang='lat' dir='ltr'><strong>pecora,</strong></span> <span class='ocrx_word' id='word_1_310' title='bbox 550 3229 790 3289; x_wconf 88' lang='lat' dir='ltr'><strong>capras,</strong></span> <span class='ocrx_word' id='word_1_311' title='bbox 826 3210 1013 3288; x_wconf 87' lang='lat' dir='ltr'><strong>palam</strong></span> <span class='ocrx_word' id='word_1_312' title='bbox 1037 3220 1144 3270; x_wconf 88' lang='lat' dir='ltr'><strong>est.</strong></span> <span class='ocrx_word' id='word_1_313' title='bbox 1207 3211 1281 3271; x_wconf 92' lang='lat' dir='ltr'><strong>ob</strong></span> <span class='ocrx_word' id='word_1_314' title='bbox 1312 3212 1426 3271; x_wconf 86' lang='lat' dir='ltr'><strong>hoc</strong></span> <span class='ocrx_word' id='word_1_315' title='bbox 1462 3210 1713 3270; x_wconf 83' lang='lat' dir='ltr'><strong>creditur</strong></span> <span class='ocrx_word' id='word_1_316' title='bbox 1742 3220 1802 3271; x_wconf 88' lang='lat' dir='ltr'><strong>et</strong></span> <span class='ocrx_word' id='word_1_317' title='bbox 1832 3212 1888 3271; x_wconf 89' lang='lat' dir='ltr'><strong>in</strong></span> <span class='ocrx_word' id='word_1_318' title='bbox 1917 3213 2091 3271; x_wconf 89' lang='lat' dir='ltr'><strong>omni-</strong></span> 
     </span>
     <span class='ocr_line' id='line_1_38' title="bbox 103 3294 2091 3379; baseline -0.002 -23"><span class='ocrx_word' id='word_1_319' title='bbox 103 3297 198 3361; x_wconf 89' lang='lat' dir='ltr'><strong>bus</strong></span> <span class='ocrx_word' id='word_1_320' title='bbox 227 3317 379 3379; x_wconf 89' lang='lat' dir='ltr'><strong>quae</strong></span> <span class='ocrx_word' id='word_1_321' title='bbox 422 3294 629 3354; x_wconf 90' lang='lat' dir='ltr'><strong>animal</strong></span> <span class='ocrx_word' id='word_1_322' title='bbox 672 3296 913 3372; x_wconf 85' lang='lat' dir='ltr'><strong>pariant.</strong></span> <span class='ocrx_word' id='word_1_323' title='bbox 978 3296 1051 3354; x_wconf 91' lang='lat' dir='ltr'><strong>de</strong></span> <span class='ocrx_word' id='word_1_324' title='bbox 1087 3297 1160 3354; x_wconf 89' lang='lat' dir='ltr'><strong>iis</strong></span> <span class='ocrx_word' id='word_1_325' title='bbox 1193 3313 1343 3377; x_wconf 88' lang='lat' dir='ltr'><strong>quae</strong></span> <span class='ocrx_word' id='word_1_326' title='bbox 1381 3313 1493 3354; x_wconf 83' lang='lat' dir='ltr'><strong>ova</strong></span> <span class='ocrx_word' id='word_1_327' title='bbox 1535 3295 1774 3371; x_wconf 78' lang='lat' dir='ltr'><strong>gignunt</strong></span> <span class='ocrx_word' id='word_1_328' title='bbox 1815 3297 2091 3355; x_wconf 88' lang='lat' dir='ltr'><strong>incertum</strong></span> 
     </span>
     <span class='ocr_line' id='line_1_39' title="bbox 107 3378 2089 3458; baseline -0.002 -17"><span class='ocrx_word' id='word_1_329' title='bbox 107 3393 212 3458; x_wconf 86' lang='lat' dir='ltr'><strong>est,</strong></span> <span class='ocrx_word' id='word_1_330' title='bbox 257 3383 364 3443; x_wconf 88' lang='lat' dir='ltr'><strong>sed</strong></span> <span class='ocrx_word' id='word_1_331' title='bbox 399 3381 650 3439; x_wconf 86' lang='lat' dir='ltr'><strong>dormire</strong></span> <span class='ocrx_word' id='word_1_332' title='bbox 682 3396 749 3437; x_wconf 87' lang='lat' dir='ltr'><strong>ea</strong></span> <span class='ocrx_word' id='word_1_333' title='bbox 788 3388 1024 3438; x_wconf 87' lang='lat' dir='ltr'><strong>certum.</strong></span> <span class='ocrx_word' id='word_1_334' title='bbox 1084 3378 1301 3438; x_wconf 87' lang='lat' dir='ltr'><strong>Verum</strong></span> <span class='ocrx_word' id='word_1_335' title='bbox 1341 3380 1413 3439; x_wconf 91' lang='lat' dir='ltr'><strong>ad</strong></span> <span class='ocrx_word' id='word_1_336' title='bbox 1452 3381 1679 3439; x_wconf 87' lang='lat' dir='ltr'><strong>insecta</strong></span> <span class='ocrx_word' id='word_1_337' title='bbox 1717 3389 2089 3440; x_wconf 90' lang='lat' dir='ltr'><strong>transeamus.</strong></span> 
     </span>
    </p>
   </div>
   <div class='ocr_carea' id='block_1_3' title="bbox 887 3493 1295 3501">
    <p class='ocr_par' dir='ltr' id='par_1_5' title="bbox 887 3493 1295 3501">
     <span class='ocr_line' id='line_1_40' title="bbox 887 3493 1295 3501; baseline 0 0"><span class='ocrx_word' id='word_1_338' title='bbox 887 3493 1295 3501; x_wconf 95' lang='lat' dir='ltr'><strong> </strong></span> 
     </span>
    </p>
   </div>
  </div>
 </body>
</html>
