2320 3650
677 98 838 148 ΝΜ.Ὶ
871 94 1150 147 nmium.
1196 93 1282 147 32.
1315 42 1620 166 (tto—445
2029 84 2150 147 215
2231 90 2234 91 ’

335 253 502 333 (43.)
548 251 713 319 Nunc
737 255 960 332 reliqua
988 256 1051 314 in
1069 271 1191 315 ora.
1238 254 1270 317 a
1287 253 1391 314 Cio
1414 257 1564 314 intus
1585 254 1644 313 in
1667 252 2119 328 Bithynia'Prusa
2135 260 2237 317 148

164 337 240 399 ab
262 337 579 398 Hannibale
602 336 707 396 sub
733 337 980 416 Olympo
1013 340 1263 399 condita.
1306 339 1438 398 inde
1454 337 1734 398 Nicaeam
1756 335 1917 397 XXV
1939 336 1999 396 M
2022 355 2151 416 pas-

163 423 767 482 suum-*interveniente
789 421 1041 482 Ascanio
1067 421 1215 482 lacu.
1275 421 1407 482 dein
1427 421 1644 482 Nicaea
1666 423 1723 483 in
1752 420 1947 481 ultimo
1973 420 2152 480 Asca-

161 507 260 566 nio
283 507 429 582 sinu,
466 506 809 584 quaeprius
833 503 999 565 Olbia
1018 550 1036 579 ,
1078 515 1134 566 et
1156 506 1404 566 PrusiaS.
1456 507 1593 565 item
1623 505 1804 565 altera
1834 504 1940 564 sub
1962 503 2150 583 Hypio

118 598 383 653 smonte.
426 588 594 648 fuere
618 588 980 667 Pythopolis,
1007 588 1469 667 Parthenopolis,
1507 587 1896 667 Coryphanta.
1941 589 2151 647 suntin
2226 631 2241 647 .

163 690 267 732 ora
296 691 491 732 amnes
520 670 752 746 Aesius,
788 672 1070 747 Bryazon,
1106 672 1433 748 Plataneus,
1459 673 1669 748 Areus,
1693 672 1977 747 Aesyros,
2004 669 2154 747 Geo-

161 757 269 816 dos
305 757 401 835 qui
434 764 493 814 et
519 754 1409 834 Chrysorroas,‘promontorium
1439 758 1495 815 in
1526 774 1639 835 quo
1662 755 1958 833 Megarice
1989 757 2152 833 oppi-

71 911 95 922 ο
162 841 294 900 dum
315 840 437 899 fuit.
481 839 632 898 unde
658 838 1036 917 Craspedites
1064 841 1222 899 sinus
1247 840 1580 916 vocabatur,
1608 842 1871 920 quoniam
1898 839 1955 899 id
1986 839 2149 917 oppi-

164 924 297 983 dum
327 923 488 982 velut
524 923 580 981 in
616 922 827 983 lacinia
871 932 1011 1003 erat.
1070 924 1177 986 fuit
1212 933 1269 984 et
1310 924 1619 1000 Astacum,
1666 924 1818 984 unde
1861 931 1918 983 et
1961 941 2037 982 ex
2079 939 2150 981 eo

52 1040 61 1045 -
89 1024 145 1065 ιο
163 1005 488 1067 Astacenus
518 1006 670 1066 idem
698 1008 874 1066 sinus.
925 1007 1031 1069 fuit
1062 1017 1121 1067 et
1140 1007 1382 1083 Libyssa
1404 1007 1677 1087 oppidum
1710 1007 1803 1067 ubi
1832 1025 1981 1067 nunc
2002 1005 2149 1067 Han·

162 1090 369 1151 nibalis
398 1099 612 1167 tantum
647 1090 914 1164 tumuluS.
964 1101 1053 1151 est
1082 1093 1138 1150 in
1165 1093 1376 1151 intumo
1412 1095 1536 1152 sinu
1561 1090 1898 1152 Nicomedia
1927 1090 2235 1165 Bithy-149

161 1175 293 1235 niae
323 1173 640 1253 praeclara.
669 1238 673 1243 ,
728 1173 1008 1234 Leucatas
1034 1176 1482 1251 promontorium
1522 1175 1962 1253 quoincluditur
1982 1173 2151 1233 Asta-

100 1328 107 1333 ,
164 1275 342 1317 oenus
367 1259 524 1316 sinus
549 1276 581 1318 a
601 1256 940 1318 Nicomedia
972 1257 1245 1318 XXXVII
1263 1256 1335 1317 M
1358 1258 1431 1333 D,
1465 1276 1780 1337 rursusque
1814 1257 2152 1318 coeuntibus

163 1341 335 1401 terris
382 1342 681 1417 angustiae
728 1342 1082 1418 pertinentes
1110 1359 1318 1419 usque
1360 1342 1431 1402 ad
1473 1341 1795 1420 Bosporum
1830 1342 2148 1401 Thracium.

90 1447 147 1488 15
167 1425 226 1491 in
256 1425 326 1484 iis
346 1422 693 1484 Chalcedon
721 1424 904 1485 libera
936 1443 969 1485 a
990 1423 1327 1486 Nicomedia
1351 1424 1502 1484 LXII
1524 1425 1580 1490 D
1597 1470 1613 1501 ,
1638 1425 1994 1485 Procerastis
2022 1434 2153 1484 ante

162 1508 349 1580 dicta,
384 1508 539 1567 .dein
573 1505 865 1587 Colpusa,
912 1518 1118 1587 postea
1153 1506 1475 1569 Caecorum
1510 1510 1817 1587 oppidum,
1842 1508 2021 1586 *quod
2066 1509 2150 1569 lo-

161 1610 292 1652 cum
336 1591 559 1668 eligere
607 1593 964 1668 nescissent,
1011 1591 1119 1652 VII
1156 1593 1355 1659 stadiis
1391 1593 1634 1652 distante
1673 1593 1945 1668 Byzantio
1996 1601 2152 1654 tanto

159 1675 427 1736 feliciore
459 1675 938 1738 omnibusmodis
979 1676 1141 1736 sede:
1211 1685 1467 1743 ceterum
1497 1679 1649 1736 intus
1684 1679 1739 1742 in
1757 1676 2019 1752 Bithynia
2055 1694 2152 1735 co·

162 1760 317 1819 Ionia
338 1757 657 1838 Apamena,
681 1756 1520 1841 Agrippenses,1uliopolitae,
1556 1759 1877 1836 Bithynion.
1929 1761 2154 1822 flumina

86 1859 144 1900 20
164 1844 412 1919 Syrium,
426 1843 697 1922 LaphiaS,
721 1843 1085 1922 Pharnacias,
1103 1844 1309 1919 Alces,
1338 1847 1579 1921 Serinis,
1602 1846 1854 1921 Lilaeus,
1882 1846 2152 1923 Scopius,

161 1927 494 2004 Hierosqui
515 1926 835 2003 Bithyniam
870 1938 927 1988 et
951 1928 1229 1990 Galatiam
1249 1928 1635 2006 disterminat.
1685 1929 1858 1990 ‘Ultra
1880 1927 2121 1989 Chalce-
2138 1940 2239 1991 150

163 2011 313 2071 dona
337 2009 720 2089 Chrysopolis
741 2010 863 2071 fuit.
911 2012 1051 2073 dein«
1066 2010 1391 2091 Nicopolis,
1418 2033 1450 2073 a
1475 2031 1583 2092 qua
1613 2027 1821 2073 nomen
1852 2016 2153 2075 etiamnum

161 2096 320 2154 sinus
357 2097 568 2154 retinet
597 2096 653 2154 in
688 2112 802 2174 quo
827 2104 1029 2173 portus
1049 2095 1273 2170 Amyci.
1344 2097 1482 2156 dein¹
1496 2096 1854 2157 Naulochum
1886 2113 2152 2175 promon-

163 2179 400 2252 torium,
444 2177 674 2254 Estiae,
712 2178 988 2257 templum
1009 2178 1280 2256 Neptuni.
1366 2178 1666 2259 Bosporus
1692 2180 1742 2239 D
1772 2199 2042 2258 passuum
2071 2181 2153 2239 in·

89 2262 411 2324 mervallo
435 2262 630 2322 Asiam
670 2262 943 2344 Europae
973 2263 1177 2322 iterum
1204 2263 1490 2323 auferens
1509 2264 1676 2324 abest
1706 2282 1739 2324 a
1781 2261 2153 2325 Chalcedone

160 2344 271 2408 XII
299 2343 358 2404 M
389 2344 439 2404 D
477 2363 777 2423 passuum.
862 2346 994 2406 inde
1025 2346 1231 2407 fauces
1265 2347 1482 2424 primae
1519 2346 1652 2406 VIII
1686 2346 1744 2406 M
1779 2345 1977 2407 DCCL
2024 2366 2152 2425 pas·

161 2443 357 2502 suum,
406 2428 504 2487 ubi
548 2429 881 2507 Spiropolis
924 2429 1200 2508 oppidum
1242 2429 1367 2490 fuit.
1456 2430 1681 2494 Tenent
1726 2449 1885 2491 oram
1930 2447 2155 2490 omnem

163 2511 382 2587 Thyni,
426 2513 707 2574 interiora
747 2513 992 2588 Bithyni.
1082 2512 1138 2572 Is
1182 2513 1309 2573 linis
1331 2514 1518 2573 -Asiae
1562 2524 1653 2574 est
1693 2514 2152 2594 populorumque

162 2593 526 2655 CCLXXXII
572 2598 669 2674 qui
720 2596 793 2658 ad
845 2615 973 2657 eum
1025 2596 1220 2657 locum
1261 2617 1292 2658 a
1338 2598 1460 2657 sinu
1507 2598 1719 2672 Lyciae
1769 2608 2150 2660 numerantur.

88 2680 421 2756 aoSpatium
470 2678 835 2757 Hellesponti
868 2691 928 2742 et
971 2680 1339 2758 Propontidis
1379 2681 1453 2743 ad
1496 2681 1819 2759 Bosporum
1851 2681 2153 2742 Thracium

160 2779 296 2821 esse
322 2758 746 2824 CCXXXVIIII
767 2763 826 2824 M
849 2782 1015 2843 pass.
1031 2764 1294 2824 diximus.
1309 2783 1368 2825 :a
1384 2761 1755 2826 Chalcedone
1779 2766 2015 2841 Sigeum
2036 2763 2138 2823 Isi·
2153 2788 2237 2829 me

158 2845 338 2905 dorus
369 2843 687 2907 CCCXXII
712 2843 770 2907 M
792 2847 843 2908 D
872 2857 1030 2927 pass.
1068 2849 1260 2909 tradit.

320 2929 495 3008 (44.)
551 2929 778 2992 Insulae
807 2933 864 2991 in
896 2932 1247 3010 Propontide
1283 2942 1413 2993 ante
1452 2931 1723 3007 Cyzicum
1756 2930 2120 3010 Elaphonne·
2138 2941 2235 2993 151

158 3030 282 3086 sus,
325 3012 473 3073 unde
512 3011 864 3087 Cyzicenum
889 3033 1158 3091 marmor,
1205 3016 1408 3076 eadem
1429 3015 1637 3076 Neuris
1670 3024 1738 3075 et
1751 3015 2153 3075 Proconnesus

89 3095 334 3158 ssdicta.
402 3106 693 3157 secuntur
742 3096 1067 3176 Ophiussa,
1124 3100 1454 3174 AcanthuS,
1512 3100 1782 3172 Phoebe,
1839 3097 2149 3178 Scopelos,

159 3178 584 3256 Porphyrione,
625 3180 849 3242 Halone
880 3200 1006 3242 cum
1028 3184 1276 3261 oppido,
1309 3182 1654 3260 Delphacie,
1687 3182 1995 3258 Polydora,
2040 3183 2152 3242 Ar=

157 3271 406 3323 tacaeon
440 3265 827 3342 cum-oppido.
900 3275 990 3326 est
1013 3274 1296 3326 etcontra
1319 3266 1710 3327 Nicomediam
1729 3263 2151 3339 Demonnesos,

158 3347 295 3406 item
325 3345 475 3408 ultra
497 3346 839 3409 Heracleam
863 3348 1426 3424 adversa·Bithyniae
1450 3348 1698 3426 Thynias
1728 3368 1897 3430 quam
1925 3348 2153 3411 barbari
