2320 3650
491 145 496 180 r
549 134 709 182 rur.
741 133 922 183 ms‘r.
954 133 1085 182 1111.
1130 129 1338 184 8--11-
1377 120 1685 199 (15—18.)
1986 118 2102 181 163

99 291 323 363 xelon,
371 286 655 366 Mendae,
706 297 765 349 et
797 290 853 349 in
882 287 1209 349 Pallenensi
1252 286 1458 347 isthmo
1492 281 1776 364 quondam
1808 285 2104 363 Potidaea,

102 392 257 435 nunc
282 370 653 433 Cassandrea
679 373 930 449 colonia,
955 370 1294 446 Anthemus,
1327 369 1690 449 Olophyxus,
1723 372 1880 431 sinus
1911 370 2106 447 Mecy-

99 453 294 530 berna
317 502 337 533 ,
385 457 601 537 oppida
630 455 929 531 Miscella,
968 455 1290 534 Ampelos,
1323 454 1586 531 Torone,
1623 455 1870 533 Singos,
1907 455 2195 518 fretum-‘37

109 561 226 623 qno
260 550 522 601 montem
563 540 717 600 Atho
760 539 988 601 Xerxes
1030 539 1334 600 Persarum
1371 557 1480 622 rex
1518 540 1827 600 continenti
1871 539 2117 600 abscidit
2182 557 2185 562 ·

66 630 162 688 sin
191 624 563 703 longitudine
605 641 875 703 passuum
920 623 1052 684 MD.
1113 639 1282 682 mons
1326 624 1456 702 ipse
1500 641 1533 682 a
1574 622 1811 701 planitie
1861 624 2116 683 excurrit

105 714 168 773 in.
187 728 358 771 mare
389 707 602 768 LXXV
642 708 759 767 mil.
787 726 985 787 pass,
1018 705 1262 787 ambitus
1300 707 1509 768 radicis
1544 705 1635 768 CL
1668 708 1823 767 milia
1865 707 2110 784 colligit.

103 794 392 876 oppidum
422 794 481 851 in
525 793 820 854 cacumine
854 792 958 852 fuit
987 791 1365 867 Acrothoon,
1400 809 1550 851 nunc
1580 801 1709 851 sunt
1738 790 2114 869 Uranopolis,

104 877 552 949 Palaehorium,
594 874 884 955 Thyssus,
942 873 1199 936 Cleonae
1218 920 1236 951 ,
1292 875 1607 953 Apollonia
1666 876 1827 936 cuius
1887 874 2115 935 incolae

105 961 399 1024 Macrobii
427 961 919 1037 cognominantur.
968 960 1243 1039 oppidum
1263 957 1532 1036 Cassera,
1556 959 1874 1038 faucesque
1898 960 2115 1020 alterae
2131 966 2200 1021 38

46 1063 93 1104 ιο
109 1047 327 1122 isthmi,
366 1043 688 1122 Acanthus,
724 1045 975 1122 Stagira,
1007 1043 1272 1119 Sithone,
1303 1041 1623 1120 Heraclea,
1662 1042 1720 1104 et
1748 1044 1916 1122 reg-io
1952 1042 2113 1120 Myg-

109 1131 324 1193 doniae
358 1127 671 1188 subiacens
701 1128 757 1188 in
801 1145 912 1206 qua
949 1128 1298 1188 recedentes
1341 1144 1374 1187 a
1403 1129 1545 1187 mari
1574 1128 1922 1208 Apollonia,
1967 1127 2115 1187 Are·

106 1216 299 1277 thusa.
359 1213 418 1271 in
450 1229 553 1271 ora
582 1230 779 1271 rursus
803 1212 1093 1273 Posidium
1128 1220 1188 1271 et
1216 1211 1372 1272 sinus
1405 1230 1531 1271 cum
1562 1213 1777 1292 oppido
1811 1211 2118 1290 Cermoro,

111 1297 492 1377 Amphipolis
520 1296 793 1373 liberum,
825 1294 1276 1373 gensBisaltae.
1343 1296 1476 1355 dein
1514 1294 1893 1366 Macedoniae
1926 1297 2119 1356 termi-

111 1402 220 1444 nus
251 1383 441 1443 amnis
477 1380 705 1455 Strymo
744 1390 903 1440 ortus
948 1381 1006 1439 in
1032 1377 1285 1449 Haemo.
1348 1379 1774 1440 memorandum
1803 1384 1861 1441 in
1893 1390 2118 1458 septem

45 1481 98 1525 is
118 1467 282 1529 lacus
314 1482 450 1537 eum
482 1463 640 1524 fundi
684 1465 1014 1542 priusquam
1047 1463 1259 1542 dirigat
1305 1481 1551 1524 cursum.
1612 1462 1772 1524 Haec
1809 1473 1899 1524 est
1927 1464 2202 1526 Mace-39

111 1550 284 1614 donia
332 1559 620 1610 terrarum
649 1549 893 1625 imperio
928 1549 1107 1627 potita
1137 1546 1455 1644 quondam,
1485 1548 1634 1608 haec
1662 1547 1884 1624 Asiam,
1915 1548 2117 1607 Arme-

113 1636 285 1712 niam,
317 1632 607 1709 neriam,
639 1630 961 1709 Albaniam,
998 1627 1454 1711 Cappadociam,-
1487 1632 1732 1709 Syriam,
1766 1633 2119 1711 Aegyptum,

117 1715 394 1793 Taurum,
426 1714 753 1776 Caucasum
791 1713 1178 1793 transgressa,
1210 1715 1359 1776 haec
1385 1717 1443 1776 in
1475 1715 1719 1791 Bactris,
1748 1713 1954 1792 Medis,
1981 1714 2118 1774 Per·

113 1804 197 1867 οἱὸ
229 1802 526 1865 dominata
556 1808 680 1860 toto
713 1801 940 1862 oriente
969 1817 1276 1880 possesso,
1310 1799 1460 1862 haec
1490 1802 1658 1867 etiam
1682 1798 1879 1863 Indiae
1909 1800 2121 1861 victrix

45 1903 229 1969 seper
259 1886 517 1963 vestigia
543 1883 735 1945 Liberi
764 1884 948 1947 Patris
979 1895 1152 1963 atque
1182 1883 1450 1946 Herculis
1475 1893 1705 1965 vagata,
1737 1887 1887 1948 haec
1916 1884 2122 1946 eadem

115 1980 213 2035 est
223 1969 576 2032 Macedonia
607 1970 769 2029 cuius
793 1986 906 2029 uno
930 1971 1025 2031 die
1044 1969 1257 2029 Paulus
1279 1969 1560 2030 Aemilius
1582 1971 1900 2049 imperator
1920 1977 2121 2029 noster

115 2050 332 2123 mu
379 2054 540 2114 urbis
590 2052 844 2132 direptas
887 2052 1160 2115 vendidit.
1241 2060 1453 2114 tantam
1503 2053 1884 2115 differentiam
1944 2053 2120 2113 sortis

267 2139 478 2200 stitere
508 2137 622 2197 duo
663 2137 943 2198 homines.
2104 2192 2109 2199 .

159 2256 172 2273 .
247 2222 350 2283 11.
402 2219 597 2300 (18.)
648 2220 893 2282 Threcia
923 2224 1215 2300 sequitur,
1258 2222 1410 2282 inter
1436 2221 1817 2292 validissimas
1847 2219 2205 2299 Europae-10

45 2307 335 2387 agentis,
369 2306 426 2364 in
450 2306 756 2382 strategias
786 2304 830 2365 L
859 2307 1059 2369 divisa.
1117 2306 1469 2384 Populorum
1492 2308 1616 2365 eius
1648 2324 1796 2384 quos
1820 2305 2121 2364 nominare

117 2393 474 2470 nont-pigeat
512 2406 731 2449 amnem
761 2390 1122 2465 Strymonem
1170 2391 1445 2452 adcolunt
1490 2391 1699 2451 dextro
1746 2390 1932 2451 latere
1964 2388 2119 2448 Den-

117 2470 354 2541 uelletne
375 2482 439 2535 ”et
466 2471 621 2534 Medi
650 2473 720 2532 ad
750 2473 995 2533 Bisaltas
1026 2493 1213 2553 usque
1244 2492 1418 2552 supra
1446 2474 1658 2552 dictos,
1688 2477 1859 2536 laevo
1885 2473 2119 2550 Digerri
2139 2490 2186 2524 ³⁸

119 2558 555 2635 Remorumque
586 2556 760 2616 multa
789 2559 1013 2617 nomina
1045 2558 1117 2619 ad
1166 2556 1412 2618 Mestum
1455 2572 1675 2619 amnem
1710 2561 1827 2619 ima
1869 2558 2123 2634 Pangaei

120 2636 331 2715 fflti's
364 2641 708 2703 ambientem
734 2641 884 2700 inter
912 2641 1177 2718 HaletoS,
1213 2641 1561 2720 DiobessOS,
1598 2642 1955 2717 Carbilesos,
1987 2642 2120 2700 inde

52 2724 364 2805 sem,
388 2725 676 2804 Sapaeos,
702 2723 1073 2786 Odomantes.
1121 2724 1472 2802 Odrysarum
1495 2744 1640 2804 gens
1667 2727 1850 2786 fundit
1869 2724 2122 2786 Hebrum

121 2806 528 2893 &colentibus
563 2807 891 2893 Cabyletis,
924 2809 1270 2888 PyrogeriS,
1301 2809 1619 2887 Drugeris,
1665 2808 1930 2870 Caenici‘s
1951 2853 1969 2884 ,
2003 2807 2117 2883 Hy-

123 2892 367 2976 mnis,
397 2891 608 2968 Benis,
643 2889 929 2972 Corpilis,
971 2894 1269 2970 Bottiaeis,
1313 2893 1554 2955 Edonis·
1624 2894 2025 2954 Eodemsunt
2063 2893 2120 2950 in
2137 2899 2204 2953 41

177 2998 180 2999 ⁷
335 2977 620 3052 Staletae,
643 2976 929 3053 Priantae,
955 2977 1280 3054 Doloncae,
1306 2977 1512 3055 Thyni,
1541 2976 1841 3038 Celaletae
1869 2977 2119 3036 maiores

153 3126 156 3127 ⁷
205 3128 208 3129 ⁷
251 3062 266 3135 J
321 3124 326 3131 ‚
350 3107 382 3139 ‚.‚
399 3063 653 3121 minores
683 3059 1005 3140 Rhodopae
1031 3062 1262 3123 subditi.
1318 3063 1468 3122 inter
1497 3079 1643 3140 quos
1666 3062 1892 3122 Hebrus
1917 3063 2119 3137 amnis,

111 3206 114 3207 γ
241 3147 405 3221 ‘idum
446 3144 560 3205 sub
584 3143 873 3223 Rhodope
905 3144 1289 3225 Poneropolis
1337 3156 1537 3222 antea,
1579 3152 1714 3206 mox
1753 3165 1789 3206 a
1819 3148 2119 3207 conditore

329 3246 334 3247 ⁷
396 3229 572 3310 polis,
601 3246 753 3295 nunc
791 3247 823 3288 a
853 3229 963 3289 situ
994 3230 1363 3290 Trimontium
1393 3231 1563 3290 dicta.
1635 3230 1834 3291 Haemi
1865 3231 2119 3291 excelsi-

123 3312 226 3379 ἱῦ
257 3358 258 3363 1
313 3380 320 3387 ,
353 3312 473 3374 mil.
506 3331 666 3392 pass.
709 3311 946 3373 subitur.
1011 3314 1235 3374 Aversa
1281 3312 1506 3373 eius‘et
1534 3316 1590 3374 in
1618 3313 1868 3375 Histrum
1896 3317 2119 3376 devexa

127 3388 372 3476 Res&
387 3396 605 3474 Getae,
639 3395 811 3474 Aodi,
832 3398 1147 3476 Scaugdae
1180 3396 1556 3475 Clariaeque,
1591 3409 1649 3459 et
1679 3398 1795 3517 sub*
1813 3400 1882 3459 iis
1914 3398 2120 3457 Arraei
