2320 3650
540 177 704 224 NAT.
736 177 919 224 ms‘r.
953 178 1021 224 x.
1068 174 1311 227 23—29.
1350 167 1661 245 (33—41.)
1978 170 2096 232 133

99 341 223 409 tam,
266 342 350 392 ut·
371 333 491 392 lino
537 334 607 393 ad
643 332 855 410 pedem
895 333 1019 391 eius
1052 332 1307 409 adligato
1340 334 1507 393 nodis
1533 335 1890 412 significaret
1919 348 2098 418 quoto

101 418 182 477 die
212 418 557 477 adveniente
588 417 801 477 auxilio
836 418 1062 496 eruptio
1097 418 1223 476 fieri
1249 417 1513 477 deberet.

216 502 386 580 (35.)
436 501 669 560 Abeunt
712 511 769 560 et
808 501 1068 561 merulae
1101 502 1369 580 turdique
1412 512 1471 562 et
1513 505 1691 563 sturni
1736 506 1905 565 simili
1933 506 2184 580 modo72

101 587 148 644 in
172 588 376 646 vicina.
444 585 548 644 sed
591 586 648 644 hi
671 584 929 663 plumam
959 603 1072 644 non
1105 587 1394 662 amittunt,
1432 605 1544 647 nce
1579 589 2104 666 occultantur‚‘visi

68 687 269 748 5saepe
302 669 382 729 ibi
416 688 532 747 quo
565 670 868 730 hibernum
900 669 1171 747 pabulum
1200 680 1421 748 petunt.
1482 674 1676 750 itaque
1711 675 1765 732 in
1802 672 2104 737 Germania

98 753 272 813 hieme
302 773 568 814 maxume
602 753 750 813 turdi
784 762 1112 828 cernuntur.
1155 756 1352 814 verius
1382 765 1566 815 turtur
1600 757 1945 834 occultatur,
1979 761 2101 837 pin·

98 856 303 916 uaeque
338 840 560 899 amittit.
623 838 835 898 abeunt
868 848 927 902 et
971 838 1292 917 palumbes,
1360 857 1607 917 quonam
1636 851 1694 901 et
1724 843 1779 900 in
1810 842 1880 900 iis
1913 843 2102 903 incer-

98 930 218 985 tum.
278 924 619 983 Sturnorum
662 923 867 1000 generi
913 924 1212 1002 proprium
1251 926 1587 998 catervatim
1633 926 1836 985 volare
1871 936 1930 997 et
1960 937 2188 1006 quo-73

101 1006 212 1065 dam
241 1008 398 1087 pilae
433 1008 577 1067 orbe
616 1009 929 1085 circumagi
973 1008 1234 1067 omnibus
1270 1010 1325 1066 in
1357 1010 1607 1069 medium
1632 1011 1840 1087 agmen
1861 1012 2101 1072 tenden-

67 1090 268 1152 atibus..
330 1093 636 1152 volucrum
661 1093 793 1152 ‘soli
846 1092 1130 1153 hirundini
1181 1092 1429 1173 flexuosi
1465 1094 1695 1153 volatus
1729 1095 1910 1156 velox
1944 1096 2100 1158 cele-

101 1175 242 1251 ritas,
280 1176 490 1254 quibus
524 1195 598 1236 ex
630 1179 822 1235 causis
867 1193 1058 1255 neque
1112 1177 1350 1254 rapinae
1385 1187 1713 1238 ceterarum
1754 1178 1950 1240 alitum
1996 1180 2097 1240 ob-

99 1261 253 1319 noxia
285 1270 396 1323 est.
466 1267 535 1321 ea
567 1260 793 1320 demum
825 1261 951 1326 sola
985 1261 1174 1330 avium
1214 1262 1440 1319 nonnisi
1476 1262 1532 1319 in
1561 1264 1761 1322 volatu
1785 1266 2059 1342 pascitur.

204 1344 302 1404 25.
355 1345 527 1424 (36.)
588 1344 931 1424 Temporum
983 1363 1190 1421 magna
1231 1344 1557 1405 differentia
1600 1346 1832 1406 avibus:
1894 1366 2103 1427 peren·

100 1445 219 1503 nes,
254 1439 315 1488 ut
345 1429 678 1505 columbae,
713 1438 1065 1503 semestreS‚
1111 1440 1172 1488 ut
1218 1428 1573 1505 hirundines,
1621 1432 1942 1499 trimestres
1965 1477 1999 1507 ‚¹
2043 1441 2105 1491 ut

63 1519 88 1558 ὦ
103 1514 254 1590 turdi,
289 1516 549 1573 turtures
580 1523 639 1573 et
670 1533 843 1593 quae,
882 1532 1008 1573 cum
1041 1514 1219 1574 fetum
1249 1513 1541 1589 eduxere,
1590 1512 1835 1590 abeunt,
1887 1525 1949 1574 ut
1978 1516 2101 1593 gal-

102 1597 224 1671 guli‚
257 1616 512 1682 upupae.

209 1680 307 1742 26.
349 1682 521 1761 (37.)
568 1682 858 1744 Auctores
902 1690 1032 1746 sunt
1078 1683 1342 1745 omnibus
1389 1683 1550 1743 annis
1607 1682 1884 1748 advolare
1936 1682 2097 1742 Ilium
2119 1692 2186 1747 74

104 1781 166 1822 ex
192 1765 500 1845 Aethiopia
534 1768 655 1828 avis
693 1775 751 1828 et
787 1767 1109 1845 confligere
1156 1768 1227 1830 ad
1257 1767 1579 1829 Memnonis
1614 1767 1909 1842 tumulum,
1962 1785 2103 1846 quas

105 1847 246 1911 ob-id
269 1851 672 1912 Memnonidas
707 1861 941 1911 vocant.
998 1852 1113 1912 hoc
1149 1853 1303 1915 idem
1336 1855 1534 1932 quinto
1575 1870 1807 1930 quoque
1842 1869 1989 1912 anno
2018 1854 2101 1912 fa-

62 1942 91 1981 20
106 1949 225 1994 cere
256 1955 359 1997 eas
392 1938 451 1996 in
480 1935 793 2015 Aethiopia
827 1937 982 1996 circa
1005 1939 1229 2014 regiam
1250 1938 1572 1998 Memnonis
1602 1938 1966 2016 exploratum
1991 1937 2103 1998 sibi

105 2013 407 2080 Cremutius
438 2021 629 2082 tradit.
1592 2046 1597 2051 ·

207 2103 371 2186 (38.)
405 2105 588 2164 Simili
603 2104 777 2166 modo
800 2114 1054 2183 pugnant
1076 2105 1471 2183 Meleagrides
1489 2106 1546 2164 in
1567 2105 1830 2166 Boeotia.
1865 2104 2103 2164 Africae

104 2182 199 2247 hoc
238 2199 326 2248 est
368 2190 715 2267 gallinarum
756 2208 942 2267 genus
984 2190 1324 2266 gibberum‚
1364 2191 1540 2250 variis
1574 2207 1839 2268 sparsum
1870 2189 2100 2266 plumis.

106 2285 235 2344 quae
256 2277 610 2333 novissimae
643 2283 773 2333 sunt
803 2275 1240 2351 peregrinarum
1267 2275 1454 2334 avium
1487 2274 1542 2331 in
1568 2286 1799 2332 mensas
1823 2281 2103 2349 receptae

62 2354 91 2395 ³5
104 2368 323 2494 propter
353 2360 641 2435 ingratum
673 2359 852 2423 virus,
913 2376 1114 2417 verum
1145 2357 1432 2435 Meleagri
1456 2357 1722 2421 ,tumulus
1753 2354 1966 2414 nobilis
1992 2364 2104 2415 ⁴evas

126 2441 241 2501 ecit.

139 2554 146 2557 Ἰ
211 2525 307 2586 27.
355 2526 528 2604 (39.)
566 2526 912 2587 Seleucides
945 2545 1087 2586 aves
1113 2534 1394 2586 vocantur
1425 2542 1661 2603 quarum
1693 2525 1999 2584 adventum
2026 2521 2096 2582 ab
2120 2530 2183 2586 75

105 2602 227 2666 love
256 2610 535 2689 precibus
577 2612 867 2689 inpetrant
915 2608 1117 2671 Cadmi
1153 2612 1361 2670 montis
1397 2609 1628 2669 incolae
1658 2609 1862 2685 fruges
1898 2624 2099 2667 eorum

108 2687 327 2754 locustis
356 2695 734 2755 vastantibus.
811 2714 923 2755 nec
946 2696 1098 2755 unde
1120 2696 1352 2755 veniant
1378 2710 1570 2772 quove
1607 2692 1819 2753 abeant
1857 2707 2101 2769 conper-

62 2778 94 2818 ³⁰
110 2779 227 2851 tum,
258 2797 561 2858 numquam
586 2781 921 2858 conspectis
952 2781 1061 2838 nisi
1093 2797 1222 2839 cum
1245 2779 1538 2858 praesidio
1570 2795 1770 2838 earum
1794 2776 2101 2851 indigetur.

218 2860 312 2923 28.
351 2864 522 2942 (40.)
570 2863 852 2925 Invocant
884 2873 941 2923 et
970 2863 1251 2943 Aegyptii
1282 2863 1575 2935 ibissuas
1621 2869 1824 2921 contra
1863 2875 2102 2937 serpen·

110 2942 227 3004 tium
267 2948 606 3024 adventum,
651 2957 710 3007 et
757 2947 889 3008 Elei
930 2948 1234 3026 Myiagron
1275 2949 1444 3008 deum
1487 2962 1812 3006 muscarum
1854 2942 2104 3003 multitu-

111 3023 223 3087 dine
253 3033 639 3108 pestilentiam
672 3032 996 3108 adferente‚
1036 3051 1186 3111 quae
1219 3034 1479 3111 protinus
1512 3033 1802 3091 intereunt
1839 3044 1948 3107 qua
1980 3027 2104 3087 lita·

110 3114 218 3170 ‘um‘
235 3125 321 3174 est
352 3119 408 3175 ei
451 3117 587 3176 deo.
1123 3149 1125 3151 >

62 3193 97 3236 ³⁵
201 3196 314 3258 29.
350 3200 519 3279 (41.)
559 3201 764 3260 Sedin
799 3218 1043 3260 secessu
1074 3201 1262 3261 avium
1294 3209 1353 3260 et
1380 3209 1630 3260 noctuae
1662 3198 1863 3277 paucis
1896 3195 2102 3256 diebus
2120 3203 2190 3260 76

112 3273 276 3339 latere
301 3284 615 3360 traduntur,
649 3304 888 3364 quarum
914 3299 1099 3364 genus
1128 3287 1183 3345 in
1214 3283 1390 3345 Creta
1416 3283 1601 3343 insula
1622 3300 1738 3342 non
1764 3290 1873 3341 est.
1909 3281 2102 3354 etiam,

111 3360 154 3417 Sl
195 3379 298 3440 qua
339 3369 570 3428 invecta
615 3371 724 3445 sit,
774 3373 976 3431 emori.
1042 3389 1168 3430 nam
1208 3370 1358 3428 haec
1403 3386 1638 3448 quoque
1679 3369 1821 3427 mira
1863 3372 2103 3424 naturae

114 3440 430 3511 differentia.
495 3453 607 3512 alia
656 3456 784 3514 aliis
828 3456 976 3518 locis
1019 3464 1224 3534 negat,
1270 3464 1555 3532 tamquam
1601 3468 1822 3543 genera
1877 3450 2105 3523 frugum

2172 3550 2200 3584 A
