2320 3650
761 320 831 404 C.
888 320 1191 405 PLINI
1248 319 1716 405 SECUNM

455 474 1201 627 Natunfftls
1284 474 2017 571 fllsrosslAn

948 639 1353 704 LIBER
1432 639 1514 703 v.

368 909 560 988 (Sect.
599 909 689 987 1.)
751 907 1006 968 Africam
1042 907 1250 969 Graeci
1292 908 1527 983 Libyam
1569 908 1950 986 appellavere
1984 919 2042 969 et
2072 926 2229 970 mare
2255 927 2284 980 1

240 1001 374 1054 ante
407 1010 534 1052 eam
561 991 855 1067 Libycum.
918 991 1215 1069 Aegyptio
1249 992 1467 1068 finitur,
1501 1009 1612 1050 nec
1644 993 1755 1051 alia
1786 1010 1921 1071 pars
1953 1002 2231 1053 terrarum

241 1077 554 1156 pauciores
593 1076 804 1153 recipit
834 1075 1024 1150 sinus,
1072 1075 1249 1151 longe
1282 1074 1353 1134 ab
1397 1074 1701 1136 occidente
1735 1075 1964 1136 litorum
1996 1077 2233 1157 obliquo

242 1162 452 1238 spatio.
527 1159 877 1237 Populorum
912 1158 1037 1217 eius
1071 1158 1531 1236 oppidorumque
1563 1160 1788 1219 nomina
1834 1160 1931 1220 vel
1973 1179 2234 1221 maxume

198 1273 227 1313 5
246 1253 375 1303 sunt
406 1243 717 1305 ineffabilia
747 1251 1152 1321 praeterquam
1179 1242 1436 1320 ipsorum
1466 1243 1694 1320 linguiS,
1728 1251 1785 1301 et
1816 1244 1960 1304 alias
1994 1245 2238 1305 castella

242 1329 427 1389 ferme
462 1326 791 1386 inhabitant.

369 1409 514 1488 Cap.
556 1411 610 1470 1.
649 1408 938 1488 Principio
974 1418 1255 1469 terrarum
1289 1407 1678 1468 Mauretaniae
1710 1409 2108 1487 appellantur,
2142 1429 2234 1470 us·
2260 1425 2293 1477 2

243 1511 359 1574 qne
388 1494 461 1553 ad
501 1491 567 1552 G.
613 1491 924 1553 Caesarem
970 1493 1292 1553 Germanici
1338 1492 1513 1552 filium
1558 1509 1771 1569 regna,
1827 1494 2236 1553 saevitiaeius

240 1580 298 1637 in
343 1575 485 1636 duas
532 1576 753 1635 divisae
803 1578 1149 1655 provincias.
1209 1576 1665 1636 Promontorium
1713 1578 1917 1635 oceani
1950 1586 2238 1636 extumum

169 1682 222 1723 ιο
243 1659 578 1739 Ampelusia
609 1661 928 1721 nominatur
956 1678 989 1720 a
1020 1659 1277 1721 Graecis·
1334 1659 1561 1736 Oppida
1589 1660 1752 1719 fuere
1783 1660 1944 1720 Lissa
1976 1670 2034 1719 et
2068 1658 2236 1720 Cotte

241 1744 393 1804 ultra
430 1743 723 1804 columnas
757 1743 1045 1819 Herculis,
1079 1761 1227 1803 nunc
1260 1752 1349 1802 est
1381 1742 1546 1820 Tingi
1578 1743 1864 1821 quondam
1902 1744 1972 1803 ab
2009 1744 2235 1804 Antaeo

243 1828 566 1903 conditum,
600 1837 808 1908 postea
839 1825 1145 1889 a'Claudio
1184 1827 1473 1904 Caesare,
1514 1846 1641 1888 cum
1674 1829 1959 1888 coloniam
1987 1830 2235 1905 faceret,

242 1913 595 1990 appellatum
629 1911 1104 1972 'l'raducta‘lulia.
1163 1912 1330 1973 abest
1379 1930 1410 1971 a
1441 1911 1665 1971 Belone
1715 1914 1931 1990 oppido
1962 1911 2237 1973 Baeticae

243 2011 524 2074 proxumo
556 1996 798 2055 traiectu
820 1992 993 2060 XXX
1024 1994 1081 2054 M
1108 2012 1267 2073 pass.
1332 1994 1424 2054 Ab
1457 2012 1531 2054 eo
1561 1994 1727 2054 XXV
1753 1995 1811 2055 M
1853 2014 2011 2075 pass.
2044 1998 2098 2054 in
2135 2014 2239 2056 ora

172 2103 225 2143 15
247 2080 451 2138 oceani
487 2078 718 2139 colonia
750 2079 996 2155 Augusti
1026 2077 1171 2139 Iulia
1204 2076 1535 2138 Constantia
1566 2078 1747 2155 Zulil,
1792 2098 1995 2156 regum
2028 2080 2238 2139 dicioni

246 2171 518 2241 exempta
570 2171 628 2220 et
667 2164 787 2222 iura
822 2165 879 2221 in
912 2162 1207 2242 Baeticam
1251 2170 1455 2240 petere
1481 2163 1656 2221 iussa.
1720 2163 1792 2222 ab
1826 2181 1895 2222 ea
1929 2162 2147 2222 XXXII
2182 2163 2240 2223 Μ

244 2263 402 2324 pass.
451 2246 678 2305 colonia
721 2264 753 2305 a
796 2243 1038 2305 Claudio
1084 2243 1342 2305 Caesare
1388 2244 1541 2305 facta
1586 2245 1758 2306 Lixos
1795 2247 1894 2305 vel
1929 2244 2237 2306 fabulosis-

236 2330 386 2388 sime
436 2330 678 2406 antiquis
728 2338 976 2389 narrata.
1046 2328 1133 2389 Ibi
1186 2331 1351 2405 regia
1394 2327 1603 2387 Antaei
1649 2339 2058 2408 certamenque
2106 2341 2292 2394 cum3

244 2411 497 2472 Hercule
534 2421 591 2471 et
619 2411 1001 2491 Hesperidum
1030 2411 1203 2471 horti.
1251 2411 1576 2472 adfunditur
1608 2422 1798 2473 autem
1829 2415 2172 2474 aestuarium
2204 2433 2237 2475 e

172 2497 386 2555 comari
420 2496 683 2556 flexuoso
714 2504 939 2570 meatu,
986 2498 1042 2554 in
1074 2512 1188 2573 quo
1220 2496 1487 2556 draconis
1520 2497 1816 2556 custodiae
1850 2500 2027 2557 instar
2057 2497 2237 2557 fuisse

247 2597 395 2639 nunc
413 2581 877 2657 interpretantur.
915 2579 1281 2657 amplectitur
1305 2581 1450 2639 intra
1477 2596 1543 2638 se
1573 2580 1835 2655 insulam,
1863 2596 2030 2658 quam
2052 2581 2236 2641 solam

249 2680 283 2721 e
315 2664 505 2721 vicino
547 2671 733 2722 tractu
758 2663 1071 2740 ,aliquanto
1105 2662 1438 2723 excelsiore
1471 2680 1587 2724 non
1618 2673 1810 2723 tamen
1841 2674 2034 2724 aestus
2065 2666 2236 2724 maris

247 2741 534 2822 inundant.
591 2754 778 2806 exstat
819 2747 876 2805 in
918 2764 988 2806 ea
1019 2755 1079 2806 et
1112 2765 1210 2807 ara
1241 2745 1509 2807 Herculis
1541 2765 1651 2807 nec
1683 2756 1919 2824 praeter
1950 2745 2238 2806 oleastros

248 2826 400 2890 alind
443 2848 517 2889 ex
556 2839 784 2890 narrato
830 2829 934 2889 illo
977 2829 1252 2906 aurifero·
1276 2848 1535 2890 nemore.
1604 2829 1788 2890 Mitius
1824 2829 2093 2908 profecto
2134 2833 2234 2889 mi·
2259 2841 2295 2892 4

174 2933 230 2973 25
247 2922 445 2972 rentur
491 2922 831 2990 portentosa
882 2910 1163 2973 Graeciae
1194 2914 1502 2975 mendacia
1553 2913 1624 2974 de
1672 2916 1741 2974 iis
1790 2923 1848 2973 et
1890 2931 2054 2973 amne
2095 2912 2238 2971 Lixo

246 2996 474 3074 prodita
507 2998 603 3073 qui
650 2999 909 3073 cogitent
947 3006 1180 3057 nostros
1217 3016 1519 3077 nuperque
1552 2998 1725 3077 paulo
1756 3000 1938 3057 minus
1973 2997 2238 3055 monstri-

246 3078 355 3138 fica
386 3080 665 3156 quaedam
697 3080 768 3140 de
802 3080 1007 3140 iisdem
1036 3081 1378 3157 tradidisse,
1427 3082 1821 3160 praevalidam
1860 3080 2008 3141 hanc
2039 3079 2238 3140 urbem

241 3159 635 3241 maioremque
679 3181 883 3262 magna
928 3161 1310 3242 Carthagine,
1355 3175 1665 3243 praeterea
1712 3182 1787 3225 ex
1826 3165 2075 3225 adverso
2111 3166 2237 3223 eius

245 3246 411 3306 sitam
458 3256 515 3306 et
547 3263 734 3325 prope
782 3249 1041 3308 inmenso
1073 3257 1260 3308 tractu
1306 3247 1377 3308 ab
1410 3249 1609 3326 Tingi,
1647 3266 1914 3327 quaeque
1948 3248 2059 3309 alia
2092 3245 2235 3307 Cor-

176 3350 230 3393 ao
247 3330 434 3391 nelius
475 3328 681 3412 Nepos
718 3321 1047 3394 avidissime
1095 3332 1357 3395 credidit.
1422 3331 1515 3395 Ab
1555 3294 1698 3395 Lixo
1740 3331 1839 3395 XL
1882 3331 1987 3393 M
1970 3350 2026 3392 111
2056 3330 2233 3391 medi·
2259 3338 2294 3393 5

2237 3539 2320 3561 .-
