2320 3650
511 166 517 174 ,
643 109 804 158 NAT.
846 109 1029 159 mser.
1062 111 1129 158 v.
1164 107 1335 162 1—4.
1374 96 1602 182 (1—3.)
2010 98 2129 162 187

137 263 270 324 dem
301 262 546 324 deducta
577 262 819 329 cohorte
850 266 1141 343 praetoria
1172 262 1433 342 Gunugu,
1466 265 1917 344 promontorium
1946 266 2128 345 Apol-

138 347 271 407 linis
326 345 712 424 oppidumque
763 348 842 407 ibi
895 349 1335 408 celeberrimum
1384 347 1709 425 Caesarea,
1761 359 1930 410 antea
1969 352 2126 411 voci·

138 439 314 490 tatum
342 428 693 504 Iol,1ubae
737 431 899 507 regia
930 449 962 491 a
995 432 1126 491 divo
1160 430 1405 491 Claudio
1439 433 1705 492 coloniae
1740 433 1865 492 iure
1897 432 2125 507 donata,

140 514 399 574 eiusdem
434 515 592 573 iussu
635 512 896 572 deductis
937 514 1231 574 veteranis
1275 515 1546 594 oppidum
1574 514 1831 590 Novom,
1875 524 1934 574 et
1966 516 2126 576 Latio

91 625 116 663 5
145 597 277 656 dato
322 596 567 674 Tipasa,
611 592 865 674 itemque
912 615 944 657 a
986 596 1350 675 Vespasiano
1389 601 1739 675 imperatore
1773 599 1979 658 eodem
2008 618 2126 658 mu-

140 698 281 739 nere
326 680 594 740 donatum
635 678 916 754 Icosium,
976 681 1205 741 colonia
1243 680 1489 757 Augusti
1533 681 1895 757 Rusconiae,
1940 681 2125 741 Rusu-

141 765 360 823 curium
398 764 630 822 civitate
673 762 1012 822 honoratum
1057 782 1088 824 a
1125 763 1403 839 Claudi0,
1457 764 1718 825 Rusazus
1751 765 1977 824 colonia
2007 763 2123 825 Au-

138 848 326 922 gusti,
365 846 578 906 Saldae
611 846 839 905 colonia
871 846 1154 923 eiusdem,
1188 849 1324 906 item
1353 846 1599 924 Igilgili,
1635 847 1906 925 oppidum
1937 847 2127 907 Tucca
2142 859 2209 911 21

140 931 447 1007 inpositum
479 930 620 988 mari
654 938 711 988 et
753 930 965 988 flumini
999 929 1351 1008 Ampsagae.
1412 933 1563 989 intus
1601 931 1829 990 colonia
1865 931 2127 1007 Augusta

70 1033 123 1073 10
143 1031 291 1090 quae
335 1015 471 1073 item
506 1012 831 1088 Succabar,
882 1014 1017 1072 item
1049 1012 1418 1093 Tubusuptu,
1465 1015 1726 1074 civitates
1760 1012 1987 1089 Timici,
2033 1012 2123 1073 Ti·

141 1114 364 1174 gavae,
421 1096 649 1156 flumina
706 1095 1019 1173 Sardaval,
1075 1096 1272 1171 Aves,
1326 1096 1553 1173 Nabar,
1608 1115 1753 1174 gens
1806 1094 2148 1173 Macurebi,“

142 1181 352 1240 flumen
385 1179 565 1253 Usar-,
613 1179 1062 1254 gens‘Nabales.
1122 1179 1364 1239 Flumen
1398 1179 1689 1257 Ampsaga
1720 1179 1886 1241 abest
1915 1199 1948 1240 a
1980 1178 2125 1240 Cae-

143 1281 313 1322 sarea
355 1259 672 1322 CCCXXII
711 1262 770 1321 M
811 1281 1099 1340 passuum.
1165 1262 1477 1340 Utriusque
1509 1262 1898 1324 Mauretania-e
1941 1264 2124 1342 longi·

142 1347 279 1407 tudo
309 1347 377 1411 'XT
420 1344 718 1405 XXXVIII
751 1344 836 1421 M,
866 1347 1108 1407 latitudo
1143 1342 1550 1405 CCCCLXVII
1579 1345 1638 1404 M
1664 1365 1821 1424 pass.

70 1451 122 1492 15
267 1430 327 1492 3.
374 1429 498 1507 (2.)
547 1428 638 1488 Ab
682 1428 975 1506 Ampsaga
1017 1429 1279 1489 Numidia
1322 1438 1410 1488 est
1447 1427 1785 1489 Masinissae
1828 1429 1983 1489 clara
2025 1440 2209 1492 no·22

139 1515 321 1589 mine,
366 1511 735 1589 Metagonitis
775 1521 931 1572 terra
962 1531 994 1572 a
1027 1513 1265 1574 Graecis
1307 1513 1628 1591 appellata,
1675 1510 1950 1572 Numidae
1980 1529 2122 1571 vero

141 1595 431 1656 Nomades
463 1614 494 1655 a
523 1596 912 1673 permutandis
943 1596 1169 1675 pabulis
1198 1595 1442 1673 mapalia
1473 1612 1604 1669 sua,
1638 1595 1751 1654 boc
1782 1604 1871 1654 est
1899 1595 2121 1669 domos,

141 1680 415 1759 plaustris
461 1679 956 1739 circumferentes.
1030 1679 1257 1758 Oppida
1298 1678 1501 1754 Cullu,
1542 1677 1900 1754 Rusiccade,
1954 1687 2012 1736 et
2052 1677 2123 1736 ab

144 1761 598 1822 eo'XLVIIIM
634 1781 905 1841 passuum
946 1766 1002 1822 in
1045 1765 1466 1824 mediterraneo
1512 1763 1739 1822 colonia
1772 1758 2123 1830 CirtaSitia·

70 1869 124 1910 20
141 1865 343 1906 norum
375 1848 748 1924 cognomine,
792 1858 851 1908 et
891 1849 1002 1909 alia
1031 1851 1179 1908 intus
1219 1850 1420 1922 Sicca,
1467 1847 1823 1924 liberumque
1854 1847 2124 1924 oppidum

143 1931 306 1990 Bulla
335 1930 539 2007 Regia.
605 1940 662 1990 at
691 1932 745 1989 in
784 1949 884 1991 ora
919 1931 1204 2008 Tacatua,
1253 1931 1443 2009 Hippo
1477 1929 1730 2007 Regius,
1777 1929 1987 1988 flumen
2016 1927 2122 1986 Ar·

143 2030 310 2088 mua,
361 2014 634 2092 oppidum
676 2014 935 2074 Tabraca
978 2018 1182 2073 civium
1222 2013 1639 2088 Romanorum,
1688 2012 1876 2072 Tusca
1919 2012 2123 2096 fluvius
2225 2081 2232 2092 η

142 2096 440 2157 Numidiae
476 2097 640 2172 linis,
686 2116 796 2157 nec
839 2107 1076 2175 praeter
1112 2100 1409 2158 marmoris
1440 2096 1722 2156 Numidici
1756 2096 2152 2174 ferarumque,

144 2188 485 2259 proventum
519 2180 671 2239 aliud
707 2183 949 2257 insigne.

70 2280 126 2321 25
264 2264 323 2322 4.
364 2262 487 2340 (3.)
522 2262 575 2321 Α
609 2262 797 2323 Tusca
833 2265 1147 2342 Zeugitana
1192 2263 1358 2340 regio
1398 2271 1468 2321 -et
1502 2279 1649 2340 quae
1683 2262 1921 2341 proprie
1950 2268 2209 2323 voce-23

143 2356 236 2406 tur
265 2345 463 2405 Africa
498 2354 607 2405 est.
680 2345 812 2407 Tria
843 2348 1255 2424 promontoria,
1290 2344 1633 2421 Candidum,
1666 2363 1801 2405 mox
1834 2344 2123 2422 Apollinis

143 2429 448 2490 adversum
491 2429 816 2505 Sardiniae,
868 2429 1117 2489 Mercuri
1168 2430 1470 2488 adversum
1520 2430 1790 2504 Siciliae,
1844 2430 1898 2486 in
1954 2427 2125 2486 altum

143 2515 540 2591 procurrentia
565 2513 677 2571 duo
711 2513 965 2571 efficiunt
995 2515 1172 2587 sinuS,
1204 2512 1652 2590 Hipponiensem
1683 2528 2022 2588 proxumum·
2051 2509 2122 2569 ab

72 2692 127 2735 ³0
146 2595 373 2739 ἓξὲἷίἷῖξί
404 2595 995 2757 {33323131'33333'3
1001 2604 1452 2755 ¹31¹ssss¹1¹325⁰i22¹1⁸
1464 2592 2125 2736 fisszssnfiziifflifflffiiz

144 2764 371 2821 inmune
400 2763 701 2859 oppidum,
735 2763 963 2839 longius
995 2781 1026 2822 a
1057 2762 1247 2821 litore.
1303 2761 1434 2821 dein
1464 2761 1916 2839 promontorium
1938 2757 2125 2840 Apol·
2139 2768 2209 2821 24

147 2845 277 2905 linis
312 2853 391 2904 et
439 2846 495 2903 in
546 2845 731 2905 altero
777 2846 900 2904 sinu
945 2845 1112 2905 Utica
1164 2844 1369 2904 civium
1418 2843 1833 2917 Romanorum,
1891 2835 2126 2900 Catonis

145 2936 331 2987 morte
365 2927 603 3002 nobilis,
649 2927 858 2987 flumen
898 2927 1190 3027 Bagrada,
1239 2928 1404 2987 locus
1438 2925 1640 2987 Castra
1672 2923 1981 2998 Cornelia,
2026 2940 2126 2982 co·

146 3011 301 3070 Ionia
358 3008 646 3086 Carthago
702 3029 945 3088 magnae
996 3013 1052 3069 in
1110 3012 1375 3087 vestigiis
1440 3008 1834 3084 Carthaginis,
1899 3006 2128 3078 colonia

73 3085 405 3167 ssMaxula,
439 3094 652 3171 oppida
686 3091 900 3172 Carpi,
932 3094 1115 3153 Misua
1147 3102 1207 3153 et
1234 3094 1477 3153 liberum
1509 3090 1734 3170 Clypea
1770 3094 1827 3151 in
1860 3106 2125 3169 promon-

144 3178 298 3237 torio
329 3175 611 3252 Mercuri,
656 3178 789 3235 item
831 3177 1013 3237 libera
1050 3175 1325 3253 Curubis,
1365 3176 1665 3253 Neapolis.
1724 3174 1866 3234 Mox
1892 3173 2127 3232 Africae

145 3260 326 3338 ipsius
358 3259 470 3318 alia
508 3258 817 3319 distinctio.
875 3260 1340 3339 Libyphoenices
1380 3266 1659 3318 vocantur
1701 3260 1794 3335 qui
1824 3257 2127 3332 Byzacium

145 3342 421 3404 incolunt.
475 3344 553 3403 ita
600 3343 930 3424 appellatur
973 3344 1138 3421 regio
1183 3340 1325 3403 CCL
1369 3341 1428 3403 M
1471 3359 1628 3421 pass.
1670 3358 1779 3421 per
1810 3341 2125 3415 circuitum,
2201 3373 2206 3378 -
