2320 3650
494 671 996 746 EDITORIS
1050 665 1675 744 PRAEFATIO.

196 891 310 948 Post
343 890 606 964 egregiam
641 905 667 944 a
701 887 824 944 Iulio
842 886 1035 961 Silliqio
1071 888 1119 942 in
1143 885 1206 943 C.
1227 884 1350 941 Plini
1375 883 1588 940 Secundi
1608 879 1850 938 Naturalis
1877 877 2116 934 Historiae

91 974 207 1031 libris
244 977 460 1046 positam
497 988 665 1029 curam
710 974 1000 1045 quicumque
1048 971 1245 1026 eosdem
1290 969 1545 1025 tentaverit
1582 967 1724 1021 edere
1758 966 1916 1020 denuo
1951 978 2114 1018 emen-

85 1057 239 1122 datos,
261 1064 375 1111 ante
397 1059 550 1113 omnia
573 1056 767 1112 debebit
803 1071 1021 1112 enarrare
1042 1069 1165 1127 quae
1185 1056 1311 1109 inter
1330 1069 1467 1111 suam
1488 1058 1537 1106 et
1560 1050 1689 1106 illam
1711 1049 1972 1105 editionem
1991 1047 2114 1102 ratio

91 1140 359 1196 intercedat.
406 1141 547 1205 Quod
566 1141 756 1195 facturo
778 1140 897 1194 mihi
916 1140 1059 1195 liceat
1077 1139 1387 1210 praemittere
1405 1151 1558 1208 pauca
1577 1134 1751 1206 quibus
1769 1132 1972 1204 prodam
1990 1146 2114 1202 quae

86 1223 198 1278 mibi
215 1223 358 1278 fuerit
377 1224 673 1295 suscipiendi
694 1224 837 1279 huius
859 1224 1018 1295 operis
1038 1237 1199 1277 causa.
1232 1223 1386 1293 Atque
1408 1221 1616 1292 primum
1637 1218 1755 1273 mihi
1778 1214 2024 1295 fatendum
2040 1223 2116 1269 est

85 1323 169 1362 non
182 1323 287 1362 mea
299 1314 480 1378 sponte
502 1323 582 1362 me
596 1308 780 1377 cepisse
799 1307 895 1361 boc
917 1307 1187 1371 consilium,
1211 1306 1296 1360 sed
1308 1310 1624 1376 provocatum
1647 1301 1747 1357 aB.
1765 1298 1827 1356 G.
1852 1297 2108 1361 Teubnero,

84 1392 154 1460 qui
172 1407 283 1447 cum
304 1407 460 1447 novas
473 1390 767 1446 Graecorum
793 1398 844 1445 et
857 1391 1136 1446 Latinorum
1156 1390 1445 1460 scriptorum
1468 1402 1639 1458 parans
1660 1387 1894 1441 editiones
1904 1383 2114 1438 Plinium

83 1474 216 1530 nollet
245 1476 441 1540 omitti,
486 1475 548 1530 ad
584 1490 663 1529 me
704 1474 1010 1552 potissimum
1039 1474 1167 1529 hanc
1200 1473 1372 1528 detulit
1394 1471 1686 1542 provinciam
1700 1512 1718 1535 ,
1764 1468 1991 1539 quoniam
2013 1482 2112 1521 non

80 1558 326 1628 ignorabat
349 1560 448 1613 iam
467 1558 650 1614 dudum
684 1573 763 1613 me
785 1557 899 1614 huic
921 1559 1143 1628 scriptori
1177 1570 1377 1612 navasse
1412 1569 1626 1626 operam.
1667 1567 1780 1608 nam
1801 1552 1952 1623 ipsius
1969 1550 2116 1605 huius

77 1641 130 1695 de
143 1643 355 1713 antiquis
372 1641 686 1711 scriptoribus
700 1642 883 1712 optime
895 1643 1054 1696 meriti
1067 1641 1155 1696 vlri
1178 1642 1303 1712 typis
1323 1655 1447 1694 anno
1461 1636 1858 1694 MDCccxxxv
1873 1635 2114 1706 descripta

75 1732 142 1779 est
156 1725 347 1781 codicis
370 1725 741 1797 Bambergensis
763 1741 790 1780 a
809 1727 1020 1798 vulgatis
1042 1723 1395 1794 exemplaribus
1417 1723 1735 1793 discrepantia
1756 1736 1783 1776 a
1801 1735 1883 1775 me
1918 1726 2113 1775 enotata

76 1818 120 1864 et
137 1808 271 1866 brevi
307 1809 620 1866 adnotatione
651 1810 910 1878 instructa,
947 1824 1092 1881 quem
1125 1809 1344 1864 omnium
1364 1807 1691 1863 Plinianorum
1728 1804 1953 1861 codicum
1970 1817 2111 1875 prae-

75 1895 422 1949 stantissimum
454 1901 510 1948 ut
543 1893 824 1965 detegerem
858 1894 977 1948 mihi
1009 1894 1219 1965 contigit
1253 1908 1378 1948 anno
1402 1890 1782 1948 MDCCCXXXI
1796 1933 1810 1954 ,
1849 1896 2108 1961 postquam

76 1977 208 2032 annis
224 1976 646 2046 AMDcccxxvul
666 1985 716 2031 et
744 1978 811 2034 IX
830 1973 882 2032 in
904 1977 1185 2049 Silligianae
1207 1977 1429 2032 editionis
1449 1990 1592 2031 usum
1618 1974 1809 2031 excussi
1830 1975 1880 2029 in
1903 1973 2037 2028 ltalia
2060 1981 2110 2026 et

77 2059 221 2116 Gallia
241 2061 610 2130 manuscriptos
632 2061 838 2116 codices.
881 2061 1019 2117 Haud
1048 2061 1249 2125 invitum
1272 2075 1352 2115 me
1374 2060 1546 2115 secisse
1567 2066 1623 2114 ut
1641 2059 1854 2131 perfecta
1878 2056 2108 2113 Macrobii

74 2144 279 2200 editione
287 2144 617 2199 honestissimi
626 2145 714 2199 viri
732 2152 910 2217 rogatu
919 2145 1124 2201 redirem
1137 2144 1198 2199 ad
1209 2160 1324 2199 eum
1336 2144 1620 2215 scriptorem
1634 2144 1682 2198 in
1695 2158 1791 2215 quo
1808 2140 2108 2196 emendando

74 2228 633 2297 posueramtirocinium,
646 2228 725 2282 vix
746 2235 818 2283 est
832 2229 961 2301 quod
982 2243 1225 2295 moneam,
1238 2228 1325 2283 sed
1345 2229 1448 2298 ipse
1468 2227 1715 2282 nolueram
1736 2241 1847 2281 eum
1868 2226 2103 2288 deserere,

73 2312 218 2366 immo
242 2327 355 2366 cum
374 2310 431 2366 F.
461 2310 732 2366 Thierschio
745 2355 759 2375 ‚
793 2328 938 2384 quem
957 2313 1247 2385 magistrum
1268 2311 1377 2367 colo
1399 2311 1609 2366 maxime
1629 2318 1771 2382 atque
1792 2310 1945 2381 diligo
1958 2355 1974 2375 ,
2008 2310 2105 2363 iam

74 2395 536 2450 communicaveram
573 2396 825 2450 consilium
858 2395 1219 2460 conscribendi,
1256 2396 1298 2450 si
1331 2395 1587 2451 Academia
1625 2394 1780 2466 Regia
1802 2394 2104 2449 Monacensis

74 2492 151 2531 me
174 2485 303 2532 esset
322 2479 568 2543 adiutura,
601 2480 975 2536 commentarios
998 2479 1175 2552 quibus
1199 2480 1508 2551 explanarem
1529 2494 1607 2535 res
1631 2496 1658 2534 a
1678 2479 1834 2536 Plinio
1856 2484 2100 2544 tractatas,

76 2561 198 2631 quod
218 2562 499 2626 consilium,
525 2562 789 2617 dummodo
810 2572 1034 2634 suppetat
1053 2565 1176 2630 vita,
1203 2564 1392 2632 distuli,
1420 2580 1518 2619 uon
1541 2563 1717 2630 abieci,
1754 2569 1804 2618 et
1824 2562 1968 2633 paulo
1991 2570 2103 2631 post

75 2651 270 2715 rogante
291 2644 580 2701 Hoffmanno
613 2646 875 2717 bibliopola
897 2646 1273 2720 stuttgardiensi
1305 2648 1544 2719 spopondi
1575 2663 1655 2703 me
1686 2647 1835 2703 libros
1859 2646 2102 2708 Plinianos

75 2727 120 2782 in
138 2736 355 2784 nostrum
374 2744 647 2785 sermonem
667 2745 774 2786 esse
794 2746 1061 2787 versurum.

183 2811 331 2868 Novis
354 2820 518 2868 autem
538 2819 686 2884 quum
710 2829 921 2870 carerem
945 2815 1197 2879 subsidiiS,
1224 2816 1278 2872 in
1300 2830 1358 2871 eo
1378 2814 1496 2870 mffii
1515 2816 1606 2870 suit
1628 2814 2014 2882 consistendum,
2043 2822 2100 2874 ut

75 2893 206 2949 verba
226 2895 370 2951 Plinii
402 2903 713 2952 retractarem
751 2898 975 2953 adhibitis
1006 2900 1064 2955 iis
1097 2914 1221 2971 quae
1254 2906 1304 2953 et
1340 2915 1366 2954 a
1390 2915 1470 2954 me
1490 2907 1540 2954 et
1561 2899 1620 2955 ab
1651 2899 1755 2953 aliis
1789 2914 1817 2952 e
1849 2898 2098 2954 codicibus

75 2991 209 3033 manu
229 2980 421 3050 scriptis
441 2987 670 3051 excerpta
689 2981 920 3054 leguntur
951 2982 998 3036 in
1022 2983 1233 3039 editione
1254 2982 1507 3055 Silligiana
1522 3029 1535 3052 ,
1572 2984 1734 3055 quain
1759 2998 1813 3037 re
1833 2982 1882 3038 id
1904 2985 2015 3056 egi,
2042 2992 2098 3039 ut

75 3077 188 3131 quae
208 3077 398 3135 quoque
418 3064 529 3120 loco
563 3065 820 3120 suaderent
847 3066 916 3121 illi
948 3067 1142 3122 codices
1173 3081 1407 3137 ponerem
1438 3067 1658 3122 admissis
1686 3067 1745 3122 iis
1767 3074 1957 3123 tantum
1978 3082 2095 3123 con·

75 3144 258 3201 iecturis
281 3162 402 3219 quae
422 3148 474 3202 in
495 3155 721 3218 corrupta
742 3149 934 3204 illorum
956 3150 1288 3221 exemplorum
1306 3152 1541 3226 scriptura
1561 3139 1838 3207 niterentur.
1862 3167 1976 3207 nam
1996 3168 2095 3208 non

78 3239 128 3280 ea
146 3229 264 3284 mibi
293 3231 568 3301 recipienda
600 3247 708 3287 ωδε
739 3232 1023 3288 videbantur
1038 3280 1052 3300 ‚
1090 3249 1215 3306 quae
1251 3234 1494 3290 debuisset
1523 3233 1733 3289 scribere
1754 3234 1963 3302 Plinius,
2007 3237 2096 3291 sed

82 3323 190 3378 quae
219 3313 459 3370 videretur
477 3315 744 3386 scripsisse.
792 3315 958 3392 Itaque
987 3317 1038 3371 in
1068 3317 1205 3373 libris
1236 3316 1578 3390 geographicis
1612 3319 1689 3372 via
1731 3317 1850 3373 mihi
1885 3326 1987 3374 erat
2019 3319 2101 3372 in«

87 3394 224 3451 cunda
236 3395 417 3455 diversa
430 3397 687 3471 aSilligio,
704 3399 784 3471 qui
806 3401 1087 3472 plerumque
1110 3415 1224 3455 eum
1235 3399 1491 3455 Hermolao
1504 3399 1715 3455 Barbare
1729 3401 1891 3517 aliisve
1910 3400 2094 3470 recepit

454 3495 464 3508 '
1707 3498 1732 3535 a

2095 3550 2102 3552 ⁴
2145 3507 2183 3537 ‚A
