2320 3650
157 61 280 125 258
768 138 775 158 υ
847 76 907 127 e.
943 75 1133 139 anr
1167 73 1468 125 suenum

161 228 538 304 coccolobin,
568 226 686 289 hoc
714 229 939 288 melior.
1000 229 1109 289 sed
1140 239 1200 287 et
1229 238 1463 289 austera
1493 227 1698 289 “ausit
1727 226 2055 289 iiidulcem
2081 248 2182 288 ve·

158 320 403 386 tustate,
434 321 497 373 et
527 330 676 390 quae
705 312 892 372 dulcis
922 312 1028 373 fuit
1049 316 1106 371 in
1137 315 1550 373 austeritatem.
1608 320 1745 371 tunc
1777 311 2018 372 Albano
2051 314 2184 373 vino

159 395 530 469 aemulantur.
585 396 815 457 tradunt
854 399 1092 457 vesicae
1119 397 1275 456 vitiis
1304 396 1668 457 utilissimum
1711 413 1790 455 ex
1835 396 1930 456 his
1966 406 2184 476 potum.

72 490 135 543 31
161 480 431 539 Albuelis
461 480 695 547 summis
727 480 1031 541 arboribus
1062 480 1314 540 fertilior
1348 489 1474 555 est,
1524 479 1739 539 visulla
1769 481 1926 539 imis.
1996 499 2183 561 qnam·

159 563 362 624 obrem
404 565 560 625 circa
619 565 855 624 easdem
896 575 1060 625 satae
1113 564 1454 625 diversitate
1499 573 1741 623 naturae
1789 564 2178 644 locupletant.
2206 582 2230 622 s

158 646 527 715 Inerticulam
580 668 616 709 e
661 650 844 725 nigris
890 648 1305 726 appellavere,
1359 649 1560 708 iustius
1613 647 1891 708 *sobriam
1959 649 2184 723 dicturi,

159 734 482 792 inveterato
536 734 856 811 praecipue
908 731 1428 792 commendabilem
1480 733 1617 791 vino
1667 731 1776 792 sed
1831 732 2065 792 viribus
2108 734 2184 792 in·

74 825 141 877 32
166 818 430 891 noxiam,
474 816 759 894 siquidem
789 816 1180 877 temulentiam
1215 816 1341 876 sola
1366 833 1483 875 non
1515 816 1672 875 facit.
1724 817 1838 895 [5.]
1874 816 2184 893 ‚Fertilitas

161 900 525 961 commendat
585 909 813 961 ceteras
874 901 1315 979 principemque
1361 899 1804 961 helvennacam.
1892 901 2017 961 duo
2071 903 2184 961 eius

158 1002 407 1061 genera:
469 985 682 1060 maior,
727 1002 897 1063 quan
928 985 1159 1063 quidam
1193 984 1457 1061 longam,
1498 986 1686 1044 minor
1717 1002 1901 1062 quam
1934 990 2260 1059 marcum*

159 1067 490 1147 appellant,
534 1086 649 1127 non
689 1077 806 1130 tam
835 1069 1141 1130 fecundam
1175 1069 1281 1128 sed
1312 1069 1631 1145 gratiorem
1662 1068 1901 1129 haustu.
1971 1070 2182 1131 discer-

157 1155 305 1212 nitur
336 1150 481 1211 folio
515 1153 828 1228 circinato,
859 1170 1061 1213 verum
1096 1163 1340 1230 utraque
1370 1152 1629 1229 gracilis.
1690 1151 1900 1214 furcas
1933 1154 2185 1214 subdere

160 1236 251 1295 his
282 1238 717 1312 necessarium,
766 1237 983 1315 alioqui
1024 1236 1348 1298 ubertatem
1383 1253 1542 1296 suam
1570 1252 1687 1296 non
1718 1236 2010 1298 tolerant.
2076 1256 2183 1298 ma·

72 1321 351 1383 33ritimo
400 1319 615 1381 adflatu
653 1320 943 1398 gaudent,
988 1322 1227 1382 roscida
1274 1320 1477 1385 odere.
1548 1319 1707 1380 nulla
1747 1322 1967 1381 vitium
2009 1324 2184 1382 minus

156 1403 377 1464 ltaliam
422 1414 606 1481 amat,
649 1423 815 1481 rara,
869 1422 1083 1485 parva,
1127 1415 1476 1484 putrescens
1517 1405 1575 1464 in
1609 1418 1719 1479 ea,
1761 1405 1906 1465 vino
1955 1424 2076 1484 quo
2151 1421 2236 1464 eu

159 1489 317 1566 quod
359 1490 561 1565 genuit
599 1499 879 1551 aestatem
923 1506 1039 1549 non
1068 1506 1464 1567 exsuperans,
1510 1506 1625 1547 nee
1656 1487 1772 1548 alia
1803 1506 2025 1549 macro
2061 1510 2090 1550 s

158 1572 512 1633 familiarior.
573 1571 926 1648 Graecinus,
973 1575 1069 1651 qui
1112 1573 1330 1651 alioqui
1375 1570 1711 1632 Cornelium
1739 1570 2001 1634 Celsum
2044 1585 2181 1636 tran·

159 1657 424 1734 scripsit,
471 1656 777 1718 arbitratur
808 1675 922 1718 non
952 1667 1209 1718 naturam
1252 1658 1380 1717 eins
1419 1674 1755 1734 repugnare
1784 1656 2043 1735 Italiae,
2088 1657 2184 1718 sed

159 1740 439 1800 culturam
489 1741 658 1801 avide
713 1742 981 1820 palmites
1030 1742 1412 1802 evocantium.
1499 1740 1575 1800 ob
1620 1741 1678 1800 id
1721 1740 2046 1803 fertilitate
2091 1750 2182 1805 suh

158 1823 413 1900 absumi,
457 1825 506 1884 si
552 1843 668 1886 uon
713 1827 1089 1905 praepinguis
1134 1827 1246 1886 soli
1276 1825 1515 1887 ubertas
1545 1825 1993 1887 lassescentem
2024 1829 2234 1887 susti÷⁵20

157 1918 309 1969 neat.
369 1908 771 1970 carbunculari
799 1919 1074 1987 negatur,
1107 1927 1315 1987 magua
1340 1910 1509 1984 dote,
1537 1909 1596 1967 -si
1623 1925 1833 1969 verum
1868 1921 1969 1971 est
2001 1913 2182 1991 aliqua

71 1994 218 2058 34iu
262 1992 382 2052 vite
431 1994 602 2053 caelo
631 2012 747 2054 non
789 2013 924 2054 esse
968 1996 1075 2053 ius.
1132 1995 1239 2073 [6.]
1298 1994 1539 2054 Aestum
1566 1993 1681 2052 fert
1712 1997 1996 2072 spionia,
2029 2014 2185 2075 quam

159 2076 385 2155 quidam
437 2078 700 2157 spineam
751 2087 997 2153 vocant,
1066 2080 1434 2155 autumnique
1491 2076 1770 2137 imbribus
1828 2080 2180 2157 pinguescit.

158 2162 465 2239 quinimmo
496 2162 723 2225 nebulis
754 2180 864 2223 una
892 2163 1092 2236 alitur,
1131 2162 1207 2222 ob
1237 2163 1295 2222 id
1319 2160 1638 2224 Ravennati
1667 2179 1820 2238 agro
1845 2164 2179 2241 peculiaris.

156 2244 552 2306 Veunuculam
591 2248 741 2307 iuter
786 2256 1020 2325 optume
1060 2246 1509 2307 deflorescentis
1545 2254 1602 2304 et
1649 2245 1789 2305 ollis
1824 2250 2234 2326 aptissimams

161 2327 437 2407 Campani
469 2332 688 2391 malunt
729 2331 1018 2394 surculam
1049 2348 1304 2404 vocare,
1361 2329 1457 2390 alii
1489 2329 1828 2407 scapulam,
1869 2330 2183 2393 Tarracina

159 2415 568 2491 numisianam,
611 2415 800 2475 nullas
830 2416 970 2474 viris
1002 2415 1269 2493 proprias
1303 2412 1643 2488 habentem,
1686 2413 1798 2473 sed
1832 2424 2026 2476 totam
2061 2435 2181 2496 per·

158 2498 291 2558 inde
330 2517 400 2559 ac
440 2499 631 2560 solum
661 2499 896 2574 valeat,
940 2499 1294 2560 Surrentinis
1329 2507 1522 2558 tamen
1554 2497 1981 2560 efficacissima
2027 2500 2181 2561 testis

72 2591 142 2645 35
170 2580 433 2642 Vesuvio
459 2585 645 2643 tenus.
693 2582 774 2642 ibi
801 2584 951 2643 enim
978 2581 1345 2659 Murgentina
1369 2601 1403 2641 e
1428 2582 1627 2643 Sicilia
1645 2583 1987 2661 potissima,
2024 2600 2180 2663 quan

158 2665 567 2746 Pompeianam
598 2667 775 2745 aliqui
803 2676 1047 2743 vocant,
1079 2666 1242 2727 Latio
1273 2667 1346 2726 de
1445 2685 1500 2726 m
1529 2666 1825 2744 feracem,
1861 2670 2026 2730 sicut
2158 2674 2231 2717 -Ν

161 2752 331 2811 conia
370 2751 427 2810 in
469 2749 783 2831 Campania
828 2759 1062 2812 tantum.
1127 2769 1163 2811 e
1200 2752 1366 2810 diver
1479 2768 1761 2811 arceraca
1789 2751 2031 2829 Vergil:
2100 2770 2178 2813 ar·

158 2835 296 2910 gitis
332 2834 487 2897 dicta
509 2836 664 2896 ultro
696 2836 884 2896 solum
920 2835 1125 2896 laetius
1160 2835 1332 2909 facit,
1365 2835 1492 2912 ipsa
1522 2844 1726 2897 contra
1758 2836 1970 2895 imbris
1999 2846 2061 2897 et
2094 2837 2180 2896 sc·

160 2927 387 2978 nectam
410 2919 757 2994 fortissIma,
790 2922 925 2980 vino
950 2920 1184 2998 quidem
1211 2920 1311 2978 vix
1333 2936 1518 2979 annua
1547 2936 1617 2978 ac
1645 2919 1889 2979 vilitatis
1928 2921 2184 2981 cibariae

162 3000 268 3057 sed
291 3001 556 3061 ubertate
580 3004 918 3080 praecipua.
953 3003 1192 3063 Tolerat
1216 3012 1277 3063 et
1298 3020 1480 3063 annos
1503 3004 1759 3078 mettica,
1782 3013 2001 3065 contra
2017 3020 2177 3065 omne

162 3078 319 3138 sidus
351 3083 690 3165 firmissima,
721 3088 890 3163 nigro
916 3088 1118 3161 acino,
1153 3088 1301 3147 vinis
1326 3089 1382 3146 in
1402 3096 1698 3148 vetustate
1720 3086 2226 3150 rufescenuhnus

76 3167 146 3220 36
294 3160 350 3219 3·
388 3165 491 3242 [7.]
521 3166 597 3227 Et
627 3169 906 3230 hactenus
933 3170 1169 3249 publica
1200 3180 1329 3230 sunt
1351 3189 1605 3247 genera,
1640 3181 1848 3232 cetera
1878 3176 2174 3251 region·
2255 3179 2256 3232 l

165 3239 542 3339 locorumque
573 3261 667 3311 aut
698 3270 774 3311 ex
808 3253 898 3312 his
931 3254 1079 3314 inter
1108 3272 1179 3314 se
1211 3256 1380 3314 insitu
1408 3256 1605 3317 mixta.
1654 3256 1950 3334 siquidem
1981 3256 2173 3319 Tuci!
2255 3263 2256 3276 ¹

166 3322 477 3393 peculiaris
531 3343 622 3392 est
666 3334 949 3397 Tudernis
1007 3348 1183 3416 atque
1239 3339 1541 3400 etiamnum
1597 3338 1939 3402 Florentiae
2002 3343 2060 3402 iu
2112 3340 2169 3401 iis
