2320 3650
2248 77 2259 82 —
2307 31 2309 110 1

2308 201 2309 258 ι

226 78 342 142 124
947 89 1007 139 0.
1039 91 1234 139 Pmm
1269 88 1571 139 sEanm
1672 168 1677 174 ἢ

127 321 132 328 ³
218 248 277 308 in
305 243 653 306 Laminitano
685 249 828 322 agro
858 243 1146 306 citerioris
1176 243 1487 323 Hispaniae
1520 254 1579 305 et
1607 243 1780 304 modo
1818 244 1875 304 in
1909 253 2125 323 stagna
2158 265 2229 308 se

222 331 465 391 fundens
502 330 674 391 modo
715 331 776 389 in
822 330 1113 406 angustias
1146 328 1466 388 resorbens
1496 338 1592 389 aut
1632 329 1701 387 in’
1722 338 1901 390 totum
1931 332 2229 391 cuniculis

220 414 478 475 condens
525 423 585 474 et
636 414 870 492 saepius
916 413 1076 472 nasci
1119 413 1381 490 gaudens
1414 414 1483 472 in
1529 410 1875 473 Atlanticum
1928 431 2230 476 oceanum

219 498 542 558 effunditur.
607 497 1064 557 Tarraconensis
1106 506 1297 557 autem
1339 497 1473 557 hinc
1503 496 1691 557 adfixa
1720 496 2027 572 Pyrenaeo
2064 508 2230 560 toto-

220 600 331 661 que
368 583 492 647 eius
523 581 707 641 latere
733 582 1048 641 decurrens
1081 589 1141 640 et
1169 581 1334 640 simul
1369 578 1747 641 adaeGallicum
1777 598 2061 641 oceanum
2084 582 2229 644 Ibe·
2250 600 2271 639 s

216 668 340 726 rico
376 683 409 725 a
438 666 580 725 mari
609 673 942 725 transversa
971 682 1036 724 se
1066 665 1329 743 pandens
1360 665 1593 725 Solorio
1624 673 1818 725 monte
1855 674 1915 724 et
1945 663 2229 728 Oretanis

216 750 365 828 iugis
410 747 871 829 Carpetanisque
922 757 982 808 et
1025 747 1297 809 Asturum
1341 766 1374 810 a
1422 747 1659 809 Baetica
1703 756 1878 828 atque
1926 747 2230 813 Lusitania

217 833 602 911 distinguitur.
1401 867 1467 931 l
1532 841 1549 852 ”
2164 849 2175 860 ·

155 922 189 979 ‘1
333 917 458 997 (3.)
490 914 726 977 Baetica
756 933 788 976 a
818 914 1049 976 flumine
1079 933 1208 976 eam
1262 916 1509 976 mediam
1538 924 1775 976 secante
1807 918 2222 994 cog-nominata

218 1010 455 1062 cunctas
484 1000 912 1078 provinciarum
940 1000 1116 1061 divite
1150 1000 1310 1060 cultu
1343 1009 1402 1060 et
1431 1000 1680 1079 quodam
1721 1000 1899 1060 fertili
1924 1019 2001 1062 ae
2031 1019 2287 1080 pecu-10

215 1085 343 1145 liari
377 1085 562 1144 nitore
590 1084 911 1162 praecedit.
964 1082 1198 1145 Iuridici
1230 1092 1548 1145 conventus
1581 1084 1638 1144 ei
1667 1092 1952 1163 quattuor,
1986 1084 2226 1149 Gadita·

214 1186 320 1228 nus
355 1166 751 1227 Cordubensis
793 1166 1145 1228 Asticitanus
1188 1167 1569 1246 Hispalensis.
1626 1166 1841 1247 oppida
1881 1170 2074 1229 omnia
2116 1188 2226 1231 nu·
2312 1229 2313 1252 2

215 1268 377 1312 mero
414 1249 688 1310 CLXXV.
739 1252 799 1311 in
844 1252 915 1311 iis
958 1252 1229 1312 coloniae
1270 1251 1462 1327 VIIII,
1497 1252 1806 1330 municipia
1834 1250 2006 1329 VIII,
2051 1251 2227 1315 Latio

217 1336 523 1414 antiquitus
557 1335 766 1396 donata
799 1333 1094 1414 XXVIIII,
1126 1335 1398 1397 libertate
1426 1334 1539 1412 VI,
1572 1336 1819 1396 foedere
1848 1334 1962 1412 111,
1996 1338 2226 1416 stipen-

215 1417 592 1496 diaria-CXX.
650 1418 743 1479 Ex
771 1419 861 1480 his
886 1420 1058 1497 digna
1078 1429 1394 1483 memoratu
1420 1428 1517 1481 aut
1536 1418 1738 1481 Latiali
1760 1435 2033 1481 sermone
2058 1421 2226 1483 dictu
2243 1442 2284 1485 ιε

214 1505 429 1580 facilia,
463 1522 497 1565 a
525 1503 755 1564 flumine
786 1503 934 1581 Ana,
968 1504 1140 1565 litore
1171 1504 1706 1583 oceani‚‚oppidum
1730 1501 2063 1581 Ossonoba,
2095 1505 2224 1567 Ae·

216 1589 430 1650 stuaria
460 1590 958 1666 cognominatum,
1002 1587 1402 1649 interfluentes
1435 1587 1612 1648 Luxia
1646 1597 1706 1648 et
1730 1586 1965 1664 Urium,
1998 1587 2226 1650 Hareni

215 1682 473 1748 montes,
516 1672 712 1733 Baetis
742 1672 979 1749 fluvius,
1027 1674 1163 1733 litus
1197 1671 1464 1733 Corense
1494 1672 1710 1733 inflexo
1742 1673 1903 1748 sinu,
1937 1673 2107 1733 cuius
2147 1692 2225 1735 ex

216 1757 465 1818 adverso
499 1755 672 1817 Gadis
702 1757 850 1817 inter
878 1756 1095 1818 insulas
1126 1756 1433 1835 dicendae,
1468 1758 1922 1836 promontorium
1954 1755 2220 1837 Iunonis,

214 1849 418 1920 portus
446 1839 771 1920 Vaesippo,
804 1843 1079 1920 oppidum
1111 1842 1316 1918 Baelo,
1348 1841 1632 1917 Mellaria,
1661 1841 1875 1901 fretum
1905 1859 1984 1902 ex
2012 1840 2282 1905 Atha-20

216 1926 332 1985 tico
373 1925 547 2000 mari,
595 1923 824 1985 Carteia
868 1923 1147 1986 Cartesos
1191 1944 1225 1987 a
1271 1925 1512 1988 Graecis
1550 1925 1738 2000 dicta,
1789 1943 1957 1985 mons
2004 1924 2222 2007 Calpe.

157 2010 194 2066 8
215 2008 364 2068 Dein
393 2009 564 2068 litore
593 2010 818 2069 interno
852 2010 1129 2088 oppidum
1151 2010 1472 2071 Barbesula
1508 2028 1635 2070 cum
1668 2009 1881 2086 fluvio,
1917 2011 2061 2070 item
2091 2011 2225 2072 Sal·

217 2093 698 2172 duba,·oppidum
729 2093 890 2170 Suel,
921 2092 1146 2155 Malaca
1179 2113 1307 2155 cum
1337 2094 1534 2169 fluvio,
1566 2094 2031 2154 foederatorum.
2081 2094 2226 2156 dein
2272 2144 2281 2153 .

214 2174 498 2237 Maenuba
526 2196 650 2237 cum
680 2176 875 2253 fluvio,
909 2179 1053 2238 Sexi
1081 2179 1301 2239 firmum
1333 2179 1679 2256 cognomine
1716 2176 1955 2254 Iulium,
1994 2178 2224 2242 Selam-

215 2261 368 2336 bina,
401 2258 657 2338 Abdara,
689 2260 876 2341 Murgi
905 2261 1182 2323 Baeticae
1219 2264 1365 2324 finis.
1431 2261 1604 2323 Oram
1635 2279 1763 2322 eam
1791 2263 1849 2322 in
1879 2263 2285 2329 univer-sumn

216 2346 456 2421 originis
501 2345 823 2406 Poenorum
870 2348 1237 2407 existumavit
1279 2347 1354 2407 M.
1398 2347 1685 2427 Agrippa.
1737 2345 1809 2405 ab
1854 2345 1984 2409 Ana
2026 2354 2223 2407 autem
2312 2374 2315 2429 i

215 2428 506 2488 Atlantico
566 2447 789 2489 oceano
841 2428 1093 2491 obversa
1144 2430 1506 2492 Bastulorum
1550 2430 2048 2516 Turdulorumque
2105 2445 2226 2499 est.
2312 2450 2315 2465 ⁴

212 2510 277 2572 In
308 2512 633 2573 universam
660 2513 990 2593 Hispaniam
1024 2514 1101 2574 M.
1125 2514 1321 2576 ‹Varro
1358 2518 1701 2594 pervenisse
1737 2517 1946 2579 Iberos
1984 2530 2055 2581 et
2076 2520 2220 2583 Per·
2312 2506 2315 2555 ²

213 2613 310 2655 sas
353 2604 412 2656 et
450 2595 772 2657 Phoenicas
817 2596 1132 2678 Celtasque
1186 2608 1245 2660 et
1285 2600 1519 2660 Poenos
1569 2601 1760 2662 tradit.
1826 2602 2014 2664 lusum
2064 2607 2220 2666 enim
2310 2580 2315 2661 l

210 2679 404 2740 Liberi
442 2681 619 2758 patris
654 2689 748 2741 aut
781 2681 995 2757 lyssam
1031 2701 1159 2743 cum
1190 2699 1264 2744 eo
1297 2683 1695 2745 bacchantium
1724 2703 1937 2749 nomen
1970 2687 2281 2751 dedisses
2314 2690 2315 2701 ²

209 2762 568 2842 Lusitaniae,
619 2775 676 2824 et
706 2765 856 2827 Pana
905 2767 1265 2846 praefectum
1309 2769 1433 2828 eius
1474 2770 1800 2831 universae.
1854 2780 1915 2832 at
1952 2790 2108 2857 quae
2140 2773 2219 2836 dc

210 2846 463 2908 Hercule
505 2866 574 2909 ac
605 2848 831 2924 Pyrene
869 2850 966 2910 vel
1009 2852 1255 2912 Saturno
1301 2853 1594 2915 traduntur
1625 2854 1890 2917 fabulosa
1922 2857 1987 2916 in·
2011 2854 2218 2936 primis

157 2944 191 3000 9
214 2931 479 2995 arbitror.
544 2931 736 2992 Baetis
775 2934 831 2992 in
862 2934 1316 2995 Tarraconensis
1356 2938 1692 3015 provinciae
1736 2954 1884 3014 non,
1929 2949 1993 3000 ut
2032 2940 2219 3021 aliqui

214 3014 450 3089 dixere,
497 3014 741 3077 Mentisa
782 3019 1002 3098 oppido
1034 3020 1140 3079 sed
1174 3018 1448 3096 Tugiensi
1492 3023 1766 3082 exoriens
1817 3022 1970 3084 saltu
2019 3024 2216 3101 (iuxta

214 3113 384 3174 quem
415 3097 605 3177 Tader
632 3099 837 3160 fluvius
870 3104 966 3180 qui
997 3101 1531 3181 Carthaginiensem
1572 3122 1771 3183 agrum
1813 3108 2000 3186 rigat)
2035 3107 2279 3173 florete
2312 3170 2315 3175 .

211 3179 426 3256 refugit
475 3181 763 3259 Scipionis
813 3201 1047 3261 rogum,
1109 3204 1434 3266 versusque
1485 3190 1542 3248 in
1597 3207 1870 3252 occasum
1920 3208 2215 3253 oceanum

215 3260 558 3329 Atlanticum
590 3268 940 3341 provinciam
979 3269 1263 3347 adoptans
1304 3273 1480 3349 petit,
1522 3273 1784 3333 modicus
1827 3274 2051 3352 primo,
2099 3274 2215 3336 aad

213 3344 514 3406 multorum
542 3345 822 3409 fluminum
846 3368 1032 3430 capax
1055 3352 1260 3432 quibus
1283 3355 1413 3435 ipse
1444 3356 1650 3418 famam
1672 3372 1975 3437 aquasque
1994 3356 2210 3423 aaran.
