2320 3650
183 96 298 159 120
906 108 965 157 c,
1009 110 1201 158 pum
1231 109 1526 157 suenum

178 263 365 343 phaeo
398 264 516 323 exit
545 282 578 323 e
608 262 1018 341 petra'flamma
1049 281 1198 341 quae
1230 262 1437 341 pluviis
1467 263 1816 324 accenditur.
1852 263 1976 324 exit
1999 274 2061 325 et
2083 264 2160 326 ad
2195 253 2211 266 ⁵

176 366 352 426 aquas
384 343 663 422 Scantias,
696 347 841 405 haec
870 347 1097 424 quidem
1125 346 1390 421 invalida,
1425 365 1552 405 cum
1579 348 1811 423 transit,
1832 366 1944 407 nec
1977 348 2155 426 longe

174 433 230 490 in
273 431 388 491 alia
437 431 643 491 durans
685 431 938 489 materia.
991 431 1139 489 viret
1182 437 1419 490 aeterno
1467 431 1615 490 hunc
1657 431 1875 491 fontem
1919 432 2155 507 igneum

176 524 493 591 contegens
522 515 792 574 fraxinus,
830 515 948 573 exit
977 514 1035 572 in
1056 512 1356 573 Mutinensi
1388 531 1527 591 agro
1554 515 1716 574 statis
1734 514 2004 574 Volcano
2029 515 2152 575 die-

173 598 299 658 bus.
331 599 640 677 Reperitur
667 597 814 674 apud
838 606 1105 656 auctores
1130 596 1406 657 subiectis
1432 597 1665 658 Ariciae
1690 599 1866 673 arvis,
1893 599 1942 657 si
1966 598 2149 659 carbo
2174 614 2208 656 5

173 681 481 758 deciderit,
518 682 724 742 ardere
753 690 997 755 terram,
1041 682 1097 739 in
1130 698 1271 758 agro
1303 681 1516 740 Sabino
1548 690 1605 741 et
1635 682 1889 742 Sidicino
1920 691 2152 741 unctum

171 764 417 843 flagrare
449 766 726 843 lapidem,
762 764 1145 824 inSalentino
1181 765 1397 842 oppido
1435 764 1678 841 Egnatia
1701 766 1958 843 „inposito
1990 766 2149 843 ligno

169 850 227 907 in
257 867 453 909 saxum
482 849 762 927 quoddam
790 846 869 906 ibi
901 865 1126 907 sacrum
1156 850 1410 925 protinus
1441 848 1717 909 flammam
1750 850 2057 909 exsistere.
2086 850 2152 907 in

170 931 431 992 Laciniae
454 931 682 993 Iunonis
707 929 939 990 arasuh
969 930 1063 991 dio
1088 932 1195 990 sita
1223 933 1474 991 cinerem
1496 932 1822 992 inmobilem
1853 947 1991 992 esse
2010 948 2148 1010 per-

84 1022 187 1077 241
211 1015 473 1096 flantibus
494 1016 739 1094 undique
763 1014 1058 1092 procelliS.
1086 1015 1220 1093 quin
1243 1025 1299 1075 et
1320 1017 1654 1093 repentinos
1682 1017 1969 1076 exsistere
1996 1016 2149 1092 ignis
2170 1028 2225 1071 ιο

172 1108 228 1158 et
261 1097 320 1159 in*
349 1101 513 1177 aquis
542 1108 600 1158 et
628 1100 686 1158 in
717 1098 1059 1176 corporibus
1083 1099 1269 1158 §itiam
1309 1099 1583 1159 humanis.
1644 1098 2034 1160 Trasimenum
2065 1100 2148 1159 la-

170 1200 297 1241 cum
339 1184 552 1243 arsisse
595 1191 791 1242 totum.
860 1181 1066 1241 Servio
1113 1181 1299 1256 Tullio
1345 1183 1646 1244 dormienti
1683 1185 1739 1242 in
1783 1184 2025 1261 pueritia
2070 1200 2153 1242 ex

170 1268 358 1345 capite
387 1267 663 1327 {lammam
694 1266 1016 1326 emIcuisse.
1071 1263 1133 1324 L.
1160 1264 1379 1326 Marcio
1403 1268 1461 1325 in
1488 1266 1758 1345 Hispania
1788 1266 2150 1345 interemptis

169 1350 532 1429 Scipionibus
570 1348 926 1411 concionanti
961 1356 1020 1408 et
1058 1349 1269 1408 milites
1298 1350 1370 1410 ad
1400 1350 1671 1411 ultionem
1702 1350 2028 1410 exhortanti
2056 1367 2147 1409 ar·

166 1435 313 1495 sisse
361 1435 527 1495 simili
568 1435 739 1495 modo
769 1432 1035 1492 Valerius
1068 1431 1269 1492 Antias
1312 1443 1519 1495 narrat.
1579 1434 1645 1493 Pl
1712 1447 1747 1493 a
1791 1451 1929 1493 mox
1970 1442 2028 1492 et
2060 1432 2145 1492 di·
2171 1451 2227 1494 ιι

166 1520 442 1579 stinctius.
479 1535 627 1578 nunc
658 1518 806 1578 enim
837 1516 1078 1594 quadam
1106 1516 1347 1576 mixtura
1377 1535 1568 1576 rerum
1598 1535 1633 1577 o
1731 1518 1843 1576 ium
1868 1515 2148 1578 exhiben-

162 1610 254 1660 tur
295 1603 586 1663 miracula.
644 1619 843 1661 verum
873 1616 1114 1676 egressa
1144 1617 1307 1659 mens
1336 1601 1866 1679 interpretationem
1910 1609 2149 1660 naturae

163 1685 393 1746 festinat
417 1687 727 1763 legentium
749 1685 965 1745 animos
985 1700 1095 1761 per
1116 1691 1293 1743 totum
1316 1685 1517 1744 orbem
1538 1685 1697 1745 velut
1715 1701 1880 1743 manu
1908 1684 2149 1744 ducere.

80 1776 183 1831 242
303 1770 437 1831 108.
472 1769 677 1848 (112.)
712 1768 852 1829 Pars
894 1775 1089 1827 nostra
1120 1775 1430 1843 terrarum,
1460 1768 1539 1829 de¹
1566 1786 1679 1848 qua
1707 1781 1999 1843 memor-0,
2030 1784 2147 1828 am·

84 1872 149 1905 1⁸⁶
165 1853 341 1914 bienti
390 1855 479 1933 (ut
520 1854 729 1913 dictum
772 1851 893 1928 est)
942 1868 1165 1911 oceano
1200 1852 1362 1911 velut
1401 1857 1659 1913 innatans
1702 1853 2039 1928 longissime
2074 1849 2225 1910 abac

165 1947 293 1998 ortu
323 1938 398 1997 ad‘
428 1955 697 1998 occasum
729 1943 920 2014 patet,
962 1934 1077 1994 hoc
1112 1944 1202 1994 est
1236 1936 1307 1995 ab
1339 1934 1495 1996 India
1527 1937 1598 1997 ad
1627 1935 1894 1997 Herculis
1930 1935 2151 1995 colum-

81 2074 84 2075 γ
164 2039 266 2081 nas
297 2020 549 2082 Gadibus
579 2028 834 2080 sacratas
872 2036 1123 2086 LXXXV.
1155 2018 1390 2080 LXVIII
1418 2020 1534 2080 mil.
1569 2038 1724 2098 pass.
1744 2063 1764 2096 ,
1811 2028 1871 2078 ut
1900 2017 2149 2078 Artemi·

165 2105 308 2164 doro
354 2104 574 2165 auctori
612 2105 837 2183 placet,
884 2114 943 2164 ut
975 2122 1116 2164 vero
1157 2103 1420 2179 Isidoro,
1468 2117 1694 2179 xcvul,
1736 2111 1798 2163 et
1839 2100 2031 2162 XVIII
2069 2099 2146 2160 M.

165 2188 561 2250 Artemidorus
590 2188 762 2248 adicit
791 2189 1029 2266 amplius
1060 2207 1093 2248 a
1125 2186 1376 2248 Gadibus
1413 2187 1654 2246 circuitu
1682 2186 1835 2246 sacri
1876 2201 2149 2264 promon-

163 2273 274 2332 tori
296 2274 367 2333 ad
392 2273 837 2351 promontorium
862 2270 1190 2347 Artabrum,
1227 2287 1340 2349 quo
1366 2270 1698 2347 longissime
1722 2270 1883 2329 frons
1904 2284 2147 2347 procur·
2165 2289 2225 2331 25

79 2365 183 2419 243
202 2365 289 2416 rat
315 2355 645 2434 Hispaniae,
680 2353 1033 2415 DCCCXCI.
1089 2355 1153 2415 Id
1183 2361 1486 2414 mensurae
1518 2354 1691 2413 currit
1720 2354 1935 2432 duplici
1967 2353 2078 2411 via.
2114 2369 2152 2413 a

166 2438 364 2517 Gange
395 2459 556 2500 amne
588 2440 853 2517 ostioque
886 2440 1008 2499 eius
1039 2456 1152 2517 quo
1185 2457 1250 2497 se
1299 2438 1355 2496 in
1390 2435 1574 2497 Eoum
1603 2454 1881 2499 oceanum
1912 2433 2153 2496 effundit

165 2541 274 2602 per
306 2522 516 2584 Indiam
547 2523 1020 2601 Parthyenenque
1061 2522 1133 2582 ad
1174 2521 1556 2597 Myriandrum
1597 2521 1798 2581 urbem
1834 2520 2046 2596 syriae
2091 2519 2150 2577 in

163 2607 345 2668 Issico
392 2609 517 2667 sinu
548 2608 790 2686 positam
829 2607 939 2674 L—ll.
973 2605 1081 2664 XV
1112 2605 1171 2665 M
1205 2622 1359 2684 pass.
1382 2649 1398 2679 ,
1434 2604 1565 2664 inde
1598 2621 1878 2683 proxuma
1911 2602 2148 2678 naviga-

163 2694 317 2752 tione
344 2690 593 2771 Cyprum
625 2692 883 2765 insulam,
906 2691 1108 2750 Patara
1129 2689 1364 2765 Lyciae,
1396 2687 1678 2763 Rhodum,
1704 2686 2142 2764 Astypalaeam,
2168 2705 2228 2747 ao

164 2778 219 2835 in
244 2773 549 2855 Carpathio
571 2776 710 2835 mari
733 2775 967 2850 insulaS,
998 2772 1318 2833 Laconicae
1342 2770 1678 2846 Taenarum,
1699 2771 2032 2846 Lilybaeum
2057 2770 2149 2827 Si-

166 2861 356 2934 ciliae,
390 2858 635 2920 Caralim
665 2859 963 2919 Sardiniae
989 2857 1129 2923 ffi,
1169 2855 1249 2916 III
1273 2855 1331 2915 M
1363 2872 1554 2933 pass.,
1587 2856 1798 2916 deinde
1834 2852 2006 2915 Gadis
2026 2852 2151 2919 ff.

163 2943 206 3003 L
227 2943 285 3003 M
314 2961 492 3020 pass.,
525 2961 671 3021 quae
702 2960 965 3002 mensura
992 2943 1260 3001 universa
1290 2938 1362 2999 ab
1392 2956 1466 2997 eo
1494 2941 1635 3003 mari
1666 2938 1843 3001 efficit
1883 2940 2147 3004 LXXXV·

80 3037 184 3090 244
205 3024 676 3105 LXVIIIMpass.
717 3026 825 3085 alia
854 3028 965 3100 via,
995 3044 1142 3104 quae
1163 3022 1592 3095 certioritinere
1608 3031 1841 3081 terreno
1856 3040 2149 3096 maxume,

164 3117 323 3188 patet
365 3127 396 3167 a
429 3108 624 3186 Gange
660 3110 730 3169 ad
760 3108 1093 3186 Euphraten
1122 3125 1344 3169 amnem
1378 3109 1460 3173 1712
1491 3104 1780 3181 LXVIIII,
1829 3103 2153 3184 inde-Cap·
2173 3118 2233 3163 ⁸⁵

165 3191 446 3270 padociae
469 3191 699 3252 Mazaca
738 3190 1101 3252 CCCXVIIII
1128 3191 1206 3267 M,
1243 3191 1374 3250 inde
1408 3210 1516 3270 per
1543 3190 1865 3266 Phrygiam,
1896 3186 2153 3269 Cariam,

166 3272 795 3352 Ephesum'CCCCXV
823 3275 915 3349 M,
948 3275 1019 3335 ab
1054 3274 1293 3354 Epheso
1326 3293 1433 3352 per
1464 3274 1728 3351 Aegeum
1759 3273 2000 3352 pelagus
2028 3271 2155 3331 De·

167 3357 281 3418 lum
313 3354 443 3434 CC,
478 3356 745 3418 Isthmum
776 3357 998 3420 CCXII.
1036 3358 1107 3418 D.
1160 3359 1292 3419 inde
1319 3366 1475 3419 terra
1509 3367 1568 3418 et
1597 3357 1882 3434 Alcyonio
1911 3355 2057 3418 mari
2092 3362 2157 3417 et
