2320 3650
447 213 462 230 .
573 138 736 185 NAT.
772 138 954 187 ms‘r.
987 140 1056 187 x.
1088 136 1329 191 63-48.
1366 130 1673 206 (83—87.)
1981 129 2114 189 ‚153

76 292 263 367 coitu,
305 291 549 352 dicitur.
613 310 688 352 ex
716 309 827 353 una
858 295 1089 369 genitos
1123 306 1265 353 cxx
1295 295 1681 369 tradiderunt,
1727 297 1876 372 apud
1908 295 2116 355 Persas

73 394 223 436 vero
261 378 329 435 in
367 377 746 454 praegnantis
769 386 982 437 ventre
1007 379 1285 455 parientis
1312 389 1601 456 repertas.
1637 388 1695 439 et
1723 379 1864 438 salis
1887 387 2119 455 gustatu

76 461 203 522 fieri
240 461 996 538 praegnantis-opinantur.
1062 462 1258 539 itaque
1294 463 1505 522 desinit
1530 465 1729 522 mirum
1760 480 1898 521 esse
1931 463 2081 522 unde
2105 472 2207 527 186

73 547 161 604 vis
201 553 385 605 tanta
420 545 630 603 messis
661 544 977 622 populetur
1009 548 1246 604 murium
1291 548 1624 623 agrestium,
1658 550 1715 605 in
1737 546 1943 624 quibus
1981 547 2120 606 illud

42 645 52 680 ·›
79 646 334 707 quoque
368 627 561 688 adhuc
592 627 754 703 latet,
800 645 1046 705 quonam
1074 631 1246 690 modo
1278 630 1379 689 illa
1407 631 1708 690 multitudo
1744 640 1987 708 repente
2020 647 2119 690 oc-

76 714 254 773 cidat.
343 729 483 771 nam
521 729 635 771 nec
679 714 975 771 exanimes
1020 715 1388 791 reperiuntur
1420 732 1612 792 neque
1649 709 1840 773 eistat
1875 716 1971 791 qui
2000 732 2118 772 mu-

74 816 198 858 rem
238 798 455 857 hieme
502 796 558 853 in
593 813 737 871 agro
772 796 1060 861 effoderit.
1129 798 1374 875 plurumi
1410 800 1488 858 ita
1533 799 1603 858 ad
1635 798 1858 857 Troada
1906 813 2118 874 prove-

74 884 264 956 niunt,
305 889 378 939 et
413 882 527 940 iam
556 880 688 941 inde
725 879 1070 956 fugaverunt
1097 882 1342 941 incolas.
1409 891 1725 960 proventus
1774 898 1974 939 eorum
2006 882 2117 939 sie—

77 966 395 1026 citatibuS.
461 964 690 1025 tradunt
721 964 891 1022 eti'am
936 965 1177 1024 obituris
1214 967 1589 1025 vermiculum
1629 968 1686 1024 in
1717 966 1908 1043 eapite
1938 966 2116 1041 gigni.

43 1049 361 1127 aAegypti
405 1048 879 1107 muribus-durus
920 1049 1071 1126 pilus
1116 1050 1265 1108 sicut
1299 1051 1604 1109 irenaceis.
1665 1050 1837 1108 iidem
1873 1049 2119 1126 bipedes

76 1134 396 1194 ambulant
433 1149 542 1190 ceu
586 1130 782 1208 Alpini
832 1150 1084 1210 quoque.
1153 1130 1294 1191 Cum
1338 1134 1552 1192 diversi
1601 1136 1838 1210 generis
1886 1135 2086 1195 coiere
2105 1139 2203 1195 187

76 1217 389 1290 animalia,
409 1217 495 1276 ita
517 1215 745 1275 demum
774 1226 1076 1291 generant,
1107 1218 1155 1274 si
1188 1226 1414 1294 tempus
1442 1218 1718 1277 nascendi
1749 1235 1854 1294 par
1883 1217 2116 1276 habent.

78 1299 540 1378 Quadripedum
586 1316 695 1358 ova
730 1302 1085 1375 gignentium
1128 1300 1379 1359 lacertas
1412 1318 1517 1359 ore
1549 1319 1795 1378 parere,
1839 1310 1903 1358 ut
1933 1302 2118 1360 credi-

79 1398 168 1445 tur
199 1385 429 1459 vulgO,
463 1382 818 1443 Aristoteles
850 1394 1043 1460 negat.
1077 1402 1269 1462 neque
1308 1383 1576 1443 incubant
1609 1386 1870 1457 eaedem,
1899 1384 2120 1442 oblitae

42 1483 198 1548 5quo
252 1470 382 1528 sint
411 1469 470 1544 in
504 1467 640 1527 loeo
667 1468 896 1542 enixae,
932 1470 1200 1546 quoniam
1235 1468 1367 1527 huic
1393 1468 1620 1527 animali
1640 1467 1796 1526 nulla
1820 1469 2116 1526 memoria.

79 1557 279 1632 itaque
318 1570 438 1630 per
477 1569 542 1609 se
578 1551 759 1610 catuli·
782 1561 1107 1630 erumpunt.

143 1671 148 1678 ·
208 1638 325 1698 66.
371 1634 544 1712 (86.)
578 1635 845 1711 Anguem
881 1656 955 1695 ex
989 1636 1243 1695 medulla
1272 1635 1518 1694 hominis
1560 1637 1763 1712 spinae
1793 1636 1951 1711 gigni
1988 1652 2082 1692 ac·
2102 1643 2205 1697 188

80 1724 339 1799 cipimus
391 1737 424 1778 a
473 1719 681 1777 multis,
745 1720 1030 1798 pleraque
1088 1722 1236 1779 enim
1278 1719 1508 1779 occulta
1555 1728 1613 1778 et
1668 1736 1845 1778 caeca
1892 1718 2119 1793 origine

79 1805 471 1883 proveniunt,
504 1803 675 1863 etiam
703 1805 761 1864 in
787 1805 1204 1883 quadripedum
1237 1822 1458 1882 genere
1480 1849 1496 1879 ,
1532 1803 1633 1865 67.
1665 1805 1812 1862 sicut
1837 1802 2118 1862 salaman-

45 1892 247 1963 ndrae,
295 1886 517 1949 animal
546 1887 805 1947 lacertae
838 1889 1042 1965 ligura,
1074 1889 1386 1963 stellatum,
1420 1906 1723 1966 numquam
1759 1889 1865 1946 nisi
1889 1889 2112 1963 magnis

81 1974 375 2034 imbribus
411 1974 762 2049 proveniens
796 1983 854 2032 et
886 1975 1202 2033 serenitate
1234 1974 1524 2032 desinens,
1581 1973 1714 2031 huic
1738 1982 1925 2031 tantus
1959 1974 2121 2048 rigor

82 2069 135 2116 ut
166 2062 384 2136 ignem
420 2064 577 2114 tactu
607 2058 940 2132 exstinguat
965 2075 1079 2117 non
1111 2057 1227 2117 alio
1259 2057 1429 2117 modo
1457 2075 1625 2134 quam
1660 2057 1903 2133 glacies.
1965 2058 2116 2114 eius-

81 2144 212 2205 dem
249 2141 452 2213 sanie,
484 2157 632 2216 quae
658 2140 847 2200 lactea
878 2158 981 2200 ore
1012 2143 1280 2215 vomitur,
1319 2158 1679 2219 quacumque
1711 2149 1876 2216 parte
1910 2155 2118 2216 corpo-

80 2228 157 2285 ris
193 2223 447 2287 humani
480 2233 745 2284 contacta
775 2228 880 2284 toti
913 2226 1167 2285 defluunt
1215 2225 1348 2303 pili,
1387 2225 1563 2303 idque
1597 2224 1751 2301 quod
1790 2231 2118 2281 contactum

46 2320 171 2370 sest
204 2310 489 2369 colorem
523 2308 577 2365 in
608 2308 946 2385 vitiliginem
977 2319 1172 2368 mutat.

211 2393 324 2454 68.
365 2389 535 2469 (87.)
570 2391 866 2464 Quaedam
892 2411 1035 2470 ergo
1067 2395 1379 2469 gignuntur
1409 2410 1483 2450 ex
1506 2409 1620 2449 non
1644 2391 1854 2467 genitis
1877 2397 1935 2448 et
1958 2389 2085 2447 sine
2105 2399 2203 2451 189

81 2479 198 2537 ulla
237 2476 422 2536 simili
455 2477 700 2551 origine,
735 2486 794 2535 ut
827 2496 1000 2555 supra
1032 2478 1185 2537 dicta
1219 2487 1277 2536 et
1309 2493 1706 2554 quaecumque
1737 2493 1843 2533 ver
1881 2482 2203 2532 statum-1⁸⁸

82 2581 195 2639 que
231 2571 479 2637 tempus
523 2561 651 2619 anni
691 2571 955 2636 generat.
1019 2581 1094 2621 ex
1123 2561 1212 2620 his
1260 2560 1538 2638 quaedam
1585 2558 1725 2617 nihil
1771 2560 2010 2634 gignunt
2056 2566 2116 2615 ut

82 2644 536 2719 salamandrae,
565 2655 878 2721 *nequeest
912 2647 967 2704 in
999 2646 1086 2704 his
1119 2663 1306 2722 genus
1339 2642 2115 2712 masculum-femininumve,

50 2733 237 2791 isicut
287 2744 490 2805 neque
534 2729 591 2787 in
638 2729 907 2805 anguillis
963 2729 1343 2807 omnibusque
1395 2746 1542 2805 quae
1595 2745 1706 2785 nec
1750 2724 1955 2784 animal
2004 2741 2117 2780 nec

83 2831 264 2873 ovom
288 2821 602 2889 generant.
649 2822 909 2871 neutrum
929 2823 1018 2872 est
1044 2822 1101 2871 et
1131 2815 1346 2872 ostreis
1378 2830 1560 2888 genus
1584 2820 1644 2869 et
1668 2809 1883 2868 ceteris
1907 2807 2116 2866 adhae-

83 2897 360 2957 rentibus
395 2896 547 2955 vado
577 2896 675 2955 vel
710 2913 873 2955 saxo.
934 2896 1098 2969 Quae
1140 2907 1327 2957 autem
1371 2915 1487 2974 per
1508 2914 1576 2954 se
1606 2900 1978 2971 generantur,
2029 2892 2076 2948 si
2104 2898 2225 2952 190·

81 2983 135 3040 in
167 2982 364 3041 maris
400 2988 460 3038 et
489 2978 732 3039 feminas
763 2981 1056 3058 descripta
1090 2990 1250 3055 sunt,
1295 2988 1578 3058 generant
1624 2976 1854 3055 quidem
1901 2974 2117 3052 aliquid

86 3069 273 3144 coitu,
315 3063 426 3123 sed
471 3064 852 3142 inperfectum
896 3083 965 3124 ac
997 3065 1276 3124 dissimile
1311 3074 1370 3123 et
1411 3083 1488 3122 ex
1520 3081 1634 3141 quo
1683 3060 1821 3119 nihil
1872 3059 2118 3136 amplius

52 3157 398 3226 sglgnatur,
432 3156 492 3206 ut
520 3149 870 3208 vermiculos
914 3166 1166 3208 muscae.
1228 3149 1283 3207 id
1328 3149 1513 3224 magis
1556 3146 1874 3207 declaravit
1915 3151 2115 3203 natura

86 3251 303 3295 eorum
340 3249 492 3309 quae
523 3234 743 3315 ’,ποτε
778 3234 1072 3308 dicuntur,
1119 3232 1333 3293 arduae
1369 3231 1794 3309 explanationis
1835 3228 2021 3287 omnia
2059 3235 2118 3284 et

84 3317 367 3395 privatim
408 3315 601 3375 dicato
650 3335 834 3395 opere
876 3317 1177 3376 narranda.
1240 3325 1598 3394 quapropter
1628 3314 1915 3391 ingenium
1943 3329 2113 3389 prae-

86 3403 388 3463 dictorum
419 3409 479 3459 et
510 3401 734 3478 reliqua
762 3401 1105 3461 subtexetur
1133 3401 1525 3460 edissertatio.
1597 3409 1601 3413 ’
