2320 3650
699 91 860 151 N'A'r.
891 65 1075 152 msr.
1110 102 1244 152 1111.
1288 94 1561 173 11..(18.)
1806 61 1811 66 ’
1865 122 1876 133 -
1965 54 1970 58 .
2012 94 2130 177 165

123 257 200 321 ab
244 270 324 319 00
372 255 779 319 Cherronesus
811 255 1051 317 CXXVI
1092 258 1213 318 mil.
1281 258 1400 319 Sed
1443 278 1475 319 a
1507 259 1775 337 Bosporo
1819 260 1976 321 sinus
2018 259 2214 324 Ca-46

123 344 409 419 sthenes,
453 351 657 421 portus
693 343 918 402 Senum¹
947 350 1006 401 et
1040 341 1189 402 alter
1219 344 1316 420 qui
1345 342 1645 402 Mulierum
1678 347 2130 421 cognominatur.

122 428 588 508 promontorium
618 423 1015 500 Chrysoceras
1037 428 1094 485 in
1124 444 1240 505 quo
1265 427 1535 505 oppidum
1558 426 1887 501 Byzantium
1911 429 2132 490 liberae

128 511 483 571 conditionis
512 519 678 570 antea
701 508 894 587 Lygos
926 509 1153 569 dictum.
1200 510 1367 572 abest
1396 528 1428 570 a
1450 509 1773 571 Durrachio
1799 516 2131 590 septingen-

87 614 111 656 s
133 597 200 656 tis
223 596 506 656 undecim
523 593 755 672 ¹milibus
779 605 1068 673 passuum.
1110 602 1322 655 tantum
1345 604 1505 673 patet
1528 595 1826 672 longitudo
1852 606 2132 658 terrarum

123 681 275 742 inter
319 679 715 739 Hadriaticum
755 695 913 739 mare
956 686 1017 736 et
1068 677 1494 760 Propontidem.
1567 696 1762 738 amnes
1802 680 2130 756 Bathynias,
2144 688 2213 743 47

122 763 395 839 Pydaras»
420 761 833 822 siveAthidas.
893 761 1105 839 oppida
1136 762 1481 838 Selymbria,
1507 763 1806 826 Perinthus
1838 764 2132 824 latitudine

124 845 224 908 CC
256 847 479 926 pedum
514 846 826 906 continenti
859 845 1103 906 adnexa.
1179 847 1330 906 intus
1360 846 1536 922 Bizye
1575 864 1679 906 arx
1718 866 1918 924 regum
1951 848 2129 908 Thre-

124 934 254 992 ciae
288 949 324 990 a
368 930 544 991 Terei
584 930 809 990 nefasto
842 930 1023 989 invisa
1056 929 1482 1005 hirundinibus,
1528 932 1694 1008 regio
1727 929 1996 1008 Caenica,
2032 937 2129 992 co-

63 1029 106 1070 10
126 1015 285 1075 lonia
315 1014 714 1092 Flaviopolis,
760 1013 857 1074 ubi
898 1022 1065 1073 antea
1098 1011 1277 1074 Caela
1309 1015 1579 1094 oppidum
1614 1014 1948 1076 vocabatur.
2008 1025 2066 1076 et
2099 1034 2130 1077 a

120 1099 302 1173 Bizye
339 1098 388 1158 L
416 1099 574 1158 milia
607 1115 878 1175 passuum
906 1096 1104 1176 Apros
1152 1098 1414 1174 colonia,
1455 1113 1604 1176 quae
1645 1118 1679 1159 a
1714 1099 1992 1179 Philippis
2031 1100 2129 1172 ab·

121 1192 216 1243 est
259 1180 685 1242 CLXXXVIIII
712 1181 829 1240 mil.
866 1199 1059 1259 pass.,
1105 1190 1165 1242 at
1193 1184 1249 1241 in
1280 1199 1382 1241 ora
1424 1184 1601 1243 amnis
1632 1182 1914 1260 Erginus,
1963 1187 2126 1264 oppi-

121 1267 256 1329 dum
285 1265 398 1326 fuit
436 1264 649 1326 Ganos.
700 1265 987 1326 deseritur
1019 1274 1078 1325 et
1103 1263 1479 1341 Lysimachea
1509 1269 1619 1327 iam
1649 1268 1707 1326 in
1738 1267 2124 1329 Cherroneso.

122 1350 280 1411 alius
315 1366 568 1427 namque
593 1348 692 1410 'ibi
752 1345 1002 1409 Isthmos
1071 1351 1366 1427 angustias
1409 1350 1609 1410 similis
1659 1359 1719 1410 et
1774 1353 1898 1430 pari
1941 1353 2213 1412 lautu-48

61 1434 261 1495 15111110
314 1432 528 1493 eodem
572 1434 800 1493 nomine
841 1434 1123 1515 inlustrat.
1209 1433 1356 1494 duae
1405 1433 1582 1495 urbes
1632 1435 1916 1513 utrimque
1959 1436 2128 1496 litora

122 1518 261 1578 haut
289 1517 557 1578 dissimili
586 1517 757 1577 modo
789 1526 1063 1592 tenuere,
1108 1517 1326 1596 Pactye
1372 1535 1404 1579 a
1438 1516 2066 1596 Propontide,‡Cardia
2094 1539 2128 1579 a

121 1600 360 1662 Melane
390 1603 550 1677 sinu,
599 1602 747 1661 haec
785 1620 862 1660 ex
903 1600 1053 1661 facie
1099 1602 1215 1660 loci
1256 1604 1483 1661 nomine
1531 1612 1811 1681 accepto,
1846 1612 2127 1682 utraeque

124 1685 576 1763 conprehensae
619 1694 827 1763 postea
868 1684 1244 1760 Lysimachea
1285 1685 1338 1744 V
1389 1686 1616 1746 milibus
1650 1704 1808 1765 pass.
1851 1703 1883 1746 a
1912 1685 2126 1765 Longis

123 1771 326 1831 muris.
395 1768 800 1852 Cherronesos
833 1787 865 1830 a
899 1768 1474 1848 Ρ1011011111101111111111
1505 1769 1855 1847 Tiristasim,
1898 1767 2122 1832 Critho-

60 1864 248 1930 wten,
281 1852 509 1914 Cissam
539 1853 750 1914 flumini
781 1855 985 1930 Aegos
1024 1855 1363 1933 adpositam.
1439 1873 1589 1914 nunc
1627 1854 1801 1919 hahet
1831 1873 1863 1915 a
1898 1857 2126 1917 colonia

124 1938 293 2018 Apro
322 1936 493 1998 XXII
529 1937 647 1997 mil.
686 1952 957 2016 passuum
998 1937 1293 1998 Resiston‘
1317 1957 1392 1998 ex
1435 1939 1682 1999 adverso
1721 1939 1986 2000 coloniae
2020 1941 2122 2001 Pa-

126 2020 346 2084 tianae.
417 2020 496 2081 Et
532 2021 948 2100 Hellespontus
981 2030 1212 2100 septem
1261 2023 1346 2101 [ut
1385 2022 1651 2102 diximus]
1695 2023 1892 2084 stadiis
1943 2023 2126 2085 Euro·
2140 2034 2208 2090 49

124 2123 259 2185 pam
287 2104 366 2167 ab
394 2106 539 2181 Asia
581 2106 872 2181 dividens,
915 2115 1184 2184 quattuor
1215 2109 1366 2166 inter
1393 2125 1457 2166 se
1495 2109 1810 2167 contrarias
1841 2106 1998 2168 urbis
2027 2109 2124 2169 ha-
2180 2180 2183 2181 ⁷

124 2189 247 2265 bet,
277 2192 339 2250 in
372 2187 610 2269 Europa
643 2186 970 2269 Callipolim
1015 2199 1075 2249 et
1112 2190 1326 2250 Seston
1370 2200 1429 2250 et
1468 2191 1526 2250 in
1568 2190 1710 2251 Asia
1750 2190 2123 2269 Lampsacum

60 2283 188 2335 25et
215 2273 492 2348 Abydon.
572 2273 704 2332 dein
736 2275 1188 2351 promontorium
1224 2272 1585 2334 Cherronesi
1614 2274 1887 2335 Mastusia
1921 2275 2123 2336 adver·

126 2377 252 2418 sum
284 2353 504 2434 Sigeo,
552 2358 712 2416 cuius
746 2359 803 2416 in
833 2358 1023 2417 fronte
1058 2357 1293 2436 obliqua
1326 2357 1681 2434 Cynossema
1703 2358 1833 2436 (ita
1866 2361 2123 2439 appella·

125 2451 219 2503 tur
246 2440 527 2502 Hecubae
549 2440 877 2520 tumulus),
912 2444 1081 2502 statio
1111 2441 1479 2502 Achaeorum
1510 2452 1569 2503 et
1598 2445 1791 2518 turris,
1826 2443 2123 2504 delubrum

126 2525 438 2587 Protesilai
458 2534 517 2585 et
544 2527 601 2586 in
620 2534 878 2586 extrema
907 2524 1260 2586 Cherronesi
1280 2526 1492 2602 fronte,
1526 2545 1674 2605 quae
1702 2536 1943 2587 vocatur
1965 2527 2121 2587 Aeo·

125 2608 296 2685 lium,
342 2609 615 2688 oppidum
657 2607 893 2669 Elaeus.
986 2609 1119 2670 dein
1157 2613 1378 2689 petenti
1421 2610 1662 2672 Melana.
1695 2613 1876 2671 sinum
1920 2622 2121 2689 portus
2145 2635 2192 2669 48

62 2691 353 2755 aoCoelos
384 2702 445 2753 et
472 2693 825 2756 Panhormus
870 2702 930 2753 et
974 2712 1150 2772 supra
1194 2694 1348 2754 dicta
1389 2694 1615 2756 Cardia.
1681 2693 1907 2754 Tertius
1937 2694 2120 2754 Euro-
2137 2712 2206 2762 50

127 2793 239 2856 pac
280 2779 444 2837 sinus
488 2777 564 2837 ad
593 2776 1010 2851 hunctmodum
1047 2777 1346 2839 clauditur.
1422 2777 1646 2839 Montes
1688 2787 1851 2837 extra
1895 2779 2121 2856 praedi-

128 2869 257 2920 ctos
301 2856 589 2922 Threciae
631 2857 898 2937 Edonus,
946 2859 1319 2938 Gigemoros,
1349 2861 1621 2941 MerituS,
1655 2861 2119 2939 Melamphyllos.

127 2943 360 3005 flumina
400 2945 462 3003 in
501 2942 756 3003 Hebrum
800 2944 1061 3005 cadentia
1097 2946 1352 3022 Bargus,
1395 2946 1650 3022 Syrmus
1720 2944 2118 3021 Macedoniae,

126 3026 448 3103 Threciae,
499 3025 868 3105 Hellesponti
918 3029 1217 3106 longitudo
1274 3039 1365 3088 est
1414 3048 1588 3106 supra
1638 3029 1808 3088 dicta.
1894 3030 2121 3107 quidam
2143 3053 2190 3088 ιε

60 3109 399 3172 πΒΟΟΧΧ
424 3111 639 3175 milium
667 3110 898 3172 faciunt.
965 3113 1214 3174 'latitudo
1254 3108 1724 3175 CCCLXXXIIII
1758 3113 1972 3174 milium
2007 3124 2114 3176 est.

126 3193 375 3272 Aegaeo
417 3196 559 3254 mari
611 3208 820 3255 nomen
861 3197 1018 3257 dedit
1063 3197 1341 3276 scopulus
1379 3198 1531 3256 inter
1568 3196 1785 3257 Tenum
1828 3207 1887 3258 et
1919 3197 2196 3261 (3111011151

121 3279 325 3342 verius
359 3292 528 3358 quam
558 3279 779 3356 insula,
821 3279 954 3340 Aex
981 3282 1210 3341 nomine
1243 3297 1275 3339 a
1318 3281 1519 3359 specie
1556 3299 1798 3359 caprae,
1851 3300 1998 3360 quae
2038 3285 2115 3342 ita

130 3359 378 3424 Graecis
402 3362 752 3443 appellatur,
782 3372 1027 3445 repente
1059 3381 1093 3425 0
1125 3363 1315 3425 medio
1350 3365 1488 3423 mari
1519 3365 1813 3429 exsiliens.
1879 3373 2120 3428 cernunt

2212 3506 2256 3548 A
