2320 3650
172 93 292 156 118
449 179 454 184 7
875 108 935 155 c,
981 108 1178 155 PLINI
1222 106 1525 154 succum

171 261 337 320 cleae
382 276 614 339 quoque
656 259 849 319 altiles
877 277 1121 336 ganeam
1164 260 1489 337 inplerent,
1534 261 1698 318 cuius
1727 260 1871 317 artis
1903 258 2099 335 gloria
2134 262 2190 319 in

171 363 297 404 eam
325 344 770 420 magnitudinem
801 343 1082 422 perducta
1132 345 1208 402 sit
1251 352 1312 401 ut
1347 344 1653 419 octoginta
1710 343 2052 421 quadrantis
2095 362 2188 403 ca·

168 437 376 507 perent
406 428 758 505 singularum
789 428 1026 487 calices.
1090 436 1293 487 auctor
1324 436 1415 486 est
1444 426 1520 485 M.
1554 426 1764 487 Varro.

85 520 190 576 175
330 513 432 572 57.
472 510 638 592 (83.)
676 511 921 571 Piscium
944 529 1166 588 genera
1201 512 1507 569 etiamnum
1535 527 1568 568 a
1602 510 2020 587 Theophrasto
2048 513 2187 570 mira

171 596 510 675 produntur.
546 598 702 655 circa
733 595 1048 670 Babylonis
1075 597 1242 671 rigua
1289 593 1710 655 decedentibus
1747 593 1939 653 fluviis
1989 597 2049 654 in
2090 613 2221 659 ‹za-5

169 682 362 739 vernis
410 698 590 758 aquas
635 678 978 739 habentibus
1020 697 1326 738 remanere
1381 679 1695 757 quosdam,
1732 678 1866 737 inde
1908 681 2078 739 exire
2116 679 2187 739 ad

172 764 384 842 pabula
424 764 672 842 pinnulis
724 763 1039 840 gradientis
1085 764 1297 823 crebro
1355 762 1574 823 caudae
1619 770 1820 836 ιιιοίειι,1
1863 772 2187 841 contraque

170 849 431 908 venantis
473 848 752 924 refugere
796 848 851 906 in
894 864 1026 906 suas
1071 857 1352 906 cavernas
1396 848 1542 905 etin
1584 847 1656 904 iis
1686 845 1984 906 obversos
2008 856 2184 919 stare,
2224 879 2227 886 ·

172 934 363 1011 capita
395 949 591 990 eorum
623 945 757 990 esse
780 949 955 991 ranae
985 933 1240 990 marinae
1283 929 1815 1007 similia‚·reliqnas
1852 932 2052 1008 partis·
2080 948 2185 1007 go—

88 1017 454 1090 176bionum‚
489 1014 798 1075 branchias
830 1024 891 1074 ut
937 1016 1150 1074 ceteris
1179 1015 1457 1093 piscibus.
1525 1012 1697 1074 Circa
1740 1012 2095 1074 Heracleam
2128 1023 2184 1072 et
2205 1025 2234 1063 ¹0

173 1097 475 1160 Cromnam
509 1108 566 1158 et
592 1098 807 1173 Lycum
843 1108 903 1158 et
932 1099 1295 1158 multifariam
1328 1100 1384 1157 in
1414 1098 1598 1158 Ponto
1630 1114 1800 1157 unum
1831 1117 2023 1175 genus
2056 1117 2188 1158 esse

173 1183 328 1262 quod
373 1192 660 1242 extremas
704 1183 994 1242 fluminum·
1021 1200 1200 1262 aquas
1233 1191 1492 1242 sectetur
1523 1200 1928 1261 cavernasque
1960 1183 2076 1241 sibi
2106 1183 2184 1242 fa·

174 1268 286 1326 ciat
329 1267 386 1325 iri
430 1276 583 1326 terra
635 1276 808 1345 atque
840 1268 897 1326 in
938 1266 1044 1330 his
1071 1268 1262 1341 vivat,
1326 1268 1497 1326 etiam
1551 1268 1883 1344 reciprocis
1929 1266 2184 1326 amnibus

174 1354 395 1411 siccato
427 1351 620 1427 litore,
656 1352 831 1413 effodi
862 1369 1005 1428 ergo
1039 1343 1201 1410 motu'
1228 1350 1456 1410 demum
1493 1368 1805 1428 corporum
1833 1352 2043 1410 vivere
2082 1368 2184 1409 eos

89 1441 188 1498 177
209 1435 588 1514 adprobante.
635 1437 791 1495 circa
814 1435 1158 1496 Heracleam
1197 1434 1440 1494 eandem
1470 1434 1799 1512 eodemque
1821 1433 1986 1509 Lyco
2021 1454 2179 1494 amne
2200 1445 2236 1482 ¹³

172 1520 500 1580 decedente
544 1520 671 1578 ovis
706 1520 929 1580 relictis
960 1521 1018 1578 in
1048 1520 1184 1579 limo
1214 1519 1487 1595 generari
1527 1519 1707 1596 piscis
1738 1520 1838 1596 qui
1873 1520 1945 1578 ad
1977 1519 2182 1597 pabula

57 1651 60 1658 .
171 1604 422 1682 petenda
480 1604 763 1683 palpitent
820 1604 1046 1680 exiguis
1087 1603 1414 1676 branchiis,
1473 1620 1587 1680 quo
1632 1602 1761 1661 fieri
1805 1619 1926 1661 non
1954 1603 2183 1680 indigos

173 1690 417 1763 umoriS‚
463 1697 707 1767 propter
747 1688 905 1765 quod
946 1697 1005 1747 et
1047 1687 1332 1764 anguillas
1376 1687 1583 1746 diutius
1626 1688 1832 1745 vivere
1880 1697 2181 1765 exemptas

174 1775 359 1850 aqum,
399 1789 509 1831 ova
539 1782 727 1833 autem
765 1774 821 1832 in
853 1774 1013 1832 sicco
1060 1773 1329 1832 maturari
1364 1780 1427 1829 ut
1454 1768 1821 1831 testudinum.
1891 1772 2097 1832 eadem
2130 1773 2180 1829 in

173 1854 336 1915 Ponti
370 1857 612 1931 regione
664 1856 1018 1934 adprehendi
1060 1857 1252 1934 glacie
1298 1856 1542 1934 piscium
1579 1873 1847 1915 maxume
1890 1856 2237 1932 gobioneszo

88 1946 192 2002 178
209 1957 323 1998 non
368 1941 477 1998 nisi
509 1941 825 2018 patinarum
875 1941 1073 2000 calore
1120 1940 1353 1999 vitalem
1398 1949 1613 1999 motum
1654 1940 1917 1999 fatentis.
1986 1939 2092 1998 Est
2130 1942 2181 1998 in

174 2023 263 2083 his
295 2023 547 2102 quidem,
580 2026 805 2084 tametsi
835 2024 1111 2084 mirabilis
1131 2069 1147 2099 ,
1192 2033 1387 2084 tamen
1418 2023 1609 2101 aliqua
1640 2024 1810 2082 ratio.
1889 2024 2048 2084 idem
2076 2034 2180 2081 tra·

173 2107 253 2167 dit
295 2110 349 2167 in
391 2107 798 2186 Paphlagonia
841 2108 1017 2168 effodi
1079 2109 1257 2187 piscis
1309 2105 1858 2184 gratissimoscibis
1917 2117 2181 2167 terrenos

171 2192 301 2251 altis
344 2191 652 2252 scrobibus
694 2193 750 2251 in
784 2194 872 2252 his
918 2193 1070 2252 locis
1112 2191 1211 2267 ubi
1241 2192 1434 2252 nullae
1466 2200 1808 2267 restagnent
1836 2208 2057 2269 aquae,
2086 2193 2179 2249 mi·
2266 2256 2268 2265 J

170 2286 446 2355 ratusque
479 2285 538 2335 et
568 2278 696 2354 ipse
727 2278 886 2354 gigni
920 2279 1044 2336 sine
1079 2278 1255 2351 coitu,
1281 2277 1496 2335 umoris
1530 2274 1769 2353 quidem
1793 2275 1911 2334 vim
1936 2276 2230 2354 aliquant,
2266 2268 2267 2279 ’

177 2361 373 2419 inesse
415 2379 582 2438 quam
625 2361 845 2438 putem,
904 2379 1013 2421 ceu
1051 2377 1198 2420 vero
1242 2361 1298 2418 in
1361 2360 1496 2420 ullis
1545 2360 1920 2438 reperiantur
1970 2362 2176 2437 pisces.

173 2441 461 2522 Quidquid
498 2453 589 2504 est
621 2443 757 2520 hoc,
793 2454 954 2504 certe
987 2447 1170 2505 minus
1194 2443 1590 2507 admirabilem
1615 2452 1673 2501 et
1695 2443 1875 2502 vitam
1907 2443 2178 2522 talparum

171 2527 312 2588 facit
339 2529 456 2587 vita
491 2528 855 2588 subterranei
887 2529 1170 2604 animam,
1205 2528 1314 2587 nisi
1339 2528 1493 2589 forte
1517 2527 1796 2587 vermium
1821 2537 2178 2587 terrenorum

171 2621 230 2672 et
259 2611 347 2683 his
383 2612 644 2690 piscibus
677 2621 876 2672 natura
910 2614 1079 2672 inest.
1205 2674 1208 2683 ‚
1878 2681 1887 2690 ⁴

84 2703 189 2759 179
328 2695 428 2757 58.
465 2696 631 2776 (84.)
678 2696 894 2757 Verum
940 2696 1204 2756 omnibus
1245 2695 1546 2773 hislfidem
1588 2694 1707 2754 Nili
1751 2696 2059 2756 inundatio
2086 2694 2231 2753 aii-³·

51 2800 54 2817 ’
167 2780 284 2841 fert
313 2782 503 2841 omnia
535 2781 861 2841 excedente
883 2782 1185 2845 miraculo.
1238 2782 1458 2859 quippe
1490 2780 1808 2856 detegente
1841 2797 1921 2839 eo
1947 2776 2178 2840 musculi

145 2867 533 2949 “reperiuntur
574 2865 847 2925 inchoato
899 2883 1082 2944 opere
1136 2865 1411 2942 genitalis
1453 2881 1640 2942 aquae
1680 2871 2040 2942 terraeque,
2081 2864 2179 2921 ian

171 2961 335 3028 parte
373 2951 641 3029 corporis
674 2951 942 3009 viventes
979 2950 1293 3019 novissima
1318 2949 1519 3025 effigie
1546 2949 1858 3007 etiamnum
1888 2957 2165 3008 terrena:
2266 2996 2267 3021 i

85 3041 190 3096 180
255 3080 262 3085 -
329 3035 428 3094 59.
457 3033 625 3113 (85.)
672 3032 801 3093 Nec
835 3033 909 3093 de
941 3033 1131 3094 anthia
1167 3035 1331 3111 pisce
1364 3033 1525 3093 sileri
1563 3033 1838 3091 convenit
1869 3050 2028 3111 quae
2062 3030 2175 3109 ple-

84 3138 199 3180 mm
214 3133 430 3191 rosque
478 3117 721 3177 adverto
783 3117 1124 3177 credidisse.
1226 3116 1600 3176 Chelidonias
1654 3116 1878 3176 insulas
1943 3116 2223 3176 diximus³⁸

171 3196 347 3253 Asiae
374 3201 916 3276 scopulos-inmanis
940 3211 1071 3260 ante
1096 3203 1549 3279 promontorium
1575 3200 1732 3260 sitas.
1799 3199 1883 3260 ibi
1904 3200 2171 3276 frequens

170 3276 265 3333 hic
295 3278 475 3351 piscis
514 3291 571 3338 et
602 3284 876 3343 celeriter
911 3288 1135 3362 capitur
1163 3302 1276 3344 uno
1307 3302 1550 3361 genere.
1611 3300 1795 3361 parvo
1845 3284 2084 3360 navigio
2121 3287 2171 3338 et

174 3358 475 3416 concolori
527 3374 691 3424 veste
734 3367 1054 3446 eademque
1098 3367 1244 3428 hora
1290 3386 1398 3445 per
1444 3368 1667 3445 aliquot
1710 3367 1845 3427 die-s
1874 3368 2171 3427 contiuuo·
