2320 3650
84 115 226 179 ‘198
759 130 820 178 c,
850 130 1040 178 Pmm
1072 129 1368 179 sncnnm

101 281 412 343 Phoenice.
486 280 634 340 intus
663 289 850 341 autem
886 282 1177 345 Samariae
1210 282 1422 360 oppida
1451 279 1765 362 Neapolis,
1787 283 1963 361 quod
1994 302 2093 346 an-

100 376 195 425 tea
242 364 558 425 Mamortha
599 364 930 442 dicebatur,
978 365 1224 425 Sebaste
1267 367 1325 425 in
1365 374 1587 444 monte,
1635 376 1692 427 et
1734 366 1939 427 altiore
1982 368 2094 436 Ga}

98 449 265 508 mala.
1815 488 1816 491 κ
2001 488 2006 494 -

19 542 87 597 7ο
274 534 368 591 14.
414 533 580 611 (15.)
629 531 816 610 Supra
861 529 1184 591 Idumaeam
1233 541 1290 591 et
1331 531 1631 592 Samaritin
1667 531 1879 592 Iudaea
1912 532 2091 610 longe

101 617 332 693 lateque
376 615 644 675 funditur.
728 632 865 693 pars
901 614 1023 673 eius
1054 615 1260 689 Syriae
1294 616 1484 675 iuncta
1519 613 1778 675 Galilaea
1824 625 2090 694 vocatur,
2118 633 2146 672 5

100 698 352 757 Arabiae
382 715 525 758 vero
563 707 620 758 et
652 696 927 775 Aegypto
959 714 1237 774 proxuma
1268 697 1522 773 Peraea,
1572 698 1797 776 asperis
1829 699 2095 776 dispersa

100 780 387 848 montibus
419 790 478 841 et
517 800 548 841 a
586 782 800 840 ceteris
838 778 1067 840 Iudaeis
1114 780 1361 840 Iordane
1410 798 1574 841 amne
1618 781 1892 841 discreta.
1953 782 2091 843 reli-

103 882 214 942 qua
254 862 464 924 Iudaea
507 863 773 925 dividitur
818 865 873 923 in
914 862 1247 941 toparchias
1291 861 1347 922 X
1387 881 1499 941 quo
1548 864 1805 925 dicemus
1853 863 2112 925 ordine:

97 947 484 1007 Hiericuntem
521 946 786 1024 palmetis
820 949 1132 1022 consitam,
1180 946 1435 1006 fontibus
1473 948 1725 1023 riguam,
1775 946 2090 1024 Emmaum,

98 1029 385 1111 Lyddam,
427 1029 716 1106 Iopicam,
778 1027 1218 1105 Acrebitenam,
1264 1028 1732 1107 Gophaniticam,
1781 1028 2162 1089 Thamniti-1o

103 1131 263 1188 cam,
311 1110 886 1190 Bethleptephenen,
930 1111 1180 1189 Orinen,
1227 1113 1285 1170 in
1330 1131 1444 1191 qua
1482 1113 1647 1172 fuere
1688 1112 2091 1188 Hierosolyma

100 1196 276 1271 longe
313 1195 627 1255 clarissima
669 1195 891 1255 urbium
941 1197 1179 1255 orientis
1221 1195 1626 1256 non-Iudaeae
1657 1197 1864 1272 mod0,
1906 1195 2112 1256 Hero:

101 1279 251 1338 dium
283 1286 408 1338 c'um
441 1279 656 1357 oppido
686 1279 907 1338 inlustri
939 1279 1198 1339 eiusdem
1228 1280 1520 1339 nomiman·
1711 1308 1716 1309 ff

17 1371 81 1425 71
269 1363 366 1423 15.
421 1360 696 1422 Iordanes
728 1364 906 1423 amnis
939 1364 1118 1422 oritur
1152 1381 1187 1422 e
1218 1362 1377 1422 fonte
1406 1360 1687 1437 Paniade,
1734 1363 1830 1439 qui
1873 1378 2089 1439 cogno-

37 1463 84 1498 ⁷4
106 1463 236 1505 men
275 1444 431 1505 dedit
474 1444 800 1506 Caesareae
844 1447 917 1506 de
964 1464 1072 1523 qua
1123 1446 1402 1507 dicemuS.
1474 1446 1653 1504 amnis
1713 1463 1988 1505 amoenus
2027 1453 2091 1506 et
2109 1460 2161 1505 15

101 1538 379 1607 quatenus
444 1529 706 1589 locorum
767 1530 908 1588 situs
970 1530 1182 1606 patitur
1236 1528 1568 1589 ambitiosus
1629 1527 1967 1607 adcolisque
2023 1546 2091 1588 se

96 1611 388 1690 praebens
441 1612 604 1671 velut
643 1613 850 1672 invitus
893 1610 1260 1688 Asphaltiten
1287 1611 1491 1691 *lacum
1535 1611 1715 1671 dirum
1745 1619 1944 1671 natura
1985 1629 2089 1689 per

97 1695 194 1771 tit,
230 1712 263 1755 a
295 1712 407 1773 quo
440 1704 736 1773 postremo
779 1693 1024 1753 ebibitur
1057 1712 1351 1772 aquasque
1391 1694 1650 1754 laudatas
1685 1693 1875 1772 perdit
1908 1692 2089 1772 pesti-

98 1777 346 1838 lentibus
380 1780 605 1838 mixtas.
680 1794 823 1854 ergo
858 1776 955 1836 ubi
990 1777 1171 1855 prima
1207 1777 1553 1839 convallium
1582 1776 1685 1838 fuit
1716 1779 1986 1853 occasio,
2034 1777 2089 1836 in

98 1862 287 1921 lacum
333 1878 398 1920 se
440 1862 622 1920 fundit
672 1878 842 1938 quem
883 1860 1082 1937 plures
1129 1859 1480 1921 Genesaram
1536 1869 1776 1936 vocant,
1845 1860 1981 1923 XVI
2025 1858 2167 1922 Mac
2215 1928 2228 1936 ἣ

97 1961 370 2022 passuum
411 1943 813 2020 longitudinis,
855 1941 936 2001 VI
964 1942 1023 2002 M
1061 1943 1402 2018 latitudinis,
1446 1944 1703 2004 amoenis
1744 1943 2087 2003 circumsae-

96 2035 255 2105 ptum
287 2028 543 2105 oppidiS,
589 2027 661 2087 ab
696 2028 918 2087 oriente
955 2026 1174 2088 Iuliade
1224 2036 1282 2087 et
1322 2026 1547 2105 Hippo,
1595 2044 1628 2087 a
1656 2027 1897 2087 meridie
1930 2025 2089 2086 Tari-

102 2108 277 2186 chea,
334 2127 448 2188 quo
493 2111 719 2169 nomine
769 2110 946 2188 aliqui
991 2119 1048 2170 et
1081 2109 1268 2171 lacum
1302 2109 1632 2188 appellant,
1672 2109 1745 2169 ab
1780 2108 2089 2169 occidente

99 2192 406 2253 Tiberiade
438 2195 601 2271 aquis
637 2193 837 2254 calidis
873 2193 1107 2253 salubri.

16 2286 82 2341 72
270 2276 364 2337 16.
414 2276 780 2355 Asphaltites
821 2276 960 2335 nihil
1003 2286 1239 2355 praeter
1276 2276 1527 2335 bitumen
1570 2275 1785 2353 gignit,
1834 2274 1985 2334 unde
2029 2281 2162 2335 etas

98 2377 324 2419 nomen.
399 2360 611 2420 nullum
666 2378 875 2439 corpus
923 2361 1242 2420 animalium
1281 2361 1521 2436 recipit,
1578 2360 1722 2439 tauri
1767 2357 2088 2435 camelique
2183 2430 2189 2433 Α

97 2443 334 2502 fluitant.
399 2443 532 2504 inde
561 2444 707 2502 fama
737 2443 874 2503 nihil
906 2444 961 2503 in
997 2459 1069 2503 eo
1102 2444 1309 2520 mergi.
1386 2442 1740 2519 longitudine
1774 2440 2005 2500 excedit
2041 2436 2089 2500 O

95 2523 463 2603 Mpassuum,
497 2525 789 2586 latitudine
820 2543 1078 2586 maxuma
1100 2525 1308 2586 LXXV
1326 2525 1529 2604 inplet,
1554 2525 1797 2584 minuma
1818 2523 1916 2583 v1.
1953 2539 2088 2601 pro·

99 2610 269 2687 spicit
302 2627 429 2668 eum
463 2609 533 2668 ab
566 2611 787 2668 oriente
816 2609 1032 2669 Arabia
1071 2608 1414 2683 Nomadum,
1465 2626 1498 2668 a
1538 2608 1779 2668 meridie
1818 2605 2086 2665 Machae-

94 2711 213 2767 ruS,
247 2692 502 2751 secunda
533 2693 815 2771 quondam
849 2710 952 2751 arx
980 2691 1230 2753 Iudaeae
1262 2692 1333 2752 ab
1362 2691 1799 2765 Hierosolymis.
1880 2689 2161 2749 eodemao

96 2776 283 2835 latere
321 2784 411 2834 est
453 2775 671 2835 calidus
709 2775 839 2834 fons
882 2775 1147 2835 medicae
1190 2774 1541 2835 salubritatis
1586 2771 1871 2835 Callirroe
1911 2773 2087 2850 aqua-

94 2876 216 2918 rum
242 2857 487 2935 gloriam
518 2859 647 2937 ipso
677 2859 904 2917 nomine
934 2859 1297 2936 praeferens.

13 2949 81 3004 73
269 2942 363 3000 17.
417 2940 508 3000 Ab
543 2942 846 3002 occidente
880 2941 1047 3001 litora
1076 2941 1286 3002 Esseni
1334 2942 1557 3018 fugiunt
1604 2958 1800 3019 usque·
1827 2956 1941 3018 qua
1982 2953 2086 2998 no·

97 3033 259 3099 cent,
306 3043 453 3101 gens
484 3025 655 3100 sola,
693 3034 750 3084 et
777 3026 835 3083 in
876 3032 999 3084 toto
1032 3025 1177 3084 orbe
1207 3034 1443 3104 praeter
1475 3034 1702 3085 ceteras
1732 3024 1905 3097 mira,
1958 3022 2087 3080 sine

96 3106 212 3167 ulla
243 3107 481 3182 femina,
517 3108 667 3166 omni
700 3125 918 3167 venere
954 3107 1219 3167 abdicata
1240 3152 1257 3183 ,
1294 3109 1418 3168 sine
1450 3108 1729 3185 pecunia,
1766 3105 1930 3164 socia
1960 3102 2084 3181 pal·
2104 3116 2158 3160 35

96 3207 335 3249 marum.
431 3192 488 3248 in
541 3191 692 3250 diem
739 3208 814 3249 ex
869 3208 1056 3268 aequo
1115 3199 1500 3254 convenarum
1542 3190 1706 3249 turba
1759 3188 2087 3248 renascitur

96 3272 259 3348 large
291 3272 783 3349 frequentantibus
823 3290 969 3351 quos
1001 3275 1117 3333 vita
1159 3274 1354 3333 fessos
1388 3274 1458 3334 ad
1497 3289 1691 3332 mores
1736 3288 1935 3332 eornm
1962 3268 2083 3329 for·

96 3364 267 3414 tunae
305 3355 570 3415 fluctibus
613 3356 750 3433 agit.
848 3357 928 3416 ita
979 3374 1087 3434 per
1144 3357 1471 3417 seculorum
1511 3356 1665 3416 milia
1708 3350 2084 3432 (incredibile

2059 450 2077 467 Δ·
