<?xml version="1.0" encoding="UTF-8"?>
<!DOCTYPE html PUBLIC "-//W3C//DTD XHTML 1.0 Transitional//EN"
    "http://www.w3.org/TR/xhtml1/DTD/xhtml1-transitional.dtd">
<html xmlns="http://www.w3.org/1999/xhtml" xml:lang="en" lang="en">
 <head>
  <title>
</title>
<meta http-equiv="Content-Type" content="text/html;charset=utf-8" />
  <meta name='ocr-system' content='tesseract 3.04.00' />
  <meta name='ocr-capabilities' content='ocr_page ocr_carea ocr_par ocr_line ocrx_word'/>
</head>
<body>
  <div class='ocr_page' id='page_1' title='image "./cplinisecundina00eldegoog_0415.png"; bbox 0 0 2320 3650; ppageno 0'>
   <div class='ocr_carea' id='block_1_1' title="bbox 167 63 1480 142">
    <p class='ocr_par' dir='ltr' id='par_1_1' title="bbox 167 63 1480 142">
     <span class='ocr_line' id='line_1_1' title="bbox 167 63 1480 142; baseline -0.002 -21"><span class='ocrx_word' id='word_1_1' title='bbox 167 63 246 121; x_wconf 81' lang='lat'><strong>74</strong></span> <span class='ocrx_word' id='word_1_2' title='bbox 855 73 915 120; x_wconf 78' lang='grc' dir='ltr'><strong>ο.</strong></span> <span class='ocrx_word' id='word_1_3' title='bbox 947 74 1140 142; x_wconf 58' lang='lat' dir='ltr'><strong>Puni</strong></span> <span class='ocrx_word' id='word_1_4' title='bbox 1178 72 1480 120; x_wconf 64' lang='lat' dir='ltr'><strong>suenum</strong></span> 
     </span>
    </p>
   </div>
   <div class='ocr_carea' id='block_1_2' title="bbox 64 224 2244 3412">
    <p class='ocr_par' dir='ltr' id='par_1_2' title="bbox 168 224 2192 302">
     <span class='ocr_line' id='line_1_2' title="bbox 168 224 2192 302; baseline -0.001 -14"><span class='ocrx_word' id='word_1_5' title='bbox 168 228 296 288; x_wconf 86' lang='lat' dir='ltr'><strong>dum</strong></span> <span class='ocrx_word' id='word_1_6' title='bbox 328 225 561 299; x_wconf 84' lang='lat' dir='ltr'><strong>crebre,</strong></span> <span class='ocrx_word' id='word_1_7' title='bbox 594 227 689 302; x_wconf 90' lang='lat' dir='ltr'><strong>qui</strong></span> <span class='ocrx_word' id='word_1_8' title='bbox 718 226 826 284; x_wconf 88' lang='lat' dir='ltr'><strong>nisi</strong></span> <span class='ocrx_word' id='word_1_9' title='bbox 851 243 958 302; x_wconf 85' lang='lat' dir='ltr'><strong>per</strong></span> <span class='ocrx_word' id='word_1_10' title='bbox 979 227 1146 285; x_wconf 86' lang='lat' dir='ltr'><strong>inane</strong></span> <span class='ocrx_word' id='word_1_11' title='bbox 1179 226 1498 298; x_wconf 80' lang='lat' dir='ltr'>emicuerit,</span> <span class='ocrx_word' id='word_1_12' title='bbox 1523 224 1765 302; x_wconf 83' lang='lat' dir='ltr'><strong>repulsu</strong></span> <span class='ocrx_word' id='word_1_13' title='bbox 1779 224 2044 286; x_wconf 83' lang='lat' dir='ltr'><strong>durioris</strong></span> <span class='ocrx_word' id='word_1_14' title='bbox 2073 242 2192 302; x_wconf 67' lang='lat' dir='ltr'><strong>ma-</strong></span> 
     </span>
    </p>

    <p class='ocr_par' dir='ltr' id='par_1_3' title="bbox 86 307 2228 978">
     <span class='ocr_line' id='line_1_3' title="bbox 86 307 2192 388; baseline -0.003 -11"><span class='ocrx_word' id='word_1_15' title='bbox 86 312 383 376; x_wconf 87' lang='lat' dir='ltr'><strong>l7oteriae</strong></span> <span class='ocrx_word' id='word_1_16' title='bbox 415 309 781 368; x_wconf 69' lang='lat' dir='ltr'><strong>clauditatem</strong></span> <span class='ocrx_word' id='word_1_17' title='bbox 810 310 971 369; x_wconf 85' lang='lat' dir='ltr'><strong>illico</strong></span> <span class='ocrx_word' id='word_1_18' title='bbox 1003 308 1210 368; x_wconf 80' lang='lat' dir='ltr'><strong>adfert.</strong></span> <span class='ocrx_word' id='word_1_19' title='bbox 1246 307 1536 380; x_wconf 80' lang='lat' dir='ltr'><strong>Quaestus</strong></span> <span class='ocrx_word' id='word_1_20' title='bbox 1568 327 1643 368; x_wconf 81' lang='lat' dir='ltr'><strong>ex</strong></span> <span class='ocrx_word' id='word_1_21' title='bbox 1677 310 1976 387; x_wconf 84' lang='lat' dir='ltr'><strong>iisopima</strong></span> <span class='ocrx_word' id='word_1_22' title='bbox 2015 329 2192 388; x_wconf 80' lang='lat' dir='ltr'><strong>prae·</strong></span> 
     </span>
     <span class='ocr_line' id='line_1_4' title="bbox 168 390 2193 472; baseline -0 -18"><span class='ocrx_word' id='word_1_23' title='bbox 168 396 261 455; x_wconf 89' lang='lat' dir='ltr'><strong>dia</strong></span> <span class='ocrx_word' id='word_1_24' title='bbox 305 403 674 470; x_wconf 77' lang='lat' dir='ltr'><strong>exsuperant.</strong></span> <span class='ocrx_word' id='word_1_25' title='bbox 749 402 943 452; x_wconf 87' lang='lat' dir='ltr'><strong>notum</strong></span> <span class='ocrx_word' id='word_1_26' title='bbox 993 402 1081 453; x_wconf 88' lang='lat' dir='ltr'><strong>est</strong></span> <span class='ocrx_word' id='word_1_27' title='bbox 1125 394 1181 450; x_wconf 85' lang='lat' dir='ltr'><strong>in</strong></span> <span class='ocrx_word' id='word_1_28' title='bbox 1246 390 1559 452; x_wconf 76' lang='lat' dir='ltr'><strong>Celtiberia</strong></span> <span class='ocrx_word' id='word_1_29' title='bbox 1609 393 1870 469; x_wconf 80' lang='lat' dir='ltr'><strong>singulas</strong></span> <span class='ocrx_word' id='word_1_30' title='bbox 1909 395 2193 472; x_wconf 73' lang='lat' dir='ltr'><strong>quadrin-</strong></span> 
     </span>
     <span class='ocr_line' id='line_1_5' title="bbox 169 475 2192 575; baseline 0 -38"><span class='ocrx_word' id='word_1_31' title='bbox 169 486 344 555; x_wconf 83' lang='lat' dir='ltr'><strong>genta</strong></span> <span class='ocrx_word' id='word_1_32' title='bbox 387 478 541 537; x_wconf 88' lang='lat' dir='ltr'><strong>milia</strong></span> <span class='ocrx_word' id='word_1_33' title='bbox 584 495 867 537; x_wconf 84' lang='lat' dir='ltr'><strong>nummum</strong></span> <span class='ocrx_word' id='word_1_34' title='bbox 914 479 1145 553; x_wconf 87' lang='lat' dir='ltr'><strong>enixas,</strong></span> <span class='ocrx_word' id='word_1_35' title='bbox 1202 477 1478 536; x_wconf 89' lang='lat' dir='ltr'><strong>mularum</strong></span> <span class='ocrx_word' id='word_1_36' title='bbox 1520 494 1783 537; x_wconf 78' lang='lat' dir='ltr'><strong>maxume</strong></span> <span class='ocrx_word' id='word_1_37' title='bbox 1823 488 2022 575; x_wconf 83' lang='lat' dir='ltr'><strong>partu.</strong></span> <span class='ocrx_word' id='word_1_38' title='bbox 2096 475 2192 538; x_wconf 74' lang='lat' dir='ltr'><strong>au·</strong></span> 
     </span>
     <span class='ocr_line' id='line_1_6' title="bbox 166 560 2228 640; baseline -0.002 -19"><span class='ocrx_word' id='word_1_39' title='bbox 166 564 307 621; x_wconf 88' lang='lat' dir='ltr'><strong>rium</strong></span> <span class='ocrx_word' id='word_1_40' title='bbox 338 562 565 640; x_wconf 85' lang='lat' dir='ltr'><strong>referre</strong></span> <span class='ocrx_word' id='word_1_41' title='bbox 596 563 653 620; x_wconf 91' lang='lat' dir='ltr'><strong>in</strong></span> <span class='ocrx_word' id='word_1_42' title='bbox 680 563 767 621; x_wconf 89' lang='lat' dir='ltr'><strong>his</strong></span> <span class='ocrx_word' id='word_1_43' title='bbox 800 570 858 620; x_wconf 90' lang='lat' dir='ltr'><strong>et</strong></span> <span class='ocrx_word' id='word_1_44' title='bbox 890 560 1297 639; x_wconf 81' lang='lat' dir='ltr'><strong>palpebrarum</strong></span> <span class='ocrx_word' id='word_1_45' title='bbox 1328 562 1480 639; x_wconf 91' lang='lat' dir='ltr'><strong>pilos</strong></span> <span class='ocrx_word' id='word_1_46' title='bbox 1511 563 1683 620; x_wconf 88' lang='lat' dir='ltr'><strong>aiunt.</strong></span> <span class='ocrx_word' id='word_1_47' title='bbox 1737 564 2010 639; x_wconf 84' lang='lat' dir='ltr'><strong>quamvis</strong></span> <span class='ocrx_word' id='word_1_48' title='bbox 2036 564 2228 622; x_wconf 75' lang='lat' dir='ltr'><strong>enim</strong></span> 
     </span>
     <span class='ocr_line' id='line_1_7' title="bbox 166 645 2192 724; baseline 0 -19"><span class='ocrx_word' id='word_1_49' title='bbox 166 647 433 706; x_wconf 90' lang='lat' dir='ltr'><strong>unicolor</strong></span> <span class='ocrx_word' id='word_1_50' title='bbox 453 646 680 724; x_wconf 84' lang='lat' dir='ltr'><strong>reliquo</strong></span> <span class='ocrx_word' id='word_1_51' title='bbox 706 661 980 724; x_wconf 87' lang='lat' dir='ltr'><strong>corpore,</strong></span> <span class='ocrx_word' id='word_1_52' title='bbox 1006 645 1243 705; x_wconf 88' lang='lat' dir='ltr'><strong>totidem</strong></span> <span class='ocrx_word' id='word_1_53' title='bbox 1266 654 1455 704; x_wconf 90' lang='lat' dir='ltr'><strong>tamen</strong></span> <span class='ocrx_word' id='word_1_54' title='bbox 1481 646 1716 705; x_wconf 88' lang='lat' dir='ltr'><strong>colores</strong></span> <span class='ocrx_word' id='word_1_55' title='bbox 1743 655 1884 722; x_wconf 91' lang='lat' dir='ltr'><strong>quot</strong></span> <span class='ocrx_word' id='word_1_56' title='bbox 1910 645 2006 706; x_wconf 87' lang='lat' dir='ltr'><strong>ibi·</strong></span> <span class='ocrx_word' id='word_1_57' title='bbox 2020 647 2192 706; x_wconf 85' lang='lat' dir='ltr'><strong>fuere</strong></span> 
     </span>
     <span class='ocr_line' id='line_1_8' title="bbox 165 729 2189 807; baseline -0 -17"><span class='ocrx_word' id='word_1_58' title='bbox 165 730 375 791; x_wconf 84' lang='lat' dir='ltr'><strong>reddit.</strong></span> <span class='ocrx_word' id='word_1_59' title='bbox 439 730 637 790; x_wconf 86' lang='lat' dir='ltr'><strong>Pullos</strong></span> <span class='ocrx_word' id='word_1_60' title='bbox 685 746 879 789; x_wconf 87' lang='lat' dir='ltr'><strong>earum</strong></span> <span class='ocrx_word' id='word_1_61' title='bbox 912 729 1132 807; x_wconf 89' lang='lat' dir='ltr'><strong>epulari</strong></span> <span class='ocrx_word' id='word_1_62' title='bbox 1175 729 1499 793; x_wconf 79' lang='lat' dir='ltr'><strong>,Maecenas</strong></span> <span class='ocrx_word' id='word_1_63' title='bbox 1542 729 1781 789; x_wconf 82' lang='lat' dir='ltr'><strong>instituit</strong></span> <span class='ocrx_word' id='word_1_64' title='bbox 1822 729 2074 790; x_wconf 88' lang='lat' dir='ltr'><strong>multum</strong></span> <span class='ocrx_word' id='word_1_65' title='bbox 2119 747 2189 789; x_wconf 90' lang='lat' dir='ltr'><strong>eo</strong></span> 
     </span>
     <span class='ocr_line' id='line_1_9' title="bbox 164 813 2189 893; baseline -0 -19"><span class='ocrx_word' id='word_1_66' title='bbox 164 824 432 893; x_wconf 87' lang='lat' dir='ltr'><strong>tempore</strong></span> <span class='ocrx_word' id='word_1_67' title='bbox 466 813 763 891; x_wconf 85' lang='lat' dir='ltr'><strong>praelatos</strong></span> <span class='ocrx_word' id='word_1_68' title='bbox 795 815 1046 889; x_wconf 80' lang='lat' dir='ltr'><strong>onagris.</strong></span> <span class='ocrx_word' id='word_1_69' title='bbox 1112 822 1246 890; x_wconf 87' lang='lat' dir='ltr'><strong>post</strong></span> <span class='ocrx_word' id='word_1_70' title='bbox 1293 832 1420 873; x_wconf 88' lang='lat' dir='ltr'><strong>eum</strong></span> <span class='ocrx_word' id='word_1_71' title='bbox 1465 814 1680 874; x_wconf 88' lang='lat' dir='ltr'><strong>interiit</strong></span> <span class='ocrx_word' id='word_1_72' title='bbox 1726 816 2056 875; x_wconf 75' lang='lat' dir='ltr'><strong>auctoritas</strong></span> <span class='ocrx_word' id='word_1_73' title='bbox 2100 833 2189 873; x_wconf 84' lang='lat' dir='ltr'><strong>sa-</strong></span> 
     </span>
     <span class='ocr_line' id='line_1_10' title="bbox 167 897 1966 978; baseline -0.002 -20"><span class='ocrx_word' id='word_1_74' title='bbox 167 901 317 978; x_wconf 90' lang='lat' dir='ltr'><strong>pori.</strong></span> <span class='ocrx_word' id='word_1_75' title='bbox 381 898 564 956; x_wconf 91' lang='lat' dir='ltr'><strong>Asino</strong></span> <span class='ocrx_word' id='word_1_76' title='bbox 608 898 889 956; x_wconf 91' lang='lat' dir='ltr'><strong>moriente</strong></span> <span class='ocrx_word' id='word_1_77' title='bbox 919 898 1044 956; x_wconf 89' lang='lat' dir='ltr'><strong>viso</strong></span> <span class='ocrx_word' id='word_1_78' title='bbox 1074 897 1391 957; x_wconf 86' lang='lat' dir='ltr'><strong>celerrime</strong></span> <span class='ocrx_word' id='word_1_79' title='bbox 1421 898 1481 957; x_wconf 91' lang='lat' dir='ltr'><strong>id</strong></span> <span class='ocrx_word' id='word_1_80' title='bbox 1527 915 1714 974; x_wconf 90' lang='lat' dir='ltr'><strong>genus</strong></span> <span class='ocrx_word' id='word_1_81' title='bbox 1744 898 1966 958; x_wconf 76' lang='lat' dir='ltr'><strong>deficit.</strong></span> 
     </span>
    </p>

    <p class='ocr_par' dir='ltr' id='par_1_4' title="bbox 82 980 2239 1565">
     <span class='ocr_line' id='line_1_11' title="bbox 82 980 2238 1066; baseline -0.001 -22"><span class='ocrx_word' id='word_1_82' title='bbox 82 991 182 1046; x_wconf 88' lang='grc'><strong>171</strong></span> <span class='ocrx_word' id='word_1_83' title='bbox 326 983 426 1041; x_wconf 89' lang='grc'><strong>44.</strong></span> <span class='ocrx_word' id='word_1_84' title='bbox 468 981 636 1059; x_wconf 85' lang='grc'>(69.)</span> <span class='ocrx_word' id='word_1_85' title='bbox 685 980 775 1039; x_wconf 85' lang='lat' dir='ltr'><strong>Ex</strong></span> <span class='ocrx_word' id='word_1_86' title='bbox 806 983 967 1041; x_wconf 87' lang='lat' dir='ltr'><strong>asino</strong></span> <span class='ocrx_word' id='word_1_87' title='bbox 1000 991 1057 1040; x_wconf 92' lang='lat' dir='ltr'><strong>et</strong></span> <span class='ocrx_word' id='word_1_88' title='bbox 1084 999 1238 1066; x_wconf 76' lang='lat' dir='ltr'><strong>equa</strong></span> <span class='ocrx_word' id='word_1_89' title='bbox 1269 981 1428 1041; x_wconf 90' lang='lat' dir='ltr'><strong>mula·</strong></span> <span class='ocrx_word' id='word_1_90' title='bbox 1458 983 1713 1057; x_wconf 81' lang='lat' dir='ltr'><strong>gignitur</strong></span> <span class='ocrx_word' id='word_1_91' title='bbox 1752 1000 1959 1041; x_wconf 82' lang='lat' dir='ltr'><strong>mense</strong></span> <span class='ocrx_word' id='word_1_92' title='bbox 2010 984 2238 1043; x_wconf 70' lang='lat' dir='ltr'><strong>tertioss</strong></span> 
     </span>
     <span class='ocr_line' id='line_1_12' title="bbox 167 1064 2189 1145; baseline 0.001 -20"><span class='ocrx_word' id='word_1_93' title='bbox 167 1067 435 1140; x_wconf 80' lang='lat' dir='ltr'><strong>decumn,</strong></span> <span class='ocrx_word' id='word_1_94' title='bbox 470 1064 675 1124; x_wconf 87' lang='lat' dir='ltr'><strong>animal</strong></span> <span class='ocrx_word' id='word_1_95' title='bbox 707 1065 924 1125; x_wconf 81' lang='lat' dir='ltr'><strong>viribus</strong></span> <span class='ocrx_word' id='word_1_96' title='bbox 956 1068 1011 1125; x_wconf 91' lang='lat' dir='ltr'><strong>in</strong></span> <span class='ocrx_word' id='word_1_97' title='bbox 1042 1066 1280 1126; x_wconf 84' lang='lat' dir='ltr'><strong>labores</strong></span> <span class='ocrx_word' id='word_1_98' title='bbox 1322 1067 1609 1125; x_wconf 81' lang='lat' dir='ltr'><strong>eximium.</strong></span> <span class='ocrx_word' id='word_1_99' title='bbox 1684 1066 1755 1125; x_wconf 90' lang='lat' dir='ltr'><strong>ad</strong></span> <span class='ocrx_word' id='word_1_100' title='bbox 1801 1066 1934 1126; x_wconf 86' lang='lat' dir='ltr'><strong>talis</strong></span> <span class='ocrx_word' id='word_1_101' title='bbox 1984 1077 2189 1145; x_wconf 71' lang='lat' dir='ltr'><strong>partus</strong></span> 
     </span>
     <span class='ocr_line' id='line_1_13' title="bbox 168 1149 2190 1228; baseline 0 -21"><span class='ocrx_word' id='word_1_102' title='bbox 168 1167 351 1228; x_wconf 89' lang='lat' dir='ltr'><strong>equas</strong></span> <span class='ocrx_word' id='word_1_103' title='bbox 395 1166 588 1226; x_wconf 89' lang='lat' dir='ltr'><strong>neque</strong></span> <span class='ocrx_word' id='word_1_104' title='bbox 632 1150 943 1226; x_wconf 82' lang='lat' dir='ltr'><strong>quadrimis</strong></span> <span class='ocrx_word' id='word_1_105' title='bbox 985 1151 1240 1209; x_wconf 89' lang='lat' dir='ltr'><strong>minores</strong></span> <span class='ocrx_word' id='word_1_106' title='bbox 1284 1168 1476 1228; x_wconf 88' lang='lat' dir='ltr'><strong>neque</strong></span> <span class='ocrx_word' id='word_1_107' title='bbox 1518 1149 1879 1209; x_wconf 82' lang='lat' dir='ltr'><strong>decennibus</strong></span> <span class='ocrx_word' id='word_1_108' title='bbox 1925 1153 2190 1211; x_wconf 73' lang='lat' dir='ltr'><strong>maiores</strong></span> 
     </span>
     <span class='ocr_line' id='line_1_14' title="bbox 167 1233 2190 1314; baseline 0.001 -22"><span class='ocrx_word' id='word_1_109' title='bbox 167 1233 399 1309; x_wconf 86' lang='lat' dir='ltr'><strong>legunt,</strong></span> <span class='ocrx_word' id='word_1_110' title='bbox 445 1235 753 1312; x_wconf 83' lang='lat' dir='ltr'><strong>arcerique</strong></span> <span class='ocrx_word' id='word_1_111' title='bbox 796 1244 1095 1314; x_wconf 88' lang='lat' dir='ltr'><strong>utrumqne</strong></span> <span class='ocrx_word' id='word_1_112' title='bbox 1143 1252 1328 1310; x_wconf 82' lang='lat' dir='ltr'><strong>genus</strong></span> <span class='ocrx_word' id='word_1_113' title='bbox 1376 1234 1446 1293; x_wconf 88' lang='lat' dir='ltr'><strong>ab</strong></span> <span class='ocrx_word' id='word_1_114' title='bbox 1497 1234 1683 1294; x_wconf 88' lang='lat' dir='ltr'><strong>altero</strong></span> <span class='ocrx_word' id='word_1_115' title='bbox 1714 1243 1948 1293; x_wconf 85' lang='lat' dir='ltr'><strong>narrant</strong></span> <span class='ocrx_word' id='word_1_116' title='bbox 1982 1237 2096 1294; x_wconf 88' lang='lat' dir='ltr'><strong>nisi</strong></span> <span class='ocrx_word' id='word_1_117' title='bbox 2135 1236 2190 1295; x_wconf 79' lang='lat' dir='ltr'><strong>ia</strong></span> 
     </span>
     <span class='ocr_line' id='line_1_15' title="bbox 166 1305 2189 1403; baseline 0.001 -27"><span class='ocrx_word' id='word_1_118' title='bbox 166 1318 398 1377; x_wconf 78' lang='lat' dir='ltr'><strong>infantia</strong></span> <span class='ocrx_word' id='word_1_119' title='bbox 431 1319 555 1377; x_wconf 91' lang='lat' dir='ltr'><strong>eius</strong></span> <span class='ocrx_word' id='word_1_120' title='bbox 587 1320 822 1394; x_wconf 88' lang='lat' dir='ltr'><strong>generis</strong></span> <span class='ocrx_word' id='word_1_121' title='bbox 848 1320 1001 1397; x_wconf 88' lang='lat' dir='ltr'><strong>quod</strong></span> <span class='ocrx_word' id='word_1_122' title='bbox 1033 1319 1365 1403; x_wconf 37' lang='lat' dir='ltr'><strong>ineat-lacte</strong></span> <span class='ocrx_word' id='word_1_123' title='bbox 1397 1319 1638 1378; x_wconf 72' lang='lat' dir='ltr'><strong>hausto:</strong></span> <span class='ocrx_word' id='word_1_124' title='bbox 1664 1305 2027 1396; x_wconf 69' lang='lat' dir='ltr'><strong>qdapropter</strong></span> <span class='ocrx_word' id='word_1_125' title='bbox 2050 1319 2189 1378; x_wconf 84' lang='lat' dir='ltr'><strong>suh·</strong></span> 
     </span>
     <span class='ocr_line' id='line_1_16' title="bbox 166 1401 2239 1481; baseline -0.001 -21"><span class='ocrx_word' id='word_1_126' title='bbox 166 1411 367 1480; x_wconf 88' lang='lat' dir='ltr'><strong>reptos</strong></span> <span class='ocrx_word' id='word_1_127' title='bbox 396 1402 591 1481; x_wconf 90' lang='lat' dir='ltr'><strong>pullos</strong></span> <span class='ocrx_word' id='word_1_128' title='bbox 622 1404 678 1462; x_wconf 92' lang='lat' dir='ltr'><strong>in</strong></span> <span class='ocrx_word' id='word_1_129' title='bbox 712 1403 971 1474; x_wconf 56' lang='lat' dir='ltr'><strong>tenebris</strong></span> <span class='ocrx_word' id='word_1_130' title='bbox 1003 1420 1296 1480; x_wconf 65' lang='lat' dir='ltr'><strong>equarumx</strong></span> <span class='ocrx_word' id='word_1_131' title='bbox 1312 1401 1498 1477; x_wconf 87' lang='lat' dir='ltr'><strong>uberi,</strong></span> <span class='ocrx_word' id='word_1_132' title='bbox 1530 1403 1893 1462; x_wconf 87' lang='lat' dir='ltr'><strong>asinarumve</strong></span> <span class='ocrx_word' id='word_1_133' title='bbox 1934 1403 2239 1463; x_wconf 77' lang='lat' dir='ltr'><strong>eculeosu</strong></span> 
     </span>
     <span class='ocr_line' id='line_1_17' title="bbox 166 1486 2186 1565; baseline 0 -19"><span class='ocrx_word' id='word_1_134' title='bbox 166 1487 492 1546; x_wconf 79' lang='lat' dir='ltr'><strong>admovent.</strong></span> <span class='ocrx_word' id='word_1_135' title='bbox 556 1488 810 1563; x_wconf 80' lang='lat' dir='ltr'><strong>gignitur</strong></span> <span class='ocrx_word' id='word_1_136' title='bbox 843 1497 1032 1546; x_wconf 89' lang='lat' dir='ltr'><strong>autem</strong></span> <span class='ocrx_word' id='word_1_137' title='bbox 1065 1486 1217 1545; x_wconf 85' lang='lat' dir='ltr'><strong>mula</strong></span> <span class='ocrx_word' id='word_1_138' title='bbox 1251 1505 1326 1546; x_wconf 85' lang='lat' dir='ltr'><strong>ex</strong></span> <span class='ocrx_word' id='word_1_139' title='bbox 1358 1503 1512 1565; x_wconf 88' lang='lat' dir='ltr'><strong>equo</strong></span> <span class='ocrx_word' id='word_1_140' title='bbox 1554 1495 1615 1546; x_wconf 94' lang='lat' dir='ltr'><strong>et</strong></span> <span class='ocrx_word' id='word_1_141' title='bbox 1643 1486 1825 1561; x_wconf 83' lang='lat' dir='ltr'><strong>asina,</strong></span> <span class='ocrx_word' id='word_1_142' title='bbox 1861 1486 1971 1545; x_wconf 84' lang='lat' dir='ltr'><strong>sed</strong></span> <span class='ocrx_word' id='word_1_143' title='bbox 2003 1487 2186 1547; x_wconf 74' lang='lat' dir='ltr'><strong>effre—</strong></span> 
     </span>
    </p>

    <p class='ocr_par' dir='ltr' id='par_1_5' title="bbox 84 1570 2241 2153">
     <span class='ocr_line' id='line_1_18' title="bbox 84 1570 2187 1632; baseline -0.001 0"><span class='ocrx_word' id='word_1_144' title='bbox 84 1572 281 1632; x_wconf 80' lang='lat' dir='ltr'><strong>172nis</strong></span> <span class='ocrx_word' id='word_1_145' title='bbox 311 1580 371 1630; x_wconf 91' lang='lat' dir='ltr'><strong>et</strong></span> <span class='ocrx_word' id='word_1_146' title='bbox 398 1571 680 1631; x_wconf 82' lang='lat' dir='ltr'><strong>tarditatis</strong></span> <span class='ocrx_word' id='word_1_147' title='bbox 711 1572 1039 1631; x_wconf 87' lang='lat' dir='ltr'><strong>indomitae.</strong></span> <span class='ocrx_word' id='word_1_148' title='bbox 1108 1571 1261 1630; x_wconf 89' lang='lat' dir='ltr'><strong>laeta</strong></span> <span class='ocrx_word' id='word_1_149' title='bbox 1294 1573 1483 1630; x_wconf 88' lang='lat' dir='ltr'><strong>omina</strong></span> <span class='ocrx_word' id='word_1_150' title='bbox 1516 1571 1625 1630; x_wconf 85' lang='lat' dir='ltr'><strong>hae</strong></span> <span class='ocrx_word' id='word_1_151' title='bbox 1666 1588 1700 1629; x_wconf 91' lang='lat' dir='ltr'><strong>e</strong></span> <span class='ocrx_word' id='word_1_152' title='bbox 1731 1570 1967 1629; x_wconf 87' lang='lat' dir='ltr'><strong>vetulis.</strong></span> <span class='ocrx_word' id='word_1_153' title='bbox 2031 1570 2187 1630; x_wconf 83' lang='lat' dir='ltr'><strong>Con·</strong></span> 
     </span>
     <span class='ocr_line' id='line_1_19' title="bbox 167 1654 2188 1733; baseline -0 -18"><span class='ocrx_word' id='word_1_154' title='bbox 167 1664 398 1733; x_wconf 88' lang='lat' dir='ltr'><strong>ceptum</strong></span> <span class='ocrx_word' id='word_1_155' title='bbox 430 1673 505 1714; x_wconf 87' lang='lat' dir='ltr'><strong>ex</strong></span> <span class='ocrx_word' id='word_1_156' title='bbox 534 1671 686 1733; x_wconf 88' lang='lat' dir='ltr'><strong>equo</strong></span> <span class='ocrx_word' id='word_1_157' title='bbox 717 1665 955 1714; x_wconf 86' lang='lat' dir='ltr'><strong>secutus</strong></span> <span class='ocrx_word' id='word_1_158' title='bbox 979 1656 1121 1715; x_wconf 88' lang='lat' dir='ltr'><strong>asini</strong></span> <span class='ocrx_word' id='word_1_159' title='bbox 1165 1656 1353 1714; x_wconf 90' lang='lat' dir='ltr'><strong>coitus</strong></span> <span class='ocrx_word' id='word_1_160' title='bbox 1384 1655 1587 1714; x_wconf 89' lang='lat' dir='ltr'><strong>abortu</strong></span> <span class='ocrx_word' id='word_1_161' title='bbox 1619 1654 1869 1732; x_wconf 75' lang='lat' dir='ltr'><strong>perimit,</strong></span> <span class='ocrx_word' id='word_1_162' title='bbox 1903 1671 2026 1714; x_wconf 80' lang='lat' dir='ltr'><strong>non</strong></span> <span class='ocrx_word' id='word_1_163' title='bbox 2049 1656 2188 1714; x_wconf 74' lang='lat' dir='ltr'><strong>item</strong></span> 
     </span>
     <span class='ocr_line' id='line_1_20' title="bbox 165 1738 2187 1827; baseline 0 -30"><span class='ocrx_word' id='word_1_164' title='bbox 165 1741 309 1798; x_wconf 88' lang='lat' dir='ltr'><strong>asini</strong></span> <span class='ocrx_word' id='word_1_165' title='bbox 364 1754 569 1816; x_wconf 90' lang='lat' dir='ltr'><strong>equos.</strong></span> <span class='ocrx_word' id='word_1_166' title='bbox 639 1739 883 1798; x_wconf 88' lang='lat' dir='ltr'><strong>feminas</strong></span> <span class='ocrx_word' id='word_1_167' title='bbox 927 1757 959 1798; x_wconf 90' lang='lat' dir='ltr'><strong>a</strong></span> <span class='ocrx_word' id='word_1_168' title='bbox 1017 1748 1184 1817; x_wconf 89' lang='lat' dir='ltr'><strong>partu</strong></span> <span class='ocrx_word' id='word_1_169' title='bbox 1229 1749 1461 1817; x_wconf 85' lang='lat' dir='ltr'><strong>optume</strong></span> <span class='ocrx_word' id='word_1_170' title='bbox 1495 1748 1762 1827; x_wconf 85' lang='lat' dir='ltr'><strong>septumo</strong></span> <span class='ocrx_word' id='word_1_171' title='bbox 1818 1738 1914 1797; x_wconf 91' lang='lat' dir='ltr'><strong>die</strong></span> <span class='ocrx_word' id='word_1_172' title='bbox 1967 1739 2187 1816; x_wconf 87' lang='lat' dir='ltr'><strong>inpleri</strong></span> 
     </span>
     <span class='ocr_line' id='line_1_21' title="bbox 165 1822 2241 1903; baseline -0.003 -21"><span class='ocrx_word' id='word_1_173' title='bbox 165 1822 561 1897; x_wconf 84' lang='lat' dir='ltr'><strong>observatum,</strong></span> <span class='ocrx_word' id='word_1_174' title='bbox 598 1824 771 1882; x_wconf 88' lang='lat' dir='ltr'><strong>maris</strong></span> <span class='ocrx_word' id='word_1_175' title='bbox 802 1824 1077 1900; x_wconf 83' lang='lat' dir='ltr'><strong>fatigatos</strong></span> <span class='ocrx_word' id='word_1_176' title='bbox 1110 1823 1317 1883; x_wconf 91' lang='lat' dir='ltr'><strong>melius</strong></span> <span class='ocrx_word' id='word_1_177' title='bbox 1349 1823 1596 1903; x_wconf 82' lang='lat' dir='ltr'><strong>inplere:</strong></span> <span class='ocrx_word' id='word_1_178' title='bbox 1676 1841 1826 1901; x_wconf 90' lang='lat' dir='ltr'><strong>quae</strong></span> <span class='ocrx_word' id='word_1_179' title='bbox 1856 1840 1974 1882; x_wconf 88' lang='lat' dir='ltr'><strong>non</strong></span> <span class='ocrx_word' id='word_1_180' title='bbox 2021 1824 2241 1901; x_wconf 67' lang='lat' dir='ltr'><strong>priusw</strong></span> 
     </span>
     <span class='ocr_line' id='line_1_22' title="bbox 163 1900 2186 1986; baseline 0.001 -21"><span class='ocrx_word' id='word_1_181' title='bbox 163 1923 335 1985; x_wconf 86' lang='lat' dir='ltr'><strong>quam</strong></span> <span class='ocrx_word' id='word_1_182' title='bbox 376 1900 567 1965; x_wconf 83' lang='lat' dir='ltr'><strong>dentis</strong></span> <span class='ocrx_word' id='word_1_183' title='bbox 616 1925 763 1985; x_wconf 87' lang='lat' dir='ltr'><strong>quos</strong></span> <span class='ocrx_word' id='word_1_184' title='bbox 803 1907 1062 1986; x_wconf 87' lang='lat' dir='ltr'><strong>pullinos</strong></span> <span class='ocrx_word' id='word_1_185' title='bbox 1115 1908 1420 1986; x_wconf 87' lang='lat' dir='ltr'><strong>appellant</strong></span> <span class='ocrx_word' id='word_1_186' title='bbox 1459 1909 1631 1967; x_wconf 83' lang='lat' dir='ltr'><strong>iaciat</strong></span> <span class='ocrx_word' id='word_1_187' title='bbox 1671 1908 2018 1984; x_wconf 77' lang='lat' dir='ltr'><strong>conceperit</strong></span> <span class='ocrx_word' id='word_1_188' title='bbox 2065 1916 2186 1967; x_wconf 68' lang='lat' dir='ltr'><strong>ste-</strong></span> 
     </span>
     <span class='ocr_line' id='line_1_23' title="bbox 162 1989 2183 2069; baseline 0.001 -20"><span class='ocrx_word' id='word_1_189' title='bbox 162 1989 287 2049; x_wconf 90' lang='lat' dir='ltr'><strong>rilis</strong></span> <span class='ocrx_word' id='word_1_190' title='bbox 317 1991 694 2066; x_wconf 85' lang='lat' dir='ltr'><strong>intellegitur,</strong></span> <span class='ocrx_word' id='word_1_191' title='bbox 731 2001 791 2051; x_wconf 89' lang='lat' dir='ltr'><strong>et</strong></span> <span class='ocrx_word' id='word_1_192' title='bbox 821 2009 972 2069; x_wconf 89' lang='lat' dir='ltr'><strong>quae</strong></span> <span class='ocrx_word' id='word_1_193' title='bbox 1018 2008 1132 2051; x_wconf 90' lang='lat' dir='ltr'><strong>non</strong></span> <span class='ocrx_word' id='word_1_194' title='bbox 1162 1994 1348 2069; x_wconf 89' lang='lat' dir='ltr'><strong>primo</strong></span> <span class='ocrx_word' id='word_1_195' title='bbox 1392 1993 1528 2051; x_wconf 90' lang='lat' dir='ltr'><strong>initu</strong></span> <span class='ocrx_word' id='word_1_196' title='bbox 1561 2008 1851 2068; x_wconf 87' lang='lat' dir='ltr'><strong>generare</strong></span> <span class='ocrx_word' id='word_1_197' title='bbox 1884 1992 2183 2069; x_wconf 79' lang='lat' dir='ltr'><strong>coeperit.</strong></span> 
     </span>
     <span class='ocr_line' id='line_1_24' title="bbox 164 2072 2185 2153; baseline 0.001 -21"><span class='ocrx_word' id='word_1_198' title='bbox 164 2072 332 2152; x_wconf 86' lang='lat' dir='ltr'><strong>Equo</strong></span> <span class='ocrx_word' id='word_1_199' title='bbox 370 2083 427 2133; x_wconf 87' lang='lat' dir='ltr'><strong>et</strong></span> <span class='ocrx_word' id='word_1_200' title='bbox 471 2076 628 2134; x_wconf 88' lang='lat' dir='ltr'><strong>asina</strong></span> <span class='ocrx_word' id='word_1_201' title='bbox 660 2075 890 2152; x_wconf 89' lang='lat' dir='ltr'><strong>genitos</strong></span> <span class='ocrx_word' id='word_1_202' title='bbox 926 2077 1097 2135; x_wconf 86' lang='lat' dir='ltr'><strong>maris</strong></span> <span class='ocrx_word' id='word_1_203' title='bbox 1129 2075 1398 2135; x_wconf 89' lang='lat' dir='ltr'><strong>hinnulos</strong></span> <span class='ocrx_word' id='word_1_204' title='bbox 1431 2077 1645 2153; x_wconf 87' lang='lat' dir='ltr'><strong>antiqui</strong></span> <span class='ocrx_word' id='word_1_205' title='bbox 1678 2074 1991 2149; x_wconf 78' lang='lat' dir='ltr'><strong>vocabant,</strong></span> <span class='ocrx_word' id='word_1_206' title='bbox 2044 2092 2185 2135; x_wconf 85' lang='lat' dir='ltr'><strong>con-</strong></span> 
     </span>
    </p>

    <p class='ocr_par' dir='ltr' id='par_1_6' title="bbox 79 2158 2186 2239">
     <span class='ocr_line' id='line_1_25' title="bbox 79 2158 2186 2239; baseline -0.002 -17"><span class='ocrx_word' id='word_1_207' title='bbox 79 2168 403 2237; x_wconf 38' lang='lat' dir='ltr'><strong>173‘traque</strong></span> <span class='ocrx_word' id='word_1_208' title='bbox 445 2159 634 2218; x_wconf 90' lang='lat' dir='ltr'><strong>mulos</strong></span> <span class='ocrx_word' id='word_1_209' title='bbox 665 2176 812 2237; x_wconf 86' lang='lat' dir='ltr'><strong>quos</strong></span> <span class='ocrx_word' id='word_1_210' title='bbox 847 2162 993 2219; x_wconf 91' lang='lat' dir='ltr'><strong>asini</strong></span> <span class='ocrx_word' id='word_1_211' title='bbox 1033 2169 1095 2219; x_wconf 88' lang='lat' dir='ltr'><strong>et</strong></span> <span class='ocrx_word' id='word_1_212' title='bbox 1136 2178 1323 2239; x_wconf 89' lang='lat' dir='ltr'><strong>equae</strong></span> <span class='ocrx_word' id='word_1_213' title='bbox 1356 2168 1725 2236; x_wconf 83' lang='lat' dir='ltr'><strong>generarent.</strong></span> <span class='ocrx_word' id='word_1_214' title='bbox 1787 2158 2186 2219; x_wconf 72' lang='lat' dir='ltr'><strong>Observatum</strong></span> 
     </span>
    </p>

    <p class='ocr_par' dir='ltr' id='par_1_7' title="bbox 64 2243 2244 2740">
     <span class='ocr_line' id='line_1_26' title="bbox 64 2243 2244 2321; baseline 0 -19"><span class='ocrx_word' id='word_1_215' title='bbox 64 2252 75 2271; x_wconf 79' lang='lat'>⁸</span> <span class='ocrx_word' id='word_1_216' title='bbox 161 2261 196 2302; x_wconf 92' lang='lat' dir='ltr'><strong>e</strong></span> <span class='ocrx_word' id='word_1_217' title='bbox 232 2243 459 2302; x_wconf 87' lang='lat' dir='ltr'><strong>duobus</strong></span> <span class='ocrx_word' id='word_1_218' title='bbox 495 2245 742 2303; x_wconf 82' lang='lat' dir='ltr'><strong>diversis</strong></span> <span class='ocrx_word' id='word_1_219' title='bbox 785 2244 1100 2321; x_wconf 87' lang='lat' dir='ltr'><strong>generibus</strong></span> <span class='ocrx_word' id='word_1_220' title='bbox 1135 2253 1268 2304; x_wconf 89' lang='lat' dir='ltr'><strong>nata</strong></span> <span class='ocrx_word' id='word_1_221' title='bbox 1309 2246 1462 2304; x_wconf 87' lang='lat' dir='ltr'><strong>tertii</strong></span> <span class='ocrx_word' id='word_1_222' title='bbox 1490 2245 1727 2320; x_wconf 85' lang='lat' dir='ltr'><strong>generis</strong></span> <span class='ocrx_word' id='word_1_223' title='bbox 1774 2243 1900 2301; x_wconf 85' lang='lat' dir='ltr'><strong>fieri</strong></span> <span class='ocrx_word' id='word_1_224' title='bbox 1949 2252 2007 2302; x_wconf 89' lang='lat' dir='ltr'><strong>et</strong></span> <span class='ocrx_word' id='word_1_225' title='bbox 2041 2258 2244 2303; x_wconf 52' lang='lat' dir='ltr'><strong>neu-v</strong></span> 
     </span>
     <span class='ocr_line' id='line_1_27' title="bbox 158 2328 2185 2405; baseline 0 -21"><span class='ocrx_word' id='word_1_226' title='bbox 158 2328 233 2385; x_wconf 82' lang='lat' dir='ltr'><strong>tri</strong></span> <span class='ocrx_word' id='word_1_227' title='bbox 270 2337 572 2404; x_wconf 90' lang='lat' dir='ltr'><strong>parentum</strong></span> <span class='ocrx_word' id='word_1_228' title='bbox 607 2345 740 2387; x_wconf 88' lang='lat' dir='ltr'><strong>esse</strong></span> <span class='ocrx_word' id='word_1_229' title='bbox 774 2329 998 2403; x_wconf 86' lang='lat' dir='ltr'><strong>similia,</strong></span> <span class='ocrx_word' id='word_1_230' title='bbox 1035 2345 1222 2405; x_wconf 88' lang='lat' dir='ltr'><strong>eaque</strong></span> <span class='ocrx_word' id='word_1_231' title='bbox 1258 2329 1386 2405; x_wconf 88' lang='lat' dir='ltr'><strong>ipsa</strong></span> <span class='ocrx_word' id='word_1_232' title='bbox 1417 2345 1568 2405; x_wconf 90' lang='lat' dir='ltr'><strong>quae</strong></span> <span class='ocrx_word' id='word_1_233' title='bbox 1612 2336 1739 2386; x_wconf 87' lang='lat' dir='ltr'><strong>sunt</strong></span> <span class='ocrx_word' id='word_1_234' title='bbox 1785 2328 1865 2385; x_wconf 86' lang='lat' dir='ltr'><strong>ita</strong></span> <span class='ocrx_word' id='word_1_235' title='bbox 1900 2336 2036 2387; x_wconf 89' lang='lat' dir='ltr'><strong>nata</strong></span> <span class='ocrx_word' id='word_1_236' title='bbox 2067 2343 2185 2386; x_wconf 83' lang='lat' dir='ltr'><strong>noa</strong></span> 
     </span>
     <span class='ocr_line' id='line_1_28' title="bbox 161 2409 2181 2489; baseline -0 -21"><span class='ocrx_word' id='word_1_237' title='bbox 161 2412 407 2486; x_wconf 85' lang='lat' dir='ltr'><strong>gignere</strong></span> <span class='ocrx_word' id='word_1_238' title='bbox 443 2413 499 2470; x_wconf 90' lang='lat' dir='ltr'><strong>in</strong></span> <span class='ocrx_word' id='word_1_239' title='bbox 528 2414 679 2471; x_wconf 91' lang='lat' dir='ltr'><strong>omni</strong></span> <span class='ocrx_word' id='word_1_240' title='bbox 712 2410 1032 2472; x_wconf 88' lang='lat' dir='ltr'><strong>animalium</strong></span> <span class='ocrx_word' id='word_1_241' title='bbox 1065 2429 1311 2489; x_wconf 83' lang='lat' dir='ltr'><strong>genere,</strong></span> <span class='ocrx_word' id='word_1_242' title='bbox 1338 2411 1559 2470; x_wconf 86' lang='lat' dir='ltr'><strong>idcirco</strong></span> <span class='ocrx_word' id='word_1_243' title='bbox 1582 2409 1917 2470; x_wconf 83' lang='lat' dir='ltr'><strong>mulas-non</strong></span> <span class='ocrx_word' id='word_1_244' title='bbox 1940 2427 2181 2488; x_wconf 72' lang='lat' dir='ltr'><strong>parere.</strong></span> 
     </span>
     <span class='ocr_line' id='line_1_29' title="bbox 161 2494 2180 2574; baseline 0.001 -23"><span class='ocrx_word' id='word_1_245' title='bbox 161 2503 250 2552; x_wconf 88' lang='lat' dir='ltr'><strong>est</strong></span> <span class='ocrx_word' id='word_1_246' title='bbox 293 2496 350 2552; x_wconf 91' lang='lat' dir='ltr'><strong>in</strong></span> <span class='ocrx_word' id='word_1_247' title='bbox 381 2496 679 2555; x_wconf 88' lang='lat' dir='ltr'><strong>annalibus</strong></span> <span class='ocrx_word' id='word_1_248' title='bbox 705 2498 919 2556; x_wconf 89' lang='lat' dir='ltr'><strong>nostris</strong></span> <span class='ocrx_word' id='word_1_249' title='bbox 951 2497 1261 2574; x_wconf 83' lang='lat' dir='ltr'><strong>peperisse</strong></span> <span class='ocrx_word' id='word_1_250' title='bbox 1298 2512 1503 2573; x_wconf 87' lang='lat' dir='ltr'><strong>saepe,</strong></span> <span class='ocrx_word' id='word_1_251' title='bbox 1536 2511 1734 2554; x_wconf 88' lang='lat' dir='ltr'><strong>verum</strong></span> <span class='ocrx_word' id='word_1_252' title='bbox 1760 2494 1995 2571; x_wconf 86' lang='lat' dir='ltr'><strong>prodigi</strong></span> <span class='ocrx_word' id='word_1_253' title='bbox 2041 2494 2180 2554; x_wconf 68' lang='lat' dir='ltr'><strong>loeo</strong></span> 
     </span>
     <span class='ocr_line' id='line_1_30' title="bbox 158 2575 2179 2658; baseline 0.001 -23"><span class='ocrx_word' id='word_1_254' title='bbox 158 2576 430 2637; x_wconf 86' lang='lat' dir='ltr'><strong>habitum.</strong></span> <span class='ocrx_word' id='word_1_255' title='bbox 496 2579 934 2658; x_wconf 85' lang='lat' dir='ltr'><strong>Theophrastus</strong></span> <span class='ocrx_word' id='word_1_256' title='bbox 978 2580 1158 2656; x_wconf 87' lang='lat' dir='ltr'><strong>volgo</strong></span> <span class='ocrx_word' id='word_1_257' title='bbox 1198 2597 1407 2657; x_wconf 86' lang='lat' dir='ltr'><strong>parere</strong></span> <span class='ocrx_word' id='word_1_258' title='bbox 1455 2581 1512 2638; x_wconf 92' lang='lat' dir='ltr'><strong>in</strong></span> <span class='ocrx_word' id='word_1_259' title='bbox 1562 2575 1936 2656; x_wconf 70' lang='lat' dir='ltr'><strong>Cappadocia</strong></span> <span class='ocrx_word' id='word_1_260' title='bbox 1980 2578 2179 2652; x_wconf 77' lang='lat' dir='ltr'><strong>tradit,</strong></span> 
     </span>
     <span class='ocr_line' id='line_1_31' title="bbox 160 2658 2243 2740; baseline -0 -20"><span class='ocrx_word' id='word_1_261' title='bbox 160 2663 265 2721; x_wconf 89' lang='lat' dir='ltr'><strong>sed</strong></span> <span class='ocrx_word' id='word_1_262' title='bbox 310 2680 445 2723; x_wconf 90' lang='lat' dir='ltr'><strong>esse</strong></span> <span class='ocrx_word' id='word_1_263' title='bbox 484 2663 539 2723; x_wconf 84' lang='lat' dir='ltr'><strong>id</strong></span> <span class='ocrx_word' id='word_1_264' title='bbox 588 2664 792 2723; x_wconf 88' lang='lat' dir='ltr'><strong>animal</strong></span> <span class='ocrx_word' id='word_1_265' title='bbox 836 2663 914 2722; x_wconf 90' lang='lat' dir='ltr'><strong>ibi</strong></span> <span class='ocrx_word' id='word_1_266' title='bbox 958 2665 1043 2722; x_wconf 89' lang='lat' dir='ltr'><strong>sni</strong></span> <span class='ocrx_word' id='word_1_267' title='bbox 1086 2658 1345 2740; x_wconf 87' lang='lat' dir='ltr'><strong>generis.</strong></span> <span class='ocrx_word' id='word_1_268' title='bbox 1410 2663 1603 2724; x_wconf 83' lang='lat' dir='ltr'><strong>Mulae</strong></span> <span class='ocrx_word' id='word_1_269' title='bbox 1648 2662 1992 2722; x_wconf 87' lang='lat' dir='ltr'><strong>calcitratus</strong></span> <span class='ocrx_word' id='word_1_270' title='bbox 2032 2660 2243 2731; x_wconf 72' lang='lat' dir='ltr'><strong>inhi-so</strong></span> 
     </span>
    </p>

    <p class='ocr_par' dir='ltr' id='par_1_8' title="bbox 78 2746 2235 3328">
     <span class='ocr_line' id='line_1_32' title="bbox 78 2746 2179 2826; baseline -0.002 -18"><span class='ocrx_word' id='word_1_271' title='bbox 78 2753 180 2808; x_wconf 83' lang='lat'><strong>174</strong></span> <span class='ocrx_word' id='word_1_272' title='bbox 193 2747 363 2806; x_wconf 88' lang='lat' dir='ltr'><strong>betur</strong></span> <span class='ocrx_word' id='word_1_273' title='bbox 393 2748 510 2806; x_wconf 81' lang='lat' dir='ltr'><strong>vini</strong></span> <span class='ocrx_word' id='word_1_274' title='bbox 542 2747 843 2806; x_wconf 88' lang='lat' dir='ltr'><strong>crebriore</strong></span> <span class='ocrx_word' id='word_1_275' title='bbox 874 2757 1035 2824; x_wconf 87' lang='lat' dir='ltr'><strong>potu.</strong></span> <span class='ocrx_word' id='word_1_276' title='bbox 1113 2746 1178 2806; x_wconf 89' lang='lat' dir='ltr'><strong>In</strong></span> <span class='ocrx_word' id='word_1_277' title='bbox 1208 2747 1455 2826; x_wconf 87' lang='lat' dir='ltr'><strong>plurium</strong></span> <span class='ocrx_word' id='word_1_278' title='bbox 1487 2747 1842 2807; x_wconf 84' lang='lat' dir='ltr'><strong>Graecorum</strong></span> <span class='ocrx_word' id='word_1_279' title='bbox 1873 2754 1970 2804; x_wconf 86' lang='lat' dir='ltr'><strong>est</strong></span> <span class='ocrx_word' id='word_1_280' title='bbox 1996 2746 2179 2805; x_wconf 74' lang='lat' dir='ltr'><strong>meni—</strong></span> 
     </span>
     <span class='ocr_line' id='line_1_33' title="bbox 155 2830 2177 2912; baseline -0.001 -23"><span class='ocrx_word' id='word_1_281' title='bbox 155 2832 365 2889; x_wconf 89' lang='lat' dir='ltr'><strong>mentis</strong></span> <span class='ocrx_word' id='word_1_282' title='bbox 399 2850 525 2891; x_wconf 89' lang='lat' dir='ltr'><strong>cum</strong></span> <span class='ocrx_word' id='word_1_283' title='bbox 558 2848 706 2908; x_wconf 87' lang='lat' dir='ltr'><strong>equa</strong></span> <span class='ocrx_word' id='word_1_284' title='bbox 737 2830 874 2890; x_wconf 91' lang='lat' dir='ltr'><strong>muli</strong></span> <span class='ocrx_word' id='word_1_285' title='bbox 910 2833 1064 2891; x_wconf 88' lang='lat' dir='ltr'><strong>coitu</strong></span> <span class='ocrx_word' id='word_1_286' title='bbox 1094 2841 1286 2891; x_wconf 89' lang='lat' dir='ltr'><strong>natum</strong></span> <span class='ocrx_word' id='word_1_287' title='bbox 1318 2849 1500 2912; x_wconf 53' lang='lat' dir='ltr'><strong>quem’</strong></span> <span class='ocrx_word' id='word_1_288' title='bbox 1529 2832 1870 2891; x_wconf 87' lang='lat' dir='ltr'><strong>vocaverint</strong></span> <span class='ocrx_word' id='word_1_289' title='bbox 1916 2831 2177 2905; x_wconf 57' lang='lat' dir='ltr'><strong>ghaun,</strong></span> 
     </span>
     <span class='ocr_line' id='line_1_34' title="bbox 157 2914 2177 2993; baseline 0.002 -21"><span class='ocrx_word' id='word_1_290' title='bbox 157 2915 211 2973; x_wconf 92' lang='lat' dir='ltr'><strong>id</strong></span> <span class='ocrx_word' id='word_1_291' title='bbox 259 2924 349 2974; x_wconf 89' lang='lat' dir='ltr'><strong>est</strong></span> <span class='ocrx_word' id='word_1_292' title='bbox 384 2933 622 2992; x_wconf 87' lang='lat' dir='ltr'><strong>parvum</strong></span> <span class='ocrx_word' id='word_1_293' title='bbox 668 2915 901 2974; x_wconf 90' lang='lat' dir='ltr'><strong>mulum.</strong></span> <span class='ocrx_word' id='word_1_294' title='bbox 966 2924 1322 2992; x_wconf 85' lang='lat' dir='ltr'><strong>generantur</strong></span> <span class='ocrx_word' id='word_1_295' title='bbox 1354 2934 1429 2975; x_wconf 82' lang='lat' dir='ltr'><strong>ex</strong></span> <span class='ocrx_word' id='word_1_296' title='bbox 1474 2933 1624 2993; x_wconf 92' lang='lat' dir='ltr'><strong>equa</strong></span> <span class='ocrx_word' id='word_1_297' title='bbox 1643 2923 1714 2974; x_wconf 81' lang='lat' dir='ltr'><strong>et</strong></span> <span class='ocrx_word' id='word_1_298' title='bbox 1749 2914 1989 2990; x_wconf 80' lang='lat' dir='ltr'><strong>onagris</strong></span> <span class='ocrx_word' id='word_1_299' title='bbox 2020 2930 2177 2977; x_wconf 62' lang='lat' dir='ltr'><strong>man·</strong></span> 
     </span>
     <span class='ocr_line' id='line_1_35' title="bbox 158 2998 2176 3076; baseline 0 -20"><span class='ocrx_word' id='word_1_300' title='bbox 158 2999 434 3057; x_wconf 85' lang='lat' dir='ltr'><strong>suefactis</strong></span> <span class='ocrx_word' id='word_1_301' title='bbox 463 2998 655 3057; x_wconf 83' lang='lat' dir='ltr'><strong>mulae</strong></span> <span class='ocrx_word' id='word_1_302' title='bbox 686 2999 930 3059; x_wconf 82' lang='lat' dir='ltr'><strong>veloces</strong></span> <span class='ocrx_word' id='word_1_303' title='bbox 961 3002 1017 3059; x_wconf 91' lang='lat' dir='ltr'><strong>in</strong></span> <span class='ocrx_word' id='word_1_304' title='bbox 1044 3018 1237 3074; x_wconf 90' lang='lat' dir='ltr'><strong>cursu,</strong></span> <span class='ocrx_word' id='word_1_305' title='bbox 1282 3000 1489 3060; x_wconf 89' lang='lat' dir='ltr'><strong>duritia</strong></span> <span class='ocrx_word' id='word_1_306' title='bbox 1519 2999 1729 3058; x_wconf 58' lang='lat' dir='ltr'><strong>&gt;eximia</strong></span> <span class='ocrx_word' id='word_1_307' title='bbox 1776 2998 2024 3076; x_wconf 90' lang='lat' dir='ltr'><strong>pedum,</strong></span> <span class='ocrx_word' id='word_1_308' title='bbox 2075 3013 2176 3057; x_wconf 75' lang='lat' dir='ltr'><strong>-ve-</strong></span> 
     </span>
     <span class='ocr_line' id='line_1_36' title="bbox 156 3082 2235 3161; baseline 0.001 -24"><span class='ocrx_word' id='word_1_309' title='bbox 156 3098 279 3138; x_wconf 88' lang='lat' dir='ltr'><strong>rum</strong></span> <span class='ocrx_word' id='word_1_310' title='bbox 336 3082 593 3157; x_wconf 83' lang='lat' dir='ltr'><strong>strigoso</strong></span> <span class='ocrx_word' id='word_1_311' title='bbox 638 3099 912 3161; x_wconf 83' lang='lat' dir='ltr'><strong>corpore,</strong></span> <span class='ocrx_word' id='word_1_312' title='bbox 948 3085 1226 3144; x_wconf 85' lang='lat' dir='ltr'><strong>indomito</strong></span> <span class='ocrx_word' id='word_1_313' title='bbox 1258 3085 1490 3143; x_wconf 65' lang='lat' dir='ltr'><strong>animm</strong></span> <span class='ocrx_word' id='word_1_314' title='bbox 1533 3083 1637 3143; x_wconf 79' lang='lat' dir='ltr'><strong>sed</strong></span> <span class='ocrx_word' id='word_1_315' title='bbox 1673 3089 1991 3158; x_wconf 85' lang='lat' dir='ltr'><strong>generator</strong></span> <span class='ocrx_word' id='word_1_316' title='bbox 2035 3097 2235 3140; x_wconf 74' lang='lat' dir='ltr'><strong>ona-ns</strong></span> 
     </span>
     <span class='ocr_line' id='line_1_37' title="bbox 156 3164 2172 3243; baseline 0.002 -24"><span class='ocrx_word' id='word_1_317' title='bbox 156 3178 264 3237; x_wconf 89' lang='lat' dir='ltr'><strong>gro</strong></span> <span class='ocrx_word' id='word_1_318' title='bbox 317 3172 375 3221; x_wconf 93' lang='lat' dir='ltr'><strong>et</strong></span> <span class='ocrx_word' id='word_1_319' title='bbox 419 3167 574 3223; x_wconf 89' lang='lat' dir='ltr'><strong>asina</strong></span> <span class='ocrx_word' id='word_1_320' title='bbox 619 3169 851 3242; x_wconf 85' lang='lat' dir='ltr'><strong>genitus</strong></span> <span class='ocrx_word' id='word_1_321' title='bbox 902 3171 1088 3226; x_wconf 87' lang='lat' dir='ltr'><strong>omnis</strong></span> <span class='ocrx_word' id='word_1_322' title='bbox 1146 3168 1482 3226; x_wconf 85' lang='lat' dir='ltr'><strong>antecellet.</strong></span> <span class='ocrx_word' id='word_1_323' title='bbox 1556 3167 1761 3243; x_wconf 85' lang='lat' dir='ltr'><strong>onagri</strong></span> <span class='ocrx_word' id='word_1_324' title='bbox 1813 3166 1870 3224; x_wconf 91' lang='lat' dir='ltr'><strong>in</strong></span> <span class='ocrx_word' id='word_1_325' title='bbox 1922 3164 2172 3242; x_wconf 75' lang='lat' dir='ltr'><strong>Phrygia</strong></span> 
     </span>
     <span class='ocr_line' id='line_1_38' title="bbox 159 3243 2170 3328; baseline 0.003 -27"><span class='ocrx_word' id='word_1_326' title='bbox 159 3251 218 3301; x_wconf 89' lang='lat' dir='ltr'><strong>et</strong></span> <span class='ocrx_word' id='word_1_327' title='bbox 257 3243 551 3318; x_wconf 78' lang='lat' dir='ltr'><strong>Lycaonia</strong></span> <span class='ocrx_word' id='word_1_328' title='bbox 592 3252 913 3327; x_wconf 87' lang='lat' dir='ltr'><strong>praecipui.</strong></span> <span class='ocrx_word' id='word_1_329' title='bbox 980 3251 1155 3328; x_wconf 90' lang='lat' dir='ltr'><strong>pullis</strong></span> <span class='ocrx_word' id='word_1_330' title='bbox 1208 3267 1409 3310; x_wconf 89' lang='lat' dir='ltr'><strong>eorum</strong></span> <span class='ocrx_word' id='word_1_331' title='bbox 1456 3268 1564 3309; x_wconf 90' lang='lat' dir='ltr'><strong>cen</strong></span> <span class='ocrx_word' id='word_1_332' title='bbox 1608 3248 2037 3328; x_wconf 74' lang='lat' dir='ltr'><strong>praestantibus</strong></span> <span class='ocrx_word' id='word_1_333' title='bbox 2081 3265 2170 3308; x_wconf 82' lang='lat' dir='ltr'><strong>sa·</strong></span> 
     </span>
    </p>

    <p class='ocr_par' dir='ltr' id='par_1_9' title="bbox 74 3328 2167 3412">
     <span class='ocr_line' id='line_1_39' title="bbox 74 3328 2167 3412; baseline 0.002 -26"><span class='ocrx_word' id='word_1_334' title='bbox 74 3335 174 3387; x_wconf 86' lang='lat'><strong>175</strong></span> <span class='ocrx_word' id='word_1_335' title='bbox 199 3343 346 3403; x_wconf 89' lang='lat' dir='ltr'><strong>pore</strong></span> <span class='ocrx_word' id='word_1_336' title='bbox 404 3328 602 3388; x_wconf 79' lang='lat' dir='ltr'><strong>Africa</strong></span> <span class='ocrx_word' id='word_1_337' title='bbox 651 3333 967 3408; x_wconf 81' lang='lat' dir='ltr'><strong>gloriatur,</strong></span> <span class='ocrx_word' id='word_1_338' title='bbox 1026 3350 1175 3411; x_wconf 86' lang='lat' dir='ltr'><strong>quos</strong></span> <span class='ocrx_word' id='word_1_339' title='bbox 1239 3333 1538 3393; x_wconf 85' lang='lat' dir='ltr'><strong>lalisiones</strong></span> <span class='ocrx_word' id='word_1_340' title='bbox 1592 3333 1869 3412; x_wconf 89' lang='lat' dir='ltr'><strong>appellat.</strong></span> <span class='ocrx_word' id='word_1_341' title='bbox 1953 3330 2167 3392; x_wconf 66' lang='lat' dir='ltr'><strong>Mulon</strong></span> 
     </span>
    </p>
   </div>
  </div>
 </body>
</html>
