2320 3650
586 61 749 153 rm.
777 100 959 149 msr.
992 100 1095 148 111.
1140 96 1310 149 4—5.
1344 86 1573 172 (5—6.)
2029 91 2139 152 131

185 256 393 335 gissime
435 255 489 313 in
531 256 832 315 meridiem
863 254 937 314 ab
968 254 1202 332 Alpium
1246 272 1433 332 paene
1464 255 1671 315 lunatis
1702 256 1852 333 iugis
1881 257 1939 315 in
1970 257 2147 316 maria

183 341 408 401 excurrit
430 337 608 401 Italia.
670 338 763 397 Ab
797 356 868 397 eo
893 337 1175 398 Graeciae
1204 355 1326 414 ora,
1358 355 1495 397 mox
1517 338 1814 415 Salentini,
1846 340 2145 417 Peduculi,

181 424 349 502 Apuli,
386 422 627 499 Peligni,
660 421 951 496 Frentani,
977 420 1309 498 Marrucini,
1333 422 1580 497 Vestini,
1608 423 1826 500 Sabini,
1852 424 2144 500 Picentes,

181 507 323 584 Galli,
357 506 575 582 Umbri,
608 505 817 580 Tusci,
848 505 1079 580 Veneti,
1113 503 1316 580 Carni,
1351 505 1619 583 lapydeS,
1650 506 1861 582 Histri,
1892 506 2143 567 Liburni.

146 590 286 651 sNec
313 593 517 667 ignoro
548 590 756 666 ingrati
799 606 868 648 ac
903 590 1100 665 segnis
1136 591 1303 649 animi
1336 590 1666 649 existumari
1707 608 1884 668 posse
1916 593 2143 667 merito,
2161 607 2231 662 39

176 675 216 733 si
241 674 490 735 breviter
530 684 702 753 atque
746 672 801 732 in
839 682 1169 732 transcursu
1200 673 1272 733 ad
1302 673 1451 732 hunc
1479 673 1707 733 modum
1740 674 1961 733 dicatur
1987 684 2146 735 terra

174 760 392 817 omnium
436 767 720 818 terrarum
764 756 987 817 alumna
1035 756 1244 816 eadem
1293 766 1351 816 et
1398 774 1647 834 parens,
1701 758 1927 816 numine
1979 757 2145 817 deum

173 841 337 901 electa
371 859 521 920 quae
555 840 780 900 caelum
803 840 987 916 ipsum
1011 840 1222 900 clarius
1244 840 1488 915 faceret,
1526 858 1728 918 sparsa
1755 850 2147 917 congregaret

173 926 385 1002 imperia
413 926 676 1003 ritusque
707 923 960 983 molliret
983 932 1041 984 et
1064 932 1148 983 tot
1174 922 1518 1001 populorum
1541 924 1846 984 discordes
1867 925 2143 1002 ferasque

122 1018 159 1060 ιο
174 1006 368 1085 linguas
405 1008 694 1068 sermonis
725 1007 1057 1067 commercio
1091 1007 1463 1066 contraheret
1506 1007 1578 1066 ad
1609 1008 1918 1086 conloquia
1951 1017 2009 1067 et
2043 1008 2143 1067 hu-

172 1093 464 1152 manitatem
496 1091 711 1150 homini
743 1091 940 1166 daret,
983 1089 1357 1169 breviterque
1392 1108 1499 1151 una
1531 1101 1858 1152 cunctarum
1887 1093 2144 1168 gentium

170 1175 215 1232 in
253 1184 365 1233 toto
410 1175 560 1235 orbe
608 1175 790 1252 patria
833 1174 1019 1233 fieret.
1086 1174 1207 1234 Sed
1252 1174 1387 1251 quid
1418 1172 1628 1251 agam?
1686 1184 1839 1235 tant-a
1871 1175 2227 1235 nohilitas40

171 1259 389 1318 omnium
422 1259 689 1318 locorum
719 1257 899 1335 (quos
929 1255 1447 1335 quis-attigeritY),
1481 1267 1631 1317 tanta
1662 1276 1853 1318 rerum
1889 1259 2140 1335 singula-

169 1358 270 1400 rum
299 1343 761 1421 populorumque
787 1341 1019 1400 claritas
1048 1348 1227 1400 tenet.
1261 1340 1398 1400 urbs
1422 1341 1604 1400 Roma
1626 1341 1722 1400 vel
1752 1341 1877 1401 sola
1907 1343 1964 1400 in
1990 1360 2061 1401 ea
2085 1350 2146 1400 et
2163 1399 2213 1442 Ἰ.

117 1424 316 1501 1⁶digna
347 1435 459 1485 tam
491 1426 603 1485 iam
634 1424 783 1484 festa
816 1424 1049 1483 cervice
1084 1424 1270 1483 facies
1306 1440 1420 1502 quo
1452 1424 1680 1483 tandem
1710 1426 1929 1483 narrari
1965 1424 2146 1485 debet
2185 1451 2203 1462 ν

169 1508 370 1586 opere?
410 1510 665 1589 qualiter
700 1504 1046 1585 Campaniae
1076 1524 1181 1567 ora
1212 1525 1321 1584 per
1352 1526 1417 1567 se
1450 1507 1711 1585 felixque
1743 1507 1840 1567 illa
1872 1526 1942 1567 ac
1971 1507 2144 1567 beata

167 1593 488 1667 amoenitas,
537 1601 599 1651 ut
628 1591 818 1669 palam
853 1592 925 1648 sit
957 1608 1069 1649 uno
1102 1592 1159 1649 in
1194 1590 1330 1650 loeo
1361 1591 1663 1668 gaudentis
1696 1608 1843 1669 opus
1873 1609 2008 1650 esse
2042 1609 2141 1649 na-

166 1673 348 1734 turae?
404 1674 526 1736 Iam
557 1692 701 1734 vero
737 1683 854 1734 tota
888 1692 958 1733 ea
987 1674 1177 1745 vitalis
1206 1692 1276 1733 ac
1310 1675 1585 1753 perennis
1617 1674 1955 1750 salubritas,
1990 1674 2223 1734 caeli4l

167 1760 478 1837 temperies,
513 1768 628 1818 tam
659 1757 886 1820 fertiles
920 1759 1126 1837 campi,
1164 1768 1277 1818 tam
1309 1759 1492 1836 aprici
1526 1757 1745 1834 colles,
1782 1751 1897 1818 tam
1927 1759 2142 1817 innoxii

113 1842 339 1918 malms,
370 1852 485 1904 tam
520 1861 708 1921 opaca
737 1851 1138 1917 nemora,·tam
1173 1842 1437 1902 munifica
1470 1842 1738 1902 silvarum
1770 1861 2022 1920 genera,
2058 1850 2144 1902 t'ot

167 1928 407 1986 montium
443 1927 722 2001 adflatus,
766 1934 920 1985 tanta
953 1925 1181 2003 frugum
1210 1927 1523 2005 vitiumque
1557 1936 1616 1986 et
1649 1928 1906 1987 olearum
1938 1927 2141 1987 fertili·

166 2016 266 2084 tas,
304 2019 414 2070 tam
450 2010 670 2069 nobilia
702 2009 912 2085 pecudi
942 2009 1204 2089 vellera,
1251 2018 1365 2068 tam
1400 2011 1589 2088 opima
1627 2011 1804 2071 tauris
1836 2010 2020 2084 colla,
2056 2018 2143 2068 tot

166 2089 320 2168 laeua,
347 2103 433 2153 tot
466 2095 713 2154 amnium
744 2093 1093 2171 fontiumque
1129 2092 1365 2152 ubertas
1397 2103 1572 2153 totam
1605 2111 1730 2153 eam
1761 2094 2137 2171 perfundenS,

163 2181 235 2232 tot
272 2172 472 2252 m'aria,
529 2186 730 2254 portus
771 2177 1167 2254 gremiumque
1214 2186 1493 2236 terrarum
1550 2178 1881 2236 conmercio
1935 2186 2141 2255 patens

108 2258 385 2337 nandique
419 2270 477 2320 et
513 2269 800 2338 tamquam
830 2259 1107 2328 iuvandos
1139 2261 1211 2320 ad
1242 2261 1496 2321 mortalis
1526 2261 1651 2338 ipsa
1686 2262 1853 2321 avide
1885 2262 1941 2319 in
1963 2262 2139 2321 maria

163 2357 512 2417 procurrens.
565 2342 769 2420 Neque
804 2344 1033 2418 ingenia
1066 2344 1322 2422 ritusque
1357 2362 1425 2403 ac
1454 2345 1616 2403 viros
1649 2352 1707 2402 et
1732 2343 1922 2420 lingua
1947 2356 2223 2409 manu-42

161 2441 255 2501 que
288 2436 593 2504 superatas
625 2443 995 2486 conmemoro
1026 2427 1234 2503 gentiS.
1275 2428 1386 2505 ipsi
1417 2428 1489 2486 de
1522 2446 1592 2487 ea
1624 2428 1955 2487 iudicavere
1982 2428 2138 2501 Grai,

160 2523 321 2582 genus
360 2512 417 2568 in
471 2510 719 2587 gloriam
752 2528 907 2568 suam
952 2510 1385 2585 effusissimum,
1432 2520 1663 2588 quotam
1705 2519 1927 2588 partem
1960 2531 2034 2571 ex
2070 2529 2140 2569 ea

161 2592 489 2668 appellando
519 2592 819 2653 Graeciam
849 2593 1134 2669 magnam!
1160 2592 1442 2653 ,Nimirum
1466 2594 1523 2653 id
1549 2594 1705 2673 quod
1729 2596 1784 2653 in
1809 2595 1957 2654 caeli
1980 2613 2137 2654 men-

107 2672 294 2734 notione
316 2676 564 2736 fecimus
593 2676 701 2735 hac
734 2693 964 2754 quoque
996 2678 1051 2734 in
1080 2686 1245 2754 parte
1277 2678 1600 2737 faciendum
1633 2688 1742 2752 est,
1776 2687 1834 2736 ut
1867 2679 2169 2755 quasdam·

160 2766 304 2817 notas
345 2770 404 2820 et
456 2778 643 2839 pauca
691 2760 882 2819 sidera
926 2761 1284 2836 attingamus.
1343 2761 1613 2837 legentes
1657 2769 1871 2821 tantum
1915 2777 2136 2839 quaeso

160 2843 495 2903 meminerint
541 2842 615 2902 ad
655 2843 879 2919 singula
927 2851 1050 2902 toto
1086 2843 1232 2902 orbe
1266 2844 1661 2904 edissertanda
1692 2844 1968 2903 festinari.
2030 2843 2135 2904 Est
2152 2856 2221 2909 43

162 2939 286 2999 ergo
315 2926 457 2986 folio
495 2943 761 2985 maxume
798 2944 1018 3004 querno
1050 2927 1390 3002 adsimilata,
1422 2928 1596 2987 multo
1633 2929 1985 3004 proceritate
2021 2946 2134 2988 am-

161 3004 293 3080 plior
321 3029 490 3088 quam
516 3009 834 3085 latitudine,
868 3011 924 3068 in
954 3010 1181 3070 laevam
1204 3029 1270 3069 se
1296 3010 1539 3070 flectens
1565 3011 1859 3069 cacumine
1886 3019 1943 3070 et
1965 3012 2134 3071 Ama-

104 3092 375 3152 sszonicae
412 3094 601 3170 figura
635 3093 908 3152 desinens
939 3111 1197 3171 parmae,
1235 3094 1332 3153 ubi
1362 3112 1394 3154 a
1422 3094 1613 3152 medio
1646 3112 1892 3153 excursu
1927 3093 2133 3155 Cocin-

158 3170 272 3232 thos
303 3186 567 3252 vocatur,
601 3193 709 3254 per
740 3178 893 3236 sinus
930 3177 1154 3238 lunatos
1190 3177 1303 3236 duo
1335 3195 1548 3236 cornua
1586 3178 1878 3255 emittenS,
1912 3178 2133 3239 Leuco-

156 3264 355 3329 petram
400 3253 636 3334 deitra,
685 3257 973 3320 Lacinium
1015 3261 1262 3319 sinistra.
1322 3260 1486 3320 Patet
1527 3259 1881 3337 longitudine
1926 3263 1998 3323 ab
2045 3260 2132 3321 In-

156 3336 330 3413 alpino
361 3342 474 3403 fine
508 3342 841 3402 Praetoriae
866 3342 1162 3420 Augustae
1194 3361 1303 3421 per
1333 3343 1533 3401 urbem
1559 3341 1930 3485 ⁰⁸3³?qu
1963 3363 2132 3404 cursu

2168 3532 2185 3545 ,
2258 3382 2262 3483 4
