2320 3650
562 124 721 170 NAT.
767 122 947 171 ms'r.
994 124 1142 172 vm.
1191 120 1432 174 52—57.
1470 112 1775 192 (78—82.)
2082 114 2161 176 83

157 296 356 337 merae
404 277 728 357 famemque
771 278 1055 338 Baliarum
1100 279 1302 338 insulis
1333 279 1627 357 populatis
1675 280 1960 340 messibus
1991 281 2163 354 ,adfe-

159 373 373 425 renteS.
435 362 587 421 fetus
630 363 816 420 ventri
863 371 1138 421 exsectos
1182 363 1278 422 vel
1323 362 1598 422 uberibus
1649 362 1872 423 ablatos
1917 382 2032 423 non
2073 384 2164 424 re·

159 455 438 525 purgatos
469 446 781 505 interaneis
811 448 1136 521 gratissimo
1170 448 1226 505 in
1262 445 1451 506 cibatu
1482 445 1717 506 habent.
1777 447 2025 507 laurices
2060 467 2163 507 vo-

161 539 309 589 cant.
347 539 565 589 certum
590 539 681 588 est
708 529 1026 589 Baliaricos
1059 532 1339 591 adversus
1378 540 1717 609 proventum
1742 548 1940 589 eorum
1972 534 2128 591 auxi-
2144 542 2250 597 218

111 630 138 669 s
160 614 293 673 lium
315 614 561 673 militare
586 632 618 672 a
642 613 773 672 divo
799 612 1061 690 Augusto
1095 616 1354 693 petiisse.
1394 632 1596 690 magna
1629 622 1870 693 propter
1898 624 2165 675 venatum

157 713 287 757 eum
314 699 560 757 viverris
592 699 775 773 gratia
810 706 917 755 est.
963 698 1199 757 iniciunt
1232 716 1331 757 eas
1366 699 1422 756 in
1452 716 1667 775 specus
1698 700 1793 776 qui
1826 707 1955 756 sunt
1978 699 2163 757 multi·

153 781 318 840 fores
352 783 406 839 in
425 790 602 856 terra,
624 782 776 839 unde
810 790 867 839 et
885 797 1094 840 nomen
1110 782 1356 856 animali,
1377 791 1549 859 atque
1577 782 1653 841 ita
1671 782 1893 840 eiectos
1914 799 2166 860 superne

156 867 406 943 capiunt.
465 864 789 924 Archelaus
846 875 1048 924 auctor
1090 876 1179 925 est
1221 874 1362 943 quot
1404 867 1516 923 sint
1565 868 1833 963 corporis
1876 882 2167 924 cavernae

155 949 226 1008 ad
261 957 631 1008 excrementa
665 949 855 1026 lepori
883 949 1120 1008 totidem
1146 965 1326 1009 annos
1352 967 1485 1007 esse
1520 950 1743 1008 aetatis
1777 950 1970 1008 varius
2004 947 2167 1008 certe

78 1043 136 1086 ιο
158 1041 427 1091 numerus
469 1034 773 1110 reperitur.
852 1031 1002 1091 idem
1045 1043 1343 1110 utramque
1369 1025 1509 1091 vim
1562 1033 1803 1108 singulis
1847 1034 2044 1091 inesse
2097 1050 2168 1090 ac

155 1115 279 1174 sine
315 1131 475 1175 mare
508 1134 696 1194 aeque
730 1117 994 1191 gignere.
1050 1116 1308 1192 Benigna
1342 1118 1495 1175 circa
1528 1116 1641 1176 hoc
1665 1125 1863 1175 natura
1887 1134 2132 1175 innocua
2147 1124 2252 1179 219

126 1209 213 1280 ,et
249 1200 551 1259 esculenta
589 1200 849 1259 animalia
874 1199 1120 1259 fecunda
1152 1201 1473 1276 generavit.
1529 1200 1696 1278 lepus
1724 1192 1990 1259 omnium
1994 1218 2164 1278 prae-

126 1249 264 1343 dae
297 1301 546 1344 nascens
580 1283 760 1341 solus
780 1283 1016 1361 praeter
1065 1283 1422 1361 dasypodem
1464 1283 1788 1360 superfetat
1826 1282 1988 1344 aliud
2030 1282 2165 1342 edu-

157 1385 328 1441 cam,
367 1367 568 1426 aliud·
551 1386 605 1425 ιιι
629 1372 833 1449 utero
853 1367 988 1444 pilis
1019 1368 1324 1441 vestitum,
1371 1367 1521 1427 aliud
1558 1367 1843 1444 inplume3
1889 1367 2043 1426 aliud
2084 1368 2165 1425 in-

77 1471 133 1511 15
155 1451 421 1510 choatum
451 1455 666 1527 gerens
681 1452 933 1528 fpariter'.
999 1449 1128 1510 Nec
1162 1459 1275 1509 non
1322 1459 1380 1509 et
1408 1451 1591 1509 vestis
1603 1451 1893 1531 leporino
1927 1450 2047 1528 pilo
2069 1450 2161 1508 Ya-

154 1543 300 1593 cere
306 1539 651 1612 temptatum
678 1543 786 1607 est,
803 1544 958 1593 tactu
977 1552 1089 1592 non
1111 1535 1351 1612 perinde
1377 1535 1556 1609 molli,
1580 1542 1656 1592 ιιι
1664 1535 1719 1591 ἰιι
1746 1541 1897 1609 cute,
1920 1542 2166 1611 propter

152 1605 497 1677 brevitatem
543 1619 644 1695 pili
687 1617 988 1678 dilabidas.
1075 1620 1175 1679 56.
1229 1618 1396 1697 (82.)
1454 1618 1518 1677 hi
1531 1625 1947 1676 mansuescunt
1977 1633 2132 1692 raro,
2145 1625 2251 1677 220

62 1707 65 1710 ’
154 1705 297 1760 c‘um
318 1702 434 1760 feri
491 1701 651 1761 dici
634 1720 758 1761 iure
801 1705 918 1760 ιιοιι
958 1704 1217 1780 possint,
1264 1703 1578 1780 conplura
1587 1718 1830 1778 namque
1876 1710 2006 1759 sunt
2053 1717 2165 1759 nec

149 1775 389 1863 placida
413 1803 522 1845 nec
553 1785 710 1861 fera,
756 1785 881 1845 sed
906 1786 1133 1847 mediae
1175 1788 1325 1846 inter
1359 1796 1662 1865 utrumque
1694 1793 1967 1862 naturae,
2019 1794 2078 1844 ut
2109 1785 2165 1843 in

73 1869 490 1928 sovolucribus
523 1870 879 1945 hirundineS‚
914 1886 1079 1950 apes
1116 1873 1173 1929 in
1209 1872 1350 1931 mari
1384 1871 1658 1950 delphini.

279 1955 380 2013 57.
418 1950 594 2025 Quo
576 1972 631 2011 ιιι
655 1971 876 2030 genere
909 1956 1068 2014 multi
1101 1965 1158 2014 et
1182 1955 1289 2015 hos
1323 1952 1545 2014 incolas
1578 1955 1841 2014 domuum
1873 1971 2128 2033 posuere
2146 1960 2244 2014 221

147 2037 383 2112 muris,
419 2036 555 2096 haut
600 2038 987 2115 spernendum
1029 2040 1085 2097 in
1135 2040 1408 2098 ostentis
1423 2041 1592 2098 etiam
1641 2038 1892 2116 publicis
1937 2037 2161 2097 animal.

147 2121 377 2180 adrosis
419 2120 631 2181 Lanuvi
675 2122 882 2199 clipeis
934 2124 1233 2199 argenteis
1280 2121 1585 2181 Marsicum
1630 2120 1986 2199 portendere
2040 2120 2163 2179 bel-

148 2203 285 2279 lum,
320 2202 576 2263 Carboni
621 2206 954 2282 imperatori
988 2205 1139 2282 apud
1169 2203 1424 2284 Clusium
1462 2205 1663 2264 fasciis
1712 2203 1919 2283 quibus
1954 2206 2012 2262 in
2045 2203 2160 2262 cal-

70 2306 125 2348 25
148 2288 302 2346 ciatu
336 2288 605 2349 uteliatur
637 2290 889 2347 exitium.
944 2289 1111 2366 plura
1144 2305 1345 2348 eorum
1375 2288 1593 2365 genera
1628 2289 1685 2346 in
1718 2285 2041 2361 Cyrenaica
2071 2304 2161 2344 re-

143 2372 499 2451 gionejalii
537 2373 649 2433 lata
693 2372 915 2447 fronte,
950 2373 1046 2432 alii
1093 2380 1295 2450 acuta3
1354 2373 1449 2430 alii
1497 2373 1895 2431 irenaceorum
1940 2388 2162 2447 genere

142 2456 561 2535 pungentibus·
582 2456 734 2534 pilis.
797 2455 1234 2534 Theophrastus
1266 2465 1469 2515 auctor
1499 2464 1589 2514 est
1631 2457 1688 2513 in
1725 2454 1912 2529 Gyara
1943 2455 2125 2514 insula
2142 2465 2245 2517 222

144 2546 276 2598 cum
306 2540 531 2600 incolas
561 2541 919 2617 fugaverint,
938 2540 1437 2617 ‘ferrum'quoque
1468 2540 1690 2598 rosisse
1732 2554 1869 2613 eos,
1917 2538 1974 2598 id
2008 2540 2160 2616 quod

141 2628 372 2682 natur‘a'f
398 2622 671 2701 quadam
687 2632 747 2682 et
778 2624 849 2683 ad
895 2585 1201 2698 Chalybas
1221 2624 1423 2683 facere
1473 2624 1529 2682 in
1581 2623 1839 2682 ferrariis
1888 2623 2159 2680 officinis,

66 2722 125 2765 3ss
143 2708 397 2789 aurariis
422 2709 651 2791 quidem
685 2709 741 2765 in
771 2708 1021 2766 metallis
1067 2707 1144 2766 ob
1175 2707 1289 2766 hoc
1336 2708 1501 2766 alvos
1545 2724 1744 2766 eorum
1787 2706 1979 2765 excidi
2013 2723 2160 2763 sem-

138 2796 383 2868 perque
402 2779 611 2871 furtum
644 2792 701 2850 id
725 2791 1082 2869 deprehendi
1111 2800 1320 2850 tantam
1354 2810 1487 2850 esse
1516 2790 1884 2852 dulcedinem
1915 2784 2157 2846 furandi

137 2874 428 2933 Venisse
438 2893 656 2934 murem
692 2886 777 2935 00
821 2874 1069 2935 denariis
1116 2873 1430 2934 Casilinum
1474 2876 1782 2934 obsidente
1813 2870 2157 2973 Hannibale,

141 2975 395 3035 eumque
428 2976 523 3036 qui
540 2959 880 3019 vendiderat
914 2961 1064 3018 fame
1088 2958 1406 3033 interiisse,
1443 2969 1764 3037 emptorem
1793 2957 2035 3029 vixisse
2062 2972 2157 3012 an-

138 3042 311 3100 nales
342 3043 586 3101 tradunt.
628 3036 771 3102 Cum
808 3043 1034 3102 candidi
1062 3058 1418 3121 provenere,
1446 3044 1657 3102 laetum
1690 3041 1904 3100 faciunt
1928 3048 2121 3097 osten·
2137 3040 2244 3100 223

65 3144 123 3186 ³⁵
140 3134 281 3184 tum.
363 3144 490 3185 nam
535 3129 783 3189 soricum
828 3135 1074 3186 occentu
1118 3127 1302 3185 dirimi
1351 3129 1606 3205 auspicia
1642 3124 1862 3186 annalis
1904 3120 2160 3182 refertos

141 3208 447 3267 habemus
513 3201 749 3269 Sori'des
784 3220 842 3270 et
870 3212 1033 3288 ipsos
1074 3211 1272 3270 hieme
1304 3211 1473 3269 condi
1517 3219 1720 3270 auctor
1749 3217 1838 3266 est
1871 3207 2158 3284 Nigidius,

142 3293 720 3370 sicutgllreS‚(1=-uos
775 3296 1078 3353 censoriae
1121 3296 1291 3370 leges
1343 3296 1736 3373 princepsque
1778 3289 1854 3350 Μ.
1908 3293 2161 3351 Scaurus

142 3376 203 3433 in
244 3377 545 3435 consulatu
592 3390 719 3435 non
738 3377 866 3436 ‘alio
911 3378 1082 3438 modo
1116 3379 1590 3439 cenis-ademere
1634 3396 1802 3456 quam
1846 3375 2151 3449 conchylia

1738 3462 1822 3521 6*
2191 3494 2307 3586 Δ
