2320 3650
644 83 802 129 NA'r.
834 82 1013 130 ms'r.
1045 69 1756 189 vr1.36—4o.(36—41.)
1929 121 1940 136 .
2113 69 2192 131 25

201 252 318 295 non
352 234 604 295 incendit
636 253 743 294 rex
771 234 1099 295 Demetrius
1132 234 1514 313 expugna-tor
1526 237 1984 311 cognominatus,
2016 253 2089 295 ne
2118 244 2200 296 ta-

87 342 103 358 ’
176 320 396 378 ΗΙιιιΙιιιιι
426 318 772 395 Protogenis
798 328 1081 377 cremaret
1110 336 1143 377 a
1178 326 1341 395 parte
1373 336 1442 378 ea
1467 320 1616 377 muri
1649 319 1912 379 locatam.
1972 303 2287 384 Fran-127

178 403 357 462 *teles
387 418 669 462 marmore
701 401 1032 461 nobilitatus
1057 411 1146 460 est
1168 399 1483 499 cnidiaque
1509 402 1741 460 Venere
1763 404 2076 481 praecipue
2103 421 2201 463 ve-

201 502 345 546 sano
380 502 574 544 amore
609 486 900 545 cuiusdam
930 486 1150 544 iuvenis
1176 485 1403 561 insigni,
1437 485 1541 544 sed
1567 494 1624 544 et
1651 484 1980 545 Nicomedis
2013 496 2200 546 aestu-

159 570 457 630 smatione
509 569 670 646 regis
710 569 915 646 grandi
947 566 1276 628 Cnidiorum
1312 587 1449 628 aere
1482 569 1691 630 alieno
1705 579 2032 658 permutare
2076 588 2202 629 eam

200 653 412 712 eonati.
484 652 719 712 Phidiae
760 651 1017 730 luppiter
1052 650 1351 729 Olympius
1397 652 1607 712 cotidie
1641 631 2024 712 testimoninm
2068 667 2200 731 per-

200 736 395 811 hibet,
443 734 686 795 Mentori
738 735 1096 834 Capitolinus
1137 745 1197 795 et
1241 736 1424 796 Diana
1471 735 1723 814 Ephesi,
1776 735 1981 813 quibus
2035 736 2201 832 fuere

204 828 546 879 consecrata
578 822 714 879 artis
751 821 873 878 eius
903 837 1059 878 vasa.

327 903 425 965 39.
464 903 635 982 (40.)
703 903 951 962 Pretium
985 904 1230 963 hominis-
1262 903 1318 961 in
1362 904 1601 963 servitio
1639 904 1819 980 geniti
1851 919 2168 964 maxumum
2186 911 2291 966 128

126 986 274 1047 wad
310 987 456 1045 hanc
488 986 670 1061 diem,
718 987 873 1064 quod
906 988 1175 1063 equidem
1216 989 1611 1064 conpererim,
1648 987 1755 1046 fuit
1796 983 2200 1064 grammaticae

199 1072 341 1130 artis
383 1069 643 1147 Daphni,
679 1067 848 1128 Natio
894 1070 1235 1129 Pisaurense
1264 1071 1551 1130 vendente
1594 1080 1652 1129 et
1685 1070 1758 1129 M.
1794 1071 2028 1130 Scauro
2049 1071 2200 1148 prin-

201 1156 333 1231 cipe
367 1153 608 1212 civitatis
645 1153 740 1212 111.
766 1165 906 1212 -Dcc
949 1155 1181 1214 licente.
1228 1169 1541 1213 excessere
1572 1154 1686 1213 hoc
1724 1156 1780 1214 in
1808 1164 2006 1213 nostro
2033 1171 2200 1226 aem,

198 1255 312 1297 nec
340 1236 588 1311 modice,
612 1236 907 1295 histrionis
930 1238 1151 1296 reditus
1174 1237 1497 1296 libertatem
1521 1254 1677 1297 suam
1699 1240 1960 1311 mercati,
1987 1239 2201 1315 quippe

196 1339 330 1379 cum
360 1322 468 1379 iam
495 1321 643 1398 apud
673 1322 922 1379 maiores
943 1320 1191 1379 Roscius
1223 1321 1421 1379 histrio
1441 1319 1544 1379 111.
1580 1333 1629 1380 D
1654 1339 1836 1381 annua
1869 1323 2168 1379 meritasse
2188 1328 2290 1382 129

129 1419 181 1461 ιε
202 1404 508 1482 prodatur,
557 1406 663 1462 nisi
707 1405 755 1461 si
787 1405 914 1481 quis
946 1406 1001 1470 in
1033 1404 1145 1462 hoc
1185 1404 1319 1462 loco
1367 1405 1657 1463 desiderat
1696 1404 2022 1463 Armeniaci
2061 1403 2202 1462 belli

200 1488 376 1565 paulo
409 1495 538 1545 ante
572 1497 816 1565 propter
845 1487 1134 1547 Tiridaten
1166 1488 1317 1563 gesti
1342 1488 1819 1564 dispensatorem,
1847 1505 2016 1565 quem
2044 1485 2200 1546 Nero

184 1570 304 1629 ΙΙΙ.
353 1582 539 1629 cxxx
581 1572 917 1630 manumisit.
980 1571 1085 1630 sed
1126 1572 1240 1630 hoc
1286 1572 1528 1648 pretium
1573 1570 1746 1646 belli,
1782 1588 1894 1630 non
1936 1570 2201 1644 hominiS,

199 1654 311 1712 fuit
338 1661 481 1728 tam,
523 1653 840 1728 Hercules,
879 1672 1048 1732 quam
1076 1655 1361 1729 libidinis,
1405 1671 1519 1713 non
1558 1656 1814 1729 formae,
1857 1653 2203 1713 Paezontem

198 1755 236 1796 e
270 1737 620 1815 spadonibus
664 1739 857 1797 Seiani
901 1737 1093 1798 111.D
1141 1748 1432 1797 mercante
1485 1737 1719 1798 Lutorio
1752 1737 1973 1797 PriscO.
2038 1753 2205 1815 quam

127 1839 181 1880 πο
198 1821 474 1900 quidem
457 1822 713 1881 miuriam
745 1821 1032 1882 lucrifecit
1053 1822 1154 1883 ille
1179 1832 1464 1883 mercatus
1492 1825 1548 1882 in
1573 1823 1731 1883 luctu
1760 1821 2026 1897 civitatis,
2062 1839 2201 1900 quo-

200 1904 353 1966 niam
388 1923 635 1982 arguere
671 1906 810 1966 nulli
843 1906 1105 1965 vacabat.

323 1989 426 2048 40.
478 1989 642 2067 (41.)
712 1989 971 2048 Gentium
1026 1991 1080 2048 in
1141 2000 1265 2049 toto
1324 1989 1465 2048 orbe
1514 1991 2005 2068 praestantissima
2057 1997 2289 2051 una130

166 2073 447 2132 *omnium
503 2074 714 2131 virtute
761 2073 896 2131 haut
947 2073 1116 2132 dubie
1170 2072 1426 2133 Romana
1481 2075 1717 2133 exstitit.
1790 2072 2062 2132 Felicitas
2111 2073 2201 2131 cui

200 2157 518 2235 praecipua
549 2156 720 2215 fuerit
750 2155 959 2215 homini
992 2174 1105 2214 non
1138 2167 1228 2216 est
1257 2157 1482 2215 humani
1513 2158 1714 2230 iudici,
1750 2174 1876 2215 cum
1905 2156 2199 2233 prosperi-

114 2255 185 2295 125
201 2249 376 2298 tatem
413 2241 593 2316 ipsam
625 2240 771 2297 alius
803 2240 918 2298 alio
949 2240 1120 2299 modo
1152 2250 1209 2299 et
1236 2248 1444 2316 suopte
1476 2240 1708 2316 ingenio
1734 2240 1978 2316 quisque
2010 2238 2198 2317 dete-r-

200 2326 392 2381 minet.
454 2324 503 2380 si
537 2341 736 2381 verum
766 2323 965 2381 facere
1012 2323 1278 2383 iudicium
1318 2323 1581 2382 volumus
1622 2339 1690 2383 ac
1719 2321 2018 2399 repudiata
2051 2322 2202 2380 omni

200 2407 463 2472 fortunae
519 2405 825 2465 ambitione
880 2407 1236 2482 decernere,
1297 2423 1464 2465 nemo
1516 2405 1838 2465 mortalium
1890 2415 1977 2464 est
2037 2405 2197 2464 felix.

176 2489 428 2548 abunde
471 2490 659 2565 agitur
709 2499 880 2566 atque
930 2490 1296 2567 indulgenter
1327 2508 1359 2550 a
1391 2490 1619 2550 fortuna
1654 2488 1940 2548 deciditur
1970 2497 2096 2565 cum
2128 2506 2200 2547 eo

180 2572 299 2650 -qni
330 2574 452 2631 iure
487 2574 600 2632 dici
634 2589 748 2632 non
778 2574 979 2633 infelix
1009 2583 1222 2651 potest.
1277 2574 1490 2651 quippe
1516 2583 1577 2632 ut
1597 2573 1707 2632 alia
1734 2588 1847 2630 non
1879 2574 2010 2645 sint,
2038 2580 2200 2630 certe

129 2673 272 2715 ao-ne
305 2656 589 2715 lassescat
618 2657 844 2717 fortuna
874 2666 1058 2716 metus
1092 2666 1214 2731 est,
1253 2674 1369 2735 quo
1409 2656 1590 2717 semel
1621 2664 1866 2733 recepto
1900 2655 2083 2714 solida
2115 2654 2200 2712 fe-

200 2739 387 2798 licitas
433 2757 547 2800 non
586 2750 692 2800 est.
757 2741 889 2819 quid
942 2741 1094 2817 quod
1137 2758 1305 2799 nemo
1342 2740 1664 2799 mortalium
1711 2738 1971 2798 omnibus
2004 2736 2163 2795 horis
2185 2746 2282 2802 131

200 2820 396 2898 sapit?
438 2825 762 2902 utinamque
799 2824 1005 2883 falsum
1046 2823 1160 2883 boc
1205 2834 1262 2882 et
1300 2842 1414 2884 non
1444 2833 1504 2882 ut
1544 2842 1576 2883 a
1612 2832 1746 2881 vate
1781 2821 1991 2881 dictum
2034 2838 2200 2896 quam

200 2905 444 2982 plurumi
491 2908 773 2968 iudicent!
846 2925 991 2967 vana
1039 2909 1354 2967 mortalitas
1396 2916 1453 2967 et
1506 2907 1577 2967 ad
1623 2903 2201 2966 circumscribendam

194 3006 267 3047 se
301 2990 482 3066 ipsam
505 2992 809 3068 ingeniosa
838 3000 1113 3069 conputat
1142 3007 1303 3051 more
1336 2991 1616 3052 Thraciae
1646 2989 1868 3067 gentiS,
1902 3004 2049 3066 quae
2082 2986 2197 3046 cal-

122 3073 364 3131 saculos
397 3074 597 3133 colore
640 3076 940 3135 distinctos
973 3093 1079 3154 pro
1115 3075 1511 3151 experimento
1555 3076 1831 3150 cuiusque
1874 3072 1987 3131 diei
2022 3074 2078 3130 in
2106 3088 2197 3129 ur-

178 3170 325 3214 nam
360 3158 553 3218 condit
593 3176 669 3217 ac
698 3176 969 3236 supremo
1001 3159 1092 3219 die
1128 3167 1432 3236 separatos
1465 3159 1784 3217 dinumerat
1814 3165 1985 3234 atque
2016 3156 2093 3215 ita
2125 3152 2197 3213 de

198 3256 434 3318 quoque
470 3244 827 3318 pronunciat.
884 3243 1017 3320 quid
1049 3242 1204 3319 quod
1239 3243 1347 3300 iste
1383 3241 1587 3300 calculi
1620 3241 1871 3300 candore
1905 3238 2007 3299 illo
2040 3237 2280 3298 lau-132

200 3322 363 3382 datus
397 3322 523 3382 dies
566 3327 846 3404 originem
885 3326 1016 3385 mali
1047 3323 1285 3386 habuit?
1348 3343 1514 3404 quam
1557 3324 1765 3384 multos
1810 3329 2056 3402 accepta
2098 3318 2194 3382 ad-
