2320 3650
155 102 229 163 78
712 104 715 107 ‘
920 111 1111 157 PLINI
1143 108 1441 158 SEomvm

157 266 412 324 feruntur
445 273 620 339 motu,
652 271 808 323 tanto
838 265 1125 339 minores,
1162 272 1287 324 cum
1319 262 1433 323 hoc
1463 263 1520 321 in
1558 262 1863 321 altissimis·
1880 264 2151 341 apsidum

75 362 140 419 71
159 343 350 407 evenit
384 349 583 425 signis.
625 346 716 406 Ab
751 357 955 406 exortu
988 350 1324 426 vespertino
1351 346 1585 406 latitudo
1618 346 1983 406 descenditur
2005 366 2146 427 par-

159 433 280 492 cius
309 433 418 492 iam
450 451 516 492 se
548 434 833 492 minuente
864 439 1053 505 motu,
1105 448 1219 490 non
1247 440 1436 490 tamen
1467 439 1596 490 ante
1628 432 1905 489 stationes
1936 450 2151 492 secun-

157 516 259 573 das
291 525 568 592 augente,
627 533 753 575 cum
785 525 840 575 et
872 514 1110 574 altitudo
1148 514 1544 589 descenditur,
1590 517 2039 592 superveniente
2069 516 2151 576 ab

158 598 272 657 alio
319 599 502 660 latere
540 600 700 659 radio
747 599 1067 676 eademque
1103 599 1160 657 vi
1204 617 1399 657 rursus
1444 598 1515 657 ad
1553 607 1740 657 terras
1784 599 2148 676 deprimente
2178 616 2207 654 5

158 700 306 761 quae
338 685 632 743 sustulerit
666 684 722 741 in
755 682 979 741 caelum
1010 701 1041 740 e
1072 683 1599 761 prioretriquetro.
1636 690 1848 740 tantum
1878 684 2150 759 interest,

159 765 401 826 subeant
430 769 575 827 radii
606 785 677 826 an
708 767 1134 845 superveniant,
1182 766 1476 844 multoque
1510 765 1712 824 eadem
1743 767 1926 842 magis
1957 768 2013 824 in
2042 785 2153 826 ve-

159 853 413 927 spertino
447 868 662 910 occasu
694 850 975 909 accidunt.
1032 849 1197 909 Haec
1218 858 1307 908 est
1337 850 1695 928 superiorum
1729 850 2023 910 stellarum
2051 869 2153 910 ra·-

157 934 260 1009 tio,
293 934 583 994 difficilior
612 933 960 1012 reliquarum
997 942 1055 992 et
1091 952 1124 993 a
1154 933 1311 993 nullo
1344 943 1474 993 ante
1506 951 1611 992 nos
1646 934 1889 993 reddita.

74 1028 142 1084 72
285 1019 378 1078 17.
418 1017 583 1097 (14.)
621 1017 864 1076 Primum
898 1018 1069 1094 igitur
1100 1017 1340 1093 dicatur,
1380 1036 1480 1077 cur
1508 1017 1755 1076 Veneris
1786 1017 1955 1077 stella
1984 1037 2148 1077 num·
2178 1040 2239 1080 10

158 1119 326 1180 quam
356 1101 583 1178 longius
607 1100 785 1161 XLVI
814 1101 1095 1179 partibus,
1127 1100 1378 1160 Mercuri
1404 1099 1514 1160 XX
1543 1100 1613 1160 ab
1646 1101 1774 1159 sole
1806 1098 2152 1177 abscedant,

157 1202 337 1261 saepe
380 1187 521 1244 citra
559 1204 659 1245 eas
698 1185 768 1245 ad
798 1184 985 1244 solem
1015 1186 1403 1263 reciprocent.
1450 1185 1551 1243 Sic
1586 1201 1900 1244 conversas
1931 1185 2156 1246 habent

156 1266 434 1347 utraeque
467 1269 703 1347 apsidas·
730 1270 960 1329 uvzinfra
991 1269 1178 1328 solem
1210 1270 1389 1343 sitae,
1423 1277 1753 1347 tantumque
1788 1269 2015 1328 circulis
2049 1287 2150 1330 ea-

156 1371 278 1411 rum
320 1353 426 1412 sub
468 1361 624 1413 terra
669 1362 759 1413 est
805 1362 1069 1432 quantum
1111 1371 1362 1430 superne
1406 1352 1860 1430 praedictarum,
1908 1362 1966 1412 et
2006 1354 2150 1413 ideo

156 1452 270 1494 non
301 1446 542 1515 possunt
572 1436 784 1497 abesse
818 1434 1091 1516 ampliuS,
1143 1439 1409 1515 quoniam
1441 1445 1739 1496 curvatura
1775 1437 2033 1513 apsidum
2066 1437 2151 1496 ibi
2176 1454 2237 1495 15

157 1536 271 1578 non
299 1520 476 1581 habet
510 1522 922 1598 longitudinem
952 1524 1244 1581 maiorem.
1280 1537 1426 1596 ergo
1464 1521 1683 1598 utrique
1716 1519 1883 1578 simili
1918 1523 2149 1580 ratione

40 1672 49 1675 ,
155 1605 384 1664 modum
417 1614 664 1665 statuunt
697 1606 955 1682 apsidum
987 1623 1212 1664 suarum
1242 1606 1531 1681 margines
1567 1622 1637 1662 ac
1672 1605 1855 1682 spatia
1895 1604 2149 1681 longitu-

73 1695 142 1750 73
160 1688 304 1747 dinis
339 1688 688 1748 latitudinum
721 1690 1063 1765 evagatione
1093 1697 1355 1766 pensant.
1417 1687 1495 1747 At
1538 1688 1687 1747 enim
1719 1705 1964 1746 curnon
1994 1706 2147 1747 sem-

156 1788 264 1849 per
294 1772 366 1832 ad
396 1773 768 1852 quadraginta
799 1791 907 1844 sex
939 1781 996 1832 et
1026 1771 1095 1832 ad
1121 1775 1297 1851 partis
1320 1772 1519 1849 viginti
1546 1769 1926 1851 perveniunt?
1967 1771 2145 1833 Immo

156 1872 320 1914 vero.
378 1857 486 1916 sed
527 1860 671 1916 ratio
734 1858 1044 1916 canonicos
1097 1856 1263 1916 fallit.
1330 1875 1577 1935 namque
1621 1857 1865 1935 adparet
1908 1857 2145 1936 apsidas
2175 1874 2236 1914 20

157 1956 387 2017 quoque
419 1957 612 2000 earum
641 1942 892 2015 moveri,
929 1941 1084 2021 quod
1113 1959 1415 2019 numquam
1444 1950 1737 2000 transeant
1768 1940 1971 2001 solem.
2032 1939 2145 2000 Ita-

157 2040 268 2099 que
316 2041 440 2083 cum
485 2026 558 2083 in.
585 2034 804 2103 partem
845 2025 1028 2103 ipsam
1074 2026 1198 2084 eius
1242 2026 1497 2085 incidere
1541 2026 1828 2101 margines
1864 2025 2144 2084 alterutro

156 2105 372 2183 latere,
405 2116 520 2167 tum
553 2117 609 2167 et
641 2108 849 2167 stellae
882 2109 953 2167 ad
985 2108 1317 2185 longissima
1357 2127 1456 2168 sua
1493 2108 1796 2168 intervalla
1829 2109 2146 2186 pervenire

156 2188 581 2269 intelleguntur.
621 2211 746 2251 cum
783 2194 922 2252 citra
957 2192 1121 2252 fuere
1152 2194 1442 2270 margines
1472 2193 1710 2254 totidem
1742 2189 2036 2270 partibus,
2086 2201 2146 2250 et

156 2273 321 2350 ipsae
368 2278 529 2335 ocius
571 2277 764 2336 redire
811 2277 1148 2353 creduntur,
1206 2295 1330 2337 cum
1376 2278 1448 2335 sit
1488 2276 1586 2338 illa
1633 2294 1868 2354 semper
1912 2277 2144 2354 utrique
2171 2290 2231 2330 25

72 2362 487 2420 nexu-emitas
523 2379 753 2420 summa.
818 2360 961 2419 Hinc
1007 2370 1065 2420 et
1108 2362 1255 2420 ratio
1295 2369 1544 2420 motuum
1590 2362 1873 2420 conversa
1916 2359 2142 2419 intelle-

149 2443 324 2517 gitur.
380 2445 728 2522 Superiores
761 2446 909 2503 enim
941 2445 1244 2505 celerrime
1276 2445 1533 2503 feruntur
1564 2445 1620 2502 in
1652 2462 1867 2503 occasu
1897 2461 2143 2521 vesper-

153 2528 293 2601 tino,
327 2528 437 2587 hae
470 2529 812 2588 tardissime.
866 2528 1000 2587 illae
1034 2547 1066 2588 a
1095 2538 1251 2589 terra
1284 2528 1559 2589 altissime
1593 2527 1831 2603 absunt,
1869 2547 1994 2588 cum
2030 2536 2143 2586 tar-

154 2610 388 2671 dissime
418 2614 900 2687 moventur,'hae,
936 2631 1060 2672 cum
1091 2614 1380 2672 ocissime.
1430 2612 1575 2686 Quia
1607 2614 1754 2671 sicut
1778 2614 1833 2670 in
1863 2612 1977 2671 illis
2009 2619 2143 2688 pro'-

155 2696 441 2773 pinquitas
477 2696 659 2756 centri
694 2696 991 2756 adcelerat
1020 2698 1096 2756 ita
1126 2698 1183 2755 in
1212 2696 1300 2756 his
1336 2698 1666 2756 extremitas
1715 2696 1947 2770 circuli,
2004 2694 2141 2754 illae
2165 2712 2224 2755 3ο

152 2779 225 2838 ab
261 2789 469 2839 exortu
499 2782 771 2840 matutino
805 2782 1058 2839 minuere
1095 2780 1452 2840 celeritatem
1497 2782 1803 2858 incipiunt,
1849 2779 1961 2838 hae
1997 2796 2141 2840 vero
2315 2819 2320 2854 4

153 2881 393 2939 augere.
459 2864 596 2923 illae
640 2873 797 2923 retro
841 2881 1066 2923 cursum
1107 2873 1279 2941 agunt
1310 2883 1340 2923 a
1370 2866 1616 2923 statione
1659 2865 1925 2923 matutina
1958 2880 2142 2944 usque

153 2946 226 3006 ad
257 2949 682 3025 vespertinam,
735 2947 981 3006 Veneris
1017 2966 1049 3007 a
1084 2950 1417 3026 vespertina
1464 2966 1647 3026 usque
1688 2949 1759 3007 ad
1794 2949 2139 3008 matutinam.
2311 2997 2312 3002 ,

71 3028 355 3106 75Incipit
385 3039 573 3090 autem
607 3031 679 3090 ab
714 3040 919 3093 exortu
949 3033 1219 3091 matutino
1264 3032 1612 3092 latitudinem
1656 3032 1967 3106 scandere,
2014 3030 2138 3089 alti·
2305 3047 2312 3072 ⁴

150 3112 404 3172 tudinem
435 3132 577 3174 vero
617 3132 686 3174 ac
718 3115 903 3174 solem
936 3117 1162 3193 insequi
1194 3135 1226 3176 a
1262 3117 1505 3176 statione
1536 3117 1836 3191 matutina,
1872 3115 2138 3173 ocissima
2158 3127 2214 3170 ³5

150 3197 208 3255 in
256 3213 470 3256 occasu
521 3199 790 3258 matutino
844 3209 904 3258 et
955 3200 1260 3275 altissima,
1315 3199 1558 3276 degredi
1608 3208 1795 3259 autem
1844 3197 2139 3258 latitudine

151 3288 480 3357 motumque
525 3283 782 3341 minuere
821 3283 892 3342 ab
929 3293 1135 3342 exortu
1179 3285 1546 3360 vespertino,
1594 3291 1753 3341 retro
1791 3281 2021 3360 quidem
2053 3283 2138 3340 ire
2205 3329 2217 3340 .

152 3363 435 3442 simulque
480 3365 776 3426 altitudine
824 3365 1064 3445 degredi
1098 3384 1131 3426 a
1175 3368 1420 3426 statione
1467 3367 1820 3445 vespertina.
1890 3361 2141 3425 Mercuri
