2320 3650
171 78 326 140 268⁴
679 116 686 125 ι
860 90 922 139 o.
958 92 1148 140 Pmm
1180 90 1482 141 suenum

114 259 150 311 4
169 254 451 325 tamquam
487 262 529 305 e
572 245 743 306 caelo
786 200 1055 307 attributa
1099 247 1408 306 credimus.
1485 245 1759 308 arbores
1754 254 1989 328 postea
2035 252 2204 313 blan-

172 330 429 391 dioribus
471 329 642 407 fruge
689 331 846 390 sucis
892 330 1179 390 hominem
1222 326 1586 408 mitigavere.
1660 348 1738 392 ex
1780 333 1874 403 his
1910 352 2207 398 recreans

170 415 423 474 membra
455 414 573 474 olei
605 413 799 491 liquor
839 415 1096 491 virisque
1134 423 1307 492 potus
1340 416 1490 491 vini,
1537 425 1623 476 tot
1651 417 1913 495 deniqne
1945 438 2206 499 sapores

170 500 299 559 anni
330 508 542 578 sponte
582 498 919 574 venientes,
978 507 1037 557 et
1074 516 1346 575 mensae,
1385 499 1754 579 depugnetur
1800 501 1948 562 licet
1998 523 2205 566 earum

52 627 65 636 -
172 600 346 644 causa
379 600 506 643 cum
535 582 682 643 feris
722 592 781 642 et
828 583 980 659 pasti
1019 582 1427 660 naufragorum
1473 584 1821 663 corporibus
1859 587 2077 665 pisces
2097 608 2200 649 ex·
2229 613 2255 651 ε

114 682 145 731 5
170 676 470 747 petantur,
509 667 681 745 etiam
712 683 863 726 nunc
903 674 1094 725 tamen
1126 667 1440 727 secundae.
1506 666 1667 728 Mille
1714 678 2033 748 praeterea
2067 683 2203 733 sunt

168 770 304 812 usus
338 767 534 812 earum
565 751 691 809 sine
727 752 856 828 quis
884 751 1000 809 vita
1042 749 1181 828 degi
1222 768 1336 811 non
1371 753 1577 830 possit.
1647 753 1861 814 arbore
1897 756 2200 817 sulcamus

169 837 345 897 maria
401 845 708 912 terrasque
764 834 1137 895 admovemus
1162 879 1180 910 ,
1233 834 1447 896 arbore
1504 837 1961 899 exaedificamus
2014 850 2195 902 tecta.

167 921 413 981 arborea
459 928 518 979 et
547 919 852 979 simulacra
897 919 1185 978 numinum
1206 920 1381 981 ‘fuere
1425 921 1673 980 nondum
1718 923 1909 1000 pretio
1950 927 2195 1002 excogi-

168 1014 287 1065 tato
334 1003 634 1063 beluarum
682 1003 984 1078 cadaveri,
1032 1011 1206 1081 atque
1249 1012 1310 1062 ut
1350 1021 1382 1063 a
1437 1005 1525 1064 dis
1568 1014 1702 1065 nato
1749 1007 1875 1065 iure
1923 1006 2195 1068 luxuriae
2218 1026 2269 1067 ιο

169 1088 378 1148 eodem
408 1086 592 1146 ebore
624 1087 909 1161 numinum
954 1103 1058 1147 ora
1089 1095 1501 1166 spectarentur
1530 1098 1589 1148 et
1616 1106 1949 1149 mensarum
1985 1093 2193 1170 pedes.

169 1171 417 1252 produnt
451 1170 699 1250 Alpibus
748 1172 1038 1231 coercitas
1082 1180 1139 1231 et
1182 1178 1299 1230 tum
1341 1172 1795 1251 inexsuperabili
1837 1178 2194 1237 munimento

170 1256 419 1330 Gallias,
459 1252 610 1314 hanc
638 1255 881 1333 primum
910 1253 1189 1317 habuisse
1221 1272 1455 1317 causam
1483 1256 1944 1335 superfundendi
1980 1278 2049 1337 se
2085 1259 2196 1320 Ita·

168 1341 319 1416 liae,
360 1340 515 1418 quod
543 1337 753 1399 Helico
788 1358 864 1399 ex
881 1339 1168 1400 Helvetiis
1195 1341 1338 1400 civis
1364 1341 1558 1400 earum
1588 1340 1859 1401 fabrilem
1893 1341 1972 1401 ob
2011 1353 2198 1403 artem

168 1424 390 1486 Romae
413 1432 781 1484 conmoratus
809 1424 977 1484 licum
999 1425 1216 1484 siccam
1238 1433 1298 1484 et
1327 1442 1492 1484 uvam
1517 1425 1752 1504 oleique
1777 1443 1847 1486 ac
1871 1426 1996 1486 vini
2021 1446 2253 1505 prae-1⁸

166 1512 341 1570 missa
391 1525 656 1569 remeans
708 1525 905 1568 secum
960 1508 1211 1569 tulisset.
1285 1518 1642 1588 quapropter
1685 1509 1834 1603 haec
1879 1510 1978 1570 vel
2029 1511 2195 1572 bello

167 1594 475 1673 quaesisse
504 1592 674 1653 venia
707 1593 800 1652 sit.

112 1690 147 1744 6
294 1674 416 1757 (3.)
472 1675 593 1739 Sed
635 1677 763 1755 quis
800 1693 915 1736 uon
962 1677 1088 1735 iure
1132 1677 1374 1736 miretur
1405 1677 1674 1737 arborem
1717 1677 1958 1737 umbrae
2005 1680 2195 1756 gratia

168 1771 384 1825 tantum
412 1778 488 1820 ex
518 1760 711 1820 alieno
733 1762 970 1840 petitam
995 1757 1185 1823 orbe?
1243 1760 1512 1822 Platanus
1545 1760 1726 1839 haec,
1772 1779 1935 1822 mare
1965 1762 2194 1823 Ionium

159 1845 467 1907 Diomedis
496 1844 680 1904 insula
719 1853 889 1905 tenus
921 1845 1180 1906 eiusdem
1211 1847 1410 1906 tumuli
1438 1848 1623 1925 gratia
1664 1848 1905 1925 primum
1935 1835 2250 1924 invectam

166 1930 300 1991 inde
344 1931 402 1989 in
435 1928 692 1989 Siciliam
741 1939 1141 2006 transgressa,
1186 1939 1361 2008 atque
1390 1932 1542 1991 inter
1579 1932 1794 2010 primas
1829 1931 2054 1992 donata
2081 1931 2192 1993 Ita·

167 2015 281 2078 liae
322 2022 381 2074 et
421 2014 532 2074 iam
579 2013 650 2074 ad
680 2011 940 2075 Morinos
981 2031 1167 2093 usque
1201 2025 1481 2092 pervecta
1523 2031 1596 2076 ac
1620 2014 1986 2076 tributarium
2021 2018 2192 2076 etiam

166 2100 432 2161 detinens
482 2098 707 2174 solum,-
755 2107 815 2159 ut
863 2108 1072 2177 gentes
1113 2099 1372 2176 vectigal
1415 2109 1473 2159 et
1504 2116 1624 2178 -pro
1667 2098 1866 2159 umbra
1911 2100 2188 2178 pendant.

112 2191 144 2249 ⁷
168 2184 483 2259 Dionysius
514 2184 675 2261 prior
699 2183 936 2244 Siciliae
961 2192 1236 2258 tyrannus
1262 2181 1549 2260 Rhegium
1584 2185 1639 2244 in
1661 2182 1866 2244 urbem
1896 2183 2192 2245 transtulit

168 2270 495 2330 easdomus
523 2283 663 2327 suae
682 2267 1039 2343 miraculum,
1069 2266 1166 2327 ubi
1195 2276 1402 2344 postea
1432 2266 1647 2328 factum
1671 2267 2060 2345 gymnasium,
2082 2281 2241 2328 neca

166 2354 432 2430 potuisse
461 2352 517 2411 in
563 2351 1000 2430 amplitudinem
1033 2351 1417 2427 adulescere,
1457 2360 1518 2411 ut
1545 2351 1691 2413 alias
1723 2351 1905 2413 fuisse
1935 2352 1994 2411 in
2025 2351 2189 2413 Italia

167 2453 238 2495 ac
265 2437 593 2497 nominatim
624 2434 899 2515 Hispania
933 2435 1086 2514 apud
1128 2444 1402 2495 auctores
1434 2437 1738 2496 invenitur.

109 2531 145 2585 8
293 2521 417 2599 (4.)
468 2519 596 2580 Hoc
635 2529 823 2580 actum
878 2520 1036 2580 circa
1072 2527 1280 2598 captae
1326 2519 1485 2580 urbis
1528 2529 1807 2595 aetatem,
1851 2528 2189 2599 tantumque

169 2614 375 2683 postea
407 2604 645 2665 honoris
674 2605 921 2664 increvit
948 2613 1008 2665 ιιι
1028 2620 1193 2664 mero
1215 2604 1404 2670 intuso
1430 2605 1802 2664 enutriantur.
1842 2613 2188 2683 coopertura

166 2688 224 2750 id
254 2706 518 2749 maxume
562 2687 850 2767 prodesse
891 2687 1213 2764 radicibus,
1258 2688 1675 2766 docuimusque
1721 2689 1890 2749 etiam
1934 2688 2244 2750 arbore-³0

165 2775 295 2834 vina
324 2782 550 2851 potare.

112 2869 148 2924 9
298 2857 424 2937 (5.)
471 2855 784 2918 celebrata
838 2863 927 2915 est
981 2857 1224 2933 primum
1280 2856 1335 2915 in
1387 2855 1777 2917 ambulatione
1828 2854 2182 2916 Academiae

43 2939 60 2954 ““
167 2941 412 3003 Athenis
455 2941 777 3002 cubitorum
805 2949 1035 3000 xxxm
1082 2941 1280 3001 radice
1322 2958 1514 3000 ramos
1556 2939 1963 3000 antecedente.
2034 2955 2181 3000 nunc

169 3034 262 3083 est
293 3025 450 3085 clara
482 3027 540 3084 in
567 3024 742 3100 Lycia
761 3023 1142 3101 fontisgelidi
1184 3025 1343 3085 socia
1375 3023 1757 3098 amoenitate,
1782 3024 1972 3083 itineri
2001 3023 2177 3101 adpo·

170 3108 278 3164 sita
309 3106 562 3170 domicili
615 3109 823 3183 modo,
868 3125 1009 3167 cava
1051 3121 1245 3167 Lxxx
1292 3118 1465 3185 atque
1508 3109 1674 3167 unius
1715 3107 1926 3186 pedum
1970 3119 2237 3205 specim-'0

168 3203 479 3250 nemorosa
500 3193 723 3252 vertice
754 3200 817 3251 et
840 3209 905 3251 se
936 3191 1115 3251 vastis
1139 3200 1455 3269 protegens
1485 3193 1681 3267 ramis,
1704 3191 1975 3251 arborum
2004 3191 2175 3250 instar

171 3285 346 3365 agros
376 3272 565 3348 longis
598 3276 864 3352 optinens
887 3274 1123 3348 umbris,
1127 3292 1219 3334 ac
1244 3292 1315 3332 ne
1341 3273 1474 3352 quid
1509 3273 1660 3335 desit
1692 3275 2012 3353 speluncae
2044 3274 2173 3333 ima·

171 3350 319 3425 gini,
357 3370 534 3413 saxea
567 3357 716 3416 intus
742 3357 1051 3436 crepidinis
1087 3373 1301 3416 corona
1332 3373 1639 3417 muscosos
1676 3357 1964 3436 conplexa
1997 3357 2171 3435 pumi-
