2320 3650
783 97 942 146 NAT.
978 97 1156 147 ms‘r.
1199 99 1293 147 vl.
1336 95 1420 150 28.
1456 49 1599 168 (32.)
1632 95 1640 106 “
2035 85 2162 147 247

184 254 429 315 coboea
475 261 711 334 portus,
757 251 981 329 Bragae
1024 253 1243 314 insulae
1296 254 1595 328 desertae,
1633 269 1779 329 gens
1824 250 2158 330 Thaludaei,

178 338 584 414 Dabanegoris
637 336 835 412 regio,
879 354 1041 396 mons
1092 335 1238 396 Orsa
1288 355 1439 416 cum·
1467 345 1668 414 portu,
1711 338 1865 397 sinus
1914 335 2156 412 Duatus,

177 422 402 484 insulae
453 419 697 496 multae,
742 436 904 479 mons
955 419 1380 499 TricoryphoS,
1437 420 1602 495 regio
1656 416 2012 495 Cardaleon,
2069 421 2153 478 in-

180 506 348 565 sulae
397 503 752 578 Solanades,
804 500 1126 579 Cachinna,
1184 505 1318 565 item
1371 502 1951 581 Ichthyophagorum.
2019 504 2153 563 dein

119 585 375 664 ·5Clari,
430 587 562 647 litus
612 584 960 663 Mamaeum,
1015 586 1111 646 ubi
1163 589 1284 647 auri
1334 587 1596 661 metalla,
1660 589 1825 662 regio
1861 585 2149 661 Canauna,

180 680 386 748 gentes
416 671 696 749 Apitami,
732 668 970 745 Casani,
1013 670 1196 729 insula
1225 670 1500 745 Devade,
1546 670 1677 729 fons
1713 667 1969 745 Coralis,
2014 667 2149 739 Car-⁴

179 756 372 833 phati,
412 754 630 814 insulae
671 751 886 829 Alaea,
933 753 1367 831 Amnamethus,
1403 762 1558 831 'gens
1587 752 1839 820 Danae.
1897 753 2115 812 insulae
2134 764 2232 817 151

181 834 528 912 Chelonitis,
574 836 1048 915 Ichthyophagon
1098 837 1341 914 multae,
1396 837 1630 912 Odanda
1675 835 2149 912 deserta„Basa,

178 920 385 981 multae
417 920 789 982 Sabaeorum.
856 919 1079 981 flumina
1110 919 1372 998 Thanar,
1416 921 1686 997 Amnum,
1728 920 1948 981 insulae
1980 918 2150 978 Dori-

109 1021 162 1064 10.
187 1022 313 1063 cae.
398 1006 587 1065 fontes
634 1003 951 1080 Daulotos,
1006 1003 1182 1064 Dora.
1277 1006 1496 1066 insulae
1551 1005 1784 1080 Pteros,
1825 1002 2148 1077 LabataniS‚

179 1086 455 1164 Coboris,
499 1087 906 1148 Sambrachate
948 1098 1009 1147 et
1046 1089 1317 1166 oppidum
1357 1090 1564 1149 eodem
1604 1090 1840 1169 nomine,
1871 1088 1927 1145 in
1973 1089 2149 1146 conti-

174 1177 370 1230 nente.
452 1189 487 1232 a
517 1171 755 1234 meridie
788 1171 1007 1232 insulae
1048 1172 1296 1247 multae,
1339 1189 1598 1234 maxuma
1630 1169 1873 1236 Camari.
1940 1170 2150 1234 flumen

174 1254 509 1331 MusecroS,
563 1263 763 1332 portus
806 1254 1051 1333 Laupas,
1134 1255 1403 1316 Scenitae
1444 1256 1688 1331 Sabaei,
1739 1254 1959 1314 insulae
2009 1255 2148 1314 mul-

175 1346 307 1413 tae,
354 1339 665 1417 emporium
710 1355 906 1397 eorum
949 1338 1147 1415 Acila,
1195 1355 1271 1398 ex
1317 1341 1520 1417 quoin
1566 1338 1781 1399 Indiam
1828 1339 2143 1414 navigatur.

105 1438 159 1480 ιε
177 1420 365 1497 Regio
408 1420 854 1497 Amithoscutta,
923 1421 1188 1497 Damnia,
1243 1420 1373 1489 Mizi
1426 1423 1672 1486 maiores
1731 1431 1790 1481 et
1845 1423 2229 1494 minoreS,152

173 1505 432 1565 Drimati.
506 1504 1034 1566 Naumachaeorum
1078 1507 1525 1583 promontorium
1565 1515 1761 1566 contra
1795 1502 2143 1565 Carmaniam

174 1589 348 1648 distat
374 1588 418 1647 L
446 1589 559 1648 mil.
599 1606 884 1667 passuum.
947 1590 1089 1649 mira
1127 1608 1225 1650 res
1267 1589 1345 1649 ibi
1381 1589 1647 1665 traditur,
1690 1588 2024 1649 Numenium
2069 1588 2139 1648 ab

171 1671 461 1732 Antiocho
509 1690 652 1749 rege
681 1671 953 1732 Mesenae
1001 1675 1392 1752 praepositum
1429 1673 1507 1733 ibi
1549 1673 1761 1733 vicisse
1802 1673 2007 1732 eodem
2050 1673 2142 1732 die

172 1754 366 1815 classe
405 1765 682 1834 aestuque
711 1773 951 1818 reverso
982 1758 1183 1817 iterum
1225 1759 1480 1835 equitatu
1510 1765 1707 1817 contra
1735 1756 1941 1816 Persas
1986 1757 2140 1816 dimi-

87 1857 152 1900 co
174 1847 398 1900 cantem
441 1849 501 1900 et
539 1841 761 1917 gemina
807 1850 1045 1919 tropaea
1092 1843 1296 1902 eodem
1335 1844 1392 1901 in
1436 1843 1569 1902 loco
1600 1843 1724 1903 Iovi
1762 1860 1832 1902 ac
1873 1841 2140 1919 Neptuno

114 1940 119 1941 ⁷
170 1924 459 1983 statuisse.
492 1964 507 1972 -
553 1924 740 1984 Insula
791 1925 847 1983 in
901 1925 1018 1985 alto
1078 1925 1307 1985 obiacet
1355 1925 1600 2003 Ogyris,
1656 1926 1814 1987 clara
1861 1924 2105 2000 Erythra
2125 1933 2223 1986 153

167 2023 315 2082 rege
344 2006 424 2066 ihi
453 2008 717 2085 sepulto.
769 2008 938 2069 distat
968 2027 1000 2068 a
1032 2011 1359 2073 continente
1393 2008 1551 2068 CXX
1570 2010 1687 2070 mil.
1708 2027 1864 2088 pass.
1903 2010 2139 2069 circuitu

169 2087 327 2148 CXII
358 2091 473 2150 mil.
514 2108 798 2168 passuum.
871 2101 982 2150 nec'
1016 2094 1199 2151 minus
1228 2093 1409 2153 altera
1443 2093 1599 2154 clara
1647 2094 1702 2151 in
1743 2093 1959 2154 Azanio
2001 2094 2141 2151 mari

163 2171 547 2250 Dioscoridu,
591 2174 804 2234 distans
835 2192 867 2234 a
898 2175 1122 2250 Syagro
1154 2185 1381 2235 extumo
1417 2177 1806 2254 promontorio
1838 2174 2143 2235 CCLXXX

97 2255 286 2316 nmil.
320 2274 476 2334 pasS.
561 2256 789 2335 Reliqui
820 2258 874 2316 in
908 2260 1235 2318 continente
1266 2277 1300 2319 a
1328 2267 1482 2319 noto·
1497 2262 1796 2319 etiamnum
1819 2259 2134 2332 Autaritae,

165 2340 223 2398 in
264 2342 470 2399 montis
499 2339 607 2400 vll
648 2341 866 2401 dierum
907 2343 1195 2402 transituS.
1275 2352 1483 2418 gentes
1522 2341 1832 2404 Larendani
1873 2352 1930 2402 et
1972 2340 2135 2402 Cata·

165 2421 296 2487 bani
310 2468 329 2498 ‚
381 2421 695 2484 Gebanitae
746 2424 1004 2503 pluribus
1049 2425 1314 2503 oppidis,
1372 2427 1477 2487 sed
1523 2429 1797 2488 maxumis
1845 2426 2028 2502 Nagia
2082 2435 2139 2485 et

167 2505 419 2565 Thomna
437 2551 454 2581 ,
485 2508 826 2586 templorum
852 2506 1022 2568 LXV.
1076 2508 1225 2569 haec
1253 2518 1344 2569 est
1373 2510 1747 2589 amplitudinis
1776 2511 2136 2587 significatio.

165 2588 646 2666 Promontorium,
691 2609 722 2651 a
773 2608 899 2669 quo,
932 2593 1003 2652 ad
1048 2595 1428 2653 continentem
1473 2593 1927 2670 Trogodytarum
1967 2592 2011 2653 L
2048 2590 2219 2654 M154

94 2671 347 2749 stipass„
393 2672 631 2749 Thoani,
671 2674 895 2750 Actaei,
941 2672 1404 2753 Chatramotitae,
1449 2676 1725 2753 Tonabei,
1772 2675 2057 2738 Antidalei
2081 2684 2137 2734 et

162 2754 480 2837 Lexianae,
533 2757 781 2834 Agraei,
831 2755 1109 2835 Cerbani,
1167 2759 1373 2824 Sabaei
1425 2760 1674 2821 Arabum
1723 2769 1963 2840 propter
2012 2767 2136 2818 tura

163 2838 461 2898 clarissimi
508 2840 579 2899 ad
614 2850 851 2919 utraque
892 2843 1066 2902 maria
1100 2845 1386 2920 porrectis
1423 2844 1708 2920 gentibus.
1775 2844 1988 2922 oppida
2036 2859 2134 2901 eo-

160 2939 285 2980 rum
320 2923 376 2981 in
403 2921 597 2982 Rubro
638 2923 808 2984 litore
838 2923 1076 3001 Merme,
1119 2925 1364 3002 Marma,
1412 2926 1679 3004 Corolia,
1722 2926 2006 3000 Sabatha,
2052 2927 2131 2983 in-

159 3013 250 3064 tus
290 3006 499 3084 oppida
538 3005 791 3084 Nascus,
837 3005 1125 3085 Cardava,
1174 3007 1392 3071 Carnus
1424 3019 1483 3070 et
1513 3028 1625 3089 quo
1657 3012 1870 3075 mercis
1896 3011 2136 3081 odorum

89 3087 427 3154 asdeferunt
464 3088 753 3150 Thomala.
828 3108 962 3168 pars
1002 3109 1200 3152 eorum
1242 3092 1589 3169 Atramitae,
1651 3111 1889 3172 quorum
1932 3102 2217 3172 caput155

160 3170 376 3231 Sabota
407 3170 507 3233 LX
543 3174 756 3251 templa
804 3176 977 3235 muris
1029 3176 1348 3235 includens».
1432 3179 1593 3254 regia
1649 3186 1839 3237 tamen
1889 3179 2132 3237 omnium

155 3252 433 3400 ffiaba‘
480 3256 661 3316 sinum
690 3257 906 3336 optinet
934 3256 1146 3319 XCIIII
1180 3258 1239 3318 Μ
1266 3278 1422 3338 pass.
1447 3261 1719 3320 refertum
1751 3261 1946 3321 insulis
1989 3259 2127 3320 odo-

268 3338 366 3399 ris.
430 3337 720 3407 Atramitis
772 3341 827 3399 in
880 3342 1294 3402 mediterranea
1347 3344 1648 3420 iunguntur
1688 3342 1929 3422 Minaei,
1973 3360 2129 3404 mare
