2320 3650
190 136 308 197 134
901 146 961 195 c.
996 149 1189 195 pum
1219 147 1520 196 securim

181 308 523 367 fruticumve
558 305 641 364 sic
675 313 733 363 et
762 303 1101 363 animalium.
1175 321 1288 363 non
1334 304 1497 363 nasci
1537 304 1884 365 tralaticium
1907 351 1925 381 ,
1981 306 2203 364 invecta

184 392 365 451 emori
396 390 613 448 mirum.
678 387 834 467 quod
870 388 1011 447 illud
1059 396 1147 446 est
1192 390 1357 447 unius
1402 390 1638 464 generis
1672 390 1845 448 saluti
1877 389 2201 464 adversum,

184 493 411 554 quaeve
445 475 554 533 ista
586 482 822 533 naturae
854 472 1086 547 invidia,
1119 481 1214 531 aut
1239 472 1337 550 qui
1367 480 1650 532 terrarum
1682 471 1823 533 dicti
1852 473 2068 533 avibus
2096 483 2202 532 ter·

99 565 165 620 77
181 556 354 618 mini?
415 556 658 617 Rhodos
703 556 952 636 aquilam
982 574 1097 614 non
1144 555 1342 616 habet.
1411 556 1824 636 Transpadana
1855 556 2025 617 Italia
2059 558 2205 617 iuxta
2278 619 2279 628 χ

180 643 352 721 Alpis
381 641 608 702 Larium
640 642 829 701 lacum
864 641 1124 719 appellat
1149 657 1452 700 amoenum
1484 639 1720 702 arbusto
1747 659 1893 719 agro
1933 643 2011 702 ad
2044 656 2243 719 quem5

182 729 594 806 ciconiaenon
626 733 944 804 permeant,
981 725 1149 783 sicuti
1195 743 1308 786 nec
1341 732 1611 784 octavom
1656 726 1802 786 citra
1845 726 2110 803 lapidem
2141 724 2204 785 ab
2278 721 2279 724 ’

180 829 275 871 eo.
339 811 598 870 inmensa
628 809 846 887 alioqui
878 808 1112 868 finitimo
1148 807 1474 868 Insubrium
1507 818 1708 892 'tractu
1759 812 2033 870 examina
2085 827 2203 887 gra-
2278 825 2279 868 z

180 896 443 956 culorum
472 885 909 954 monedularum
952 894 1043 952 cui
1092 893 1206 951 soli
1237 894 1329 953 avi
1370 893 1645 953 furacitas
1689 891 1921 972 argenti
1968 895 2204 972 aurique

180 979 497 1058 praecipue
529 979 670 1038 mira
702 986 810 1037 est.
882 978 1047 1055 picus
1078 976 1315 1037 Martius
1345 975 1403 1035 iu
1433 976 1747 1037 Tarentino
1781 996 1928 1055 agro
1965 977 2206 1055 negatur
2278 977 2279 988 ¹

95 1072 164 1127 78
186 1082 340 1123 esse.
400 1081 586 1140 nuper
631 1071 690 1121 et
731 1060 919 1124 adhuc
960 1070 1153 1120 tamen
1195 1080 1326 1122 rara
1373 1061 1444 1122 ab
1492 1062 1845 1140 Appennino
1888 1063 1967 1122 ad
2011 1062 2256 1123 urbemn

177 1165 384 1207 versus
431 1147 594 1205 cerni
649 1163 910 1223 coepere
961 1147 1219 1223 picarum
1268 1164 1488 1223 genera
1533 1164 1679 1224 quae
1723 1147 1901 1223 longa
1952 1149 2207 1223 insignes

186 1231 366 1291 cauda
400 1231 597 1291 variae
628 1228 1014 1308 appellantur.
1083 1232 1380 1308 proprium
1425 1230 1515 1289 his
1556 1231 1905 1290 calvescere
1947 1231 2208 1291 omnibus

177 1315 370 1391 anniS,
406 1334 533 1376 cum
564 1322 828 1375 serantur
856 1331 1017 1392 rapa.
1068 1315 1343 1391 perdices
1384 1309 1502 1372 non
1532 1316 1895 1374 transvolant
1924 1315 2207 1388 Boeotiae

179 1403 305 1463 linis
341 1402 399 1461 in
428 1400 644 1474 Attica,
685 1399 796 1458 nec
827 1397 947 1458 ulla
985 1399 1109 1457 avis
1139 1400 1199 1458 in
1228 1398 1409 1458 Ponto
1440 1400 1625 1459 insula
1657 1417 1770 1477 qua
1815 1402 2092 1477 sepultus
2124 1407 2205 1458 est

180 1486 445 1547 Achilles
495 1493 781 1544 sacratam
822 1483 876 1541 ei
923 1483 1147 1542 aedem.
1205 1484 1259 1541 in
1294 1481 1574 1543 Fidenate
1616 1500 1762 1560 agro
1803 1484 1970 1544 iuxta
2006 1483 2199 1543 urbem
2218 1498 2279 1562 1³,

182 1571 445 1630 ciconiae
489 1586 600 1627 nec
645 1567 841 1647 pullos
885 1585 995 1626 nec
1039 1567 1234 1626 nidum
1274 1567 1511 1627 faciunt.
1584 1577 1641 1627 at
1674 1569 1731 1626 in
1782 1584 1995 1645 agrum
2035 1568 2201 1627 Vola·

92 1665 161 1721 79
183 1665 473 1715 terrarium
503 1651 849 1731 palumbium
879 1654 967 1710 vis
1002 1671 1035 1710 e
1065 1652 1207 1711 mari
1241 1654 1547 1730 quotannis
1577 1652 1834 1712 advolat.
1896 1651 2127 1713 Rornae
2155 1654 2203 1711 in

180 1739 385 1800 aedem
417 1736 688 1796 Herculis
717 1737 774 1795 in
799 1735 933 1795 foro
963 1735 1175 1796 Boario
1209 1754 1318 1796 nec
1348 1754 1587 1797 muscae
1616 1754 1731 1795 nec
1763 1755 1946 1796 canes
1983 1740 2198 1797 intrant.

177 1823 356 1884 multa
391 1831 700 1900 praeterea
735 1820 975 1897 similia,
1022 1840 1172 1900 quae
1203 1820 1458 1899 prudens
1498 1820 1739 1882 subinde
1777 1823 1985 1882 omitto
2009 1824 2069 1882 in
2099 1822 2199 1882 sin·

178 1907 332 1985 gulis
366 1905 717 1984 generibuS,
759 1905 991 1965 fastidio
1028 1924 1301 1984 parcens,
1349 1908 1565 1984 quippe
1605 1925 1735 1965 cum
1768 1905 2253 1986 Theophrastus&

178 1991 366 2051 tradat
397 1991 737 2051 invecticias
771 2008 907 2048 esse
952 1991 1009 2048 in
1052 1989 1195 2049 Asia
1235 1989 1536 2053 columbas
1584 1999 1642 2049 et
1679 2007 1949 2070 pavones
1986 2001 2046 2053 et
2079 2009 2197 2050 cor-

177 2093 284 2136 vos
316 2084 375 2134 et
407 2076 464 2134 in
497 2071 822 2148 Cyrenaica
853 2074 1079 2133 vocalis
1111 2092 1301 2134 ranas.

92 2169 163 2223 80
314 2158 480 2238 (42.)
528 2158 661 2219 Alia
693 2160 992 2219 admiratio
1028 2159 1185 2218 circa
1216 2160 1469 2218 oscineS.
1528 2158 1658 2218 fere
1688 2169 1910 2219 mutant
1946 2161 2197 2220 colorem

177 2262 506 2322 vocemque
530 2253 797 2322 tempore
822 2243 973 2318 anni,
1005 2262 1074 2303 ac
1103 2252 1350 2321 repente
1379 2244 1517 2302 fiunt
1547 2243 1722 2318 aliae,
1759 2243 1921 2323 quod
1958 2246 2018 2305 in
2039 2263 2196 2322 gran·

115 2390 118 2397 ,
181 2330 345 2389 diore
399 2327 594 2388 alitum
636 2345 858 2405 genere
899 2346 1079 2404 grues
1120 2337 1354 2388 tantum.
1417 2327 1526 2387 hae
1574 2329 1725 2386 enim
1772 2338 2087 2388 senectute
2123 2329 2246 2387 rii-25

176 2421 476 2489 grescunt.
541 2412 762 2472 merula
801 2430 875 2470 ex
905 2413 1069 2487 nigra
1100 2412 1365 2488 rufescit,
1402 2412 1553 2471 canit
1584 2420 1835 2488 aestate,
1860 2412 2057 2472 hieme
2088 2412 2198 2472 bal·

178 2496 342 2572 butit,
378 2497 532 2556 circa
566 2496 873 2556 solstitium
902 2506 1074 2555 muta.
1125 2505 1376 2554 rostrum
1401 2514 1638 2574 quoque
1662 2497 1952 2556 anniculis
1979 2498 2038 2569 in
2069 2497 2199 2557 ebur

179 2581 648 2657 transfiguratur,
694 2581 985 2641 dumtaxat
1021 2579 1297 2665 maribus.
1360 2581 1542 2640 turdis
1577 2578 1744 2640 color
1788 2591 2025 2643 aestate
2056 2583 2200 2642 circa

181 2667 475 2726 cervicem
503 2665 720 2741 varius,
759 2664 949 2723 hieme
984 2664 1284 2725 concolor.
2028 2659 2033 2666 '
2272 2682 2280 2737 4

92 2761 160 2815 81
219 2775 227 2783 ·
312 2750 480 2828 (43.)
528 2748 811 2809 Lusciniis
856 2748 1061 2809 diebus
1108 2767 1180 2809 ac
1225 2747 1491 2809 noctibus
1527 2749 1812 2808 continuis
1876 2750 2254 2828 quindecimo

177 2833 448 2912 garrulus
473 2834 599 2893 sine
626 2834 952 2894 intermissu
977 2842 1180 2893 cantus
1207 2833 1490 2894 densante
1512 2852 1579 2894 se
1604 2832 1899 2895 frondium
1919 2836 2200 2913 germine,

176 2937 294 2978 non
323 2920 381 2977 in
410 2918 784 2978 novissimum
821 2917 993 2995 digna
1033 2920 1239 2978 miratu
1274 2937 1402 2978 ave.
1469 2919 1710 2996 primurn
1750 2927 1911 2979 tanta
1946 2937 2069 2980 vox
2100 2929 2204 2980 tam

179 3021 362 3079 parvo
407 3004 465 3063 in
505 3002 895 3082 corpuscuIO,
941 3013 1054 3064 tarn
1094 3004 1364 3082 pertinax
1417 3002 1676 3081 spirituS.
1748 3002 1967 3064 deinde
2004 3006 2062 3065 in
2102 3020 2204 3065 um
2278 3020 2279 3027 ¹

179 3086 447 3161 perfecta
495 3089 714 3148 musica
762 3087 1007 3147 scientia
1048 3086 1378 3146 modulatus
1432 3086 1619 3146 editur
1673 3104 1892 3163 sonus,
1952 3099 2015 3150 et
2063 3102 2203 3150 nm

183 3168 453 3227 continuo
481 3172 684 3249 spiritu
707 3170 949 3231 trahitur
975 3173 1032 3230 in
1057 3171 1315 3248 longum,
1343 3190 1493 3231 nunc
1517 3171 1776 3230 variatur
1795 3172 2046 3251 inflexu,
2062 3187 2246 3235 nunes

95 3255 165 3309 82
180 3246 541 3322 distinguitur
572 3255 837 3330 conciso,
892 3254 1199 3334 copulatur
1228 3257 1466 3330 intorto,
1516 3256 1879 3333 promittitur
1903 3264 2199 3331 revocato,

182 3326 499 3389 infuscatur
535 3353 609 3393 ex
648 3338 985 3416 inopinam,
1035 3340 1320 3399 interdum
1361 3348 1420 3399 et
1466 3357 1666 3398 secum
1703 3339 1842 3418 ipse
1872 3348 2196 3413 murmurat,

183 3407 412 3484 '‘lenu8‚
452 3419 666 3495 gravis,
701 3431 903 3481 acutus
914 3467 935 3500 ,
985 3423 1219 3497 creber,
1252 3432 1543 3483 extentus,
1606 3422 1703 3482 ubi
1746 3426 1937 3485 visum
1980 3433 2094 3502 est,
2120 3425 2194 3483 vi·
