2320 3650
168 128 285 191 194
841 141 912 188 c.
944 143 1133 190 rum
1175 141 1472 190 seem-xm

159 296 309 356 trice
350 286 466 353 non
503 292 839 371 solidescit,
897 312 1009 355 nec
1053 312 1166 374 qua
1213 293 1515 353 cerebrum
1556 301 1651 353 aut
1690 310 1798 353 cor
1830 292 2180 373 involvitur,

164 377 329 457 plura
361 378 508 437 enim
539 377 991 438 membranarum
1020 394 1261 454 genera.

80 470 183 524 209
333 462 500 542 (84.)
550 461 798 522 Feminis
828 461 1247 522 eadem-omnia
1279 460 1631 538 praeterque
1661 463 1901 520 vesicae
1938 463 2178 522 iunctus

164 545 472 623 utriculos,
504 546 656 605 unde
686 544 872 606 dictus
904 555 1121 605 uterus.
1171 543 1325 621 quod
1358 543 1471 602 alio
1502 545 1729 603 nomine
1754 544 1929 603 locos
1963 546 2175 623 appel·

164 628 300 703 lant,
338 629 452 688 hoc
481 631 540 688 in
569 628 812 706 reliquis
844 627 1181 688 animalibus
1213 627 1461 687 volvam.
1517 624 1682 685 Haec
1711 628 1957 706 viperae
1994 638 2060 687 et
2090 632 2169 688 in-
2191 645 2212 682 5

164 722 247 771 tra
277 730 342 771 se
373 711 725 789 parientibus
770 710 989 790 duplex
1007 755 1025 787 ,
1066 728 1177 770 ova
1204 711 1602 788 generantium
1632 709 1854 771 adnexa
1884 729 2168 788 praecor-

162 795 303 870 diis,
351 805 409 855 et
444 797 500 854 in
541 795 781 854 muliere
825 796 1087 872 geminos
1138 797 1297 853 sinus
1342 793 1414 852 ab
1445 803 1686 870 utraque
1715 802 1883 871 parte
1918 794 2168 854 latei-mn

77 877 386 955 zlohabet,
422 877 699 954 funebris,
737 879 1005 956 quotiens
1028 896 1200 936 versa
1231 878 1487 955 spiritum
1517 876 1765 939 inclusit.
1803 875 2004 939 Boves
2031 897 2166 954 gra·

161 962 323 1021 vidas
362 969 573 1038 negant
656 954 1021 1038 raeterquam
1060 961 1305 1020 dex-tero
1338 960 1549 1020 volvae
1582 961 1714 1018 sinu
1746 961 1939 1034 ferre,
1982 964 2167 1020 etiam

164 1063 288 1104 cum
318 1047 579 1121 geminos
637 1052 817 1103 erant.
876 1044 1066 1107 Vo‘lva
1110 1045 1300 1104 eiecto
1335 1053 1500 1122 partu
1535 1043 1742 1103 melior
1772 1061 1944 1122 qnam
1980 1044 2164 1103 edito.
2185 1056 2228 1099 ιο

163 1128 412 1188 eiectitia
444 1136 685 1186 vocatur
715 1127 837 1201 illa,
870 1127 1018 1214 haec
1045 1129 1332 1206 porcaria.
1377 1128 1723 1205 primiparae
1752 1128 1870 1186 suis
1905 1137 2166 1205 optuma,
2266 1147 2275 1151 ’

164 1219 361 1270 contra
390 1209 598 1271 effetiS.
660 1227 695 1269 a
727 1218 913 1289 partu,
945 1221 1354 1290 praeterquam
1387 1210 1593 1270 eodem
1623 1210 1717 1270 die
1746 1213 1864 1269 suis
1900 1213 2166 1285 occisae,

76 1304 174 1356 211
199 1293 371 1353 livida
419 1311 488 1353 ac
513 1309 739 1374 macra.
818 1313 929 1355 nec
963 1294 1322 1354 novellarum
1349 1310 1510 1352 suurn
1544 1303 1779 1371 praeter
1811 1295 2168 1371 primiparas

160 1376 467 1459 probatur,
511 1378 817 1455 potiusque
846 1387 1138 1453 veterum,
1181 1378 1311 1437 dum
1338 1395 1414 1436 ne
1447 1372 1780 1452 effetarum,
1820 1395 1934 1436 nec
1985 1377 2167 1437 biduo

160 1470 289 1520 ante
320 1469 545 1539 partum
576 1469 672 1535 aut
700 1470 835 1539 post
862 1470 1087 1540 partum
1113 1470 1211 1521 aut
1240 1477 1355 1539 quo
1388 1461 1670 1520 eiecerint
1697 1460 1812 1520 die.
1874 1472 2223 1538 proxumam

160 1543 232 1602 ab
260 1545 515 1604 eiectitia
547 1553 636 1603 est
667 1545 906 1604 occisae
934 1562 1047 1604 uno
1081 1544 1174 1604 die
1205 1552 1339 1622 post
1371 1552 1609 1621 partum.
1672 1542 1838 1603 huius
1864 1552 1927 1601 et
1960 1561 2166 1603 sumen

160 1626 467 1706 optumum,
502 1628 552 1685 si
581 1627 751 1687 modo
787 1627 942 1687 fetus
970 1644 1084 1687 non
1115 1627 1388 1687 hauserit.
1444 1627 1734 1686 eiectitiae
1769 1626 2163 1687 deterrimum.

158 1712 369 1788 antiqui
399 1709 683 1770 abdomen
717 1710 1007 1772 vocabant
1035 1711 1364 1790 priusquam
1393 1709 1668 1786 calleret,
1691 1710 1970 1769 ‘incientis
2005 1713 2164 1771 occi·

159 1792 298 1853 dere
332 1811 444 1852 non
474 1793 717 1854 adsueti.

72 1887 174 1956 212
322 1876 488 1956 (85.)
543 1876 868 1955 'cornigera
913 1895 1021 1937 una
1064 1886 1230 1956 parte
1276 1877 1507 1937 dentata
1550 1885 1609 1935 et
1639 1877 1876 1955 quaein
1908 1877 2220 1957 pedibusw

155 1958 305 2018 talos
327 1960 547 2019 habent
576 1959 719 2020 sebo
750 1964 1153 2039 pinguescunt,
1185 1960 1408 2019 bisulca
1430 1962 1707 2020 scissisve
1732 1961 1787 2018 in
1812 1960 2035 2036 digitos
2054 1980 2160 2040 pe·

157 2042 321 2102 dibus
352 2052 410 2101 et
440 2061 555 2102 non
588 2047 894 2121 cornigera
926 2045 1116 2122 adipe.
1167 2053 1474 2104 concretus
1506 2043 1600 2103 hic
1633 2052 1712 2119 ct,
1747 2062 1874 2102 cum
1904 2044 2160 2121 refrixit,

151 2126 408 2203 fragilis,
447 2144 795 2206 semperque
826 2129 881 2185 in
914 2128 1025 2186 fine
1057 2130 1265 2187 carnis.
1357 2136 1555 2201 contra
1599 2128 1812 2205 pingue
1833 2128 2005 2186 inter
2039 2146 2161 2189 car-

155 2227 284 2269 nem
319 2220 622 2290 cutemque
655 2229 796 2270 suco
829 2211 1124 2289 liquidum.
1188 2209 1481 2283 Quaedam
1507 2227 1622 2270 non
1654 2203 2073 2287 pinguescunt,
2105 2219 2164 2271 ut

156 2292 357 2371 lepus,
391 2295 615 2373 perdix.
707 2295 998 2354 steriliora
1038 2303 1243 2353 cuncta
1287 2294 1519 2372 pinguia
1549 2302 1609 2352 et
1639 2295 1693 2352 in
1726 2292 1980 2352 maribus
2019 2304 2079 2354 et
2108 2297 2221 2354 inu

68 2385 172 2439 213
194 2377 454 2454 feminis,
497 2387 921 2457 senescuntque
958 2377 1206 2436 celerius
1245 2377 1641 2456 praekpinguia.
1731 2374 2011 2435 Omnibus
2044 2381 2160 2440 ani·
2302 2365 2303 2452 l

150 2459 392 2519 malibus
424 2470 514 2521 est
544 2462 829 2540 quoddam
858 2463 913 2521 in
944 2460 1127 2521 oculis
1151 2455 1390 2538 pingue.
1424 2459 1587 2536 adips
1619 2460 1840 2519 cunctis
1872 2461 2005 2518 sine
2032 2480 2161 2521 sen·
2302 2459 2303 2462 ’

154 2561 253 2620 su,
292 2545 422 2622 quia
452 2564 564 2604 nec
595 2548 836 2605 arterias
878 2545 1052 2605 habet
1094 2562 1204 2602 nec
1232 2561 1431 2603 venaS.
1500 2543 1798 2621 plerisque
1832 2544 2162 2605 animalium

154 2636 245 2687 est
271 2629 608 2707 pinguitudo
642 2632 765 2688 sine
798 2648 1001 2704 sensu,
1049 2645 1216 2706 quam
1257 2627 1332 2686 ob
1380 2643 1610 2686 causam
1652 2645 1789 2687 sues
1820 2627 2100 2705 spirantis
2129 2647 2160 2688 a

151 2712 403 2771 muribus
441 2711 675 2771 tradunt
718 2712 976 2771 adrosas.
1039 2714 1174 2791 quin
1220 2721 1277 2771 et
1310 2710 1370 2770 L.
1410 2711 1633 2790 Aproni
1680 2709 2006 2770 consularis
2048 2713 2217 2772 virise

151 2795 270 2853 filio
304 2795 602 2854 detractos
635 2795 836 2873 adipes
869 2796 1232 2874 levatumque
1271 2812 1484 2874 corpus
1515 2794 1771 2854 inmobili
1807 2811 2009 2853 onere.

65 2887 171 2939 214
296 2877 465 2957 (86.)
512 2877 587 2937 Et
612 2879 863 2939 medulla
893 2895 967 2937 ex
997 2873 1200 2938 eodem
1233 2880 1460 2939 videtur
1489 2896 1622 2937 esse
1642 2923 1659 2951 ‚
1712 2880 1765 2937 in
1797 2880 2032 2938 iuventa
2062 2898 2156 2939 ru·

150 2961 296 3022 bens
330 2964 475 3021 etin
508 2971 742 3036 senecta
776 2960 1101 3022 albescens.
1199 2980 1314 3022 non
1355 2963 1461 3021 nisi
1506 2963 1664 3022 cavis
1705 2963 1853 3021 haec
1894 2961 2152 3040 ossibus,

151 3061 262 3102 nec
292 3045 553 3104 cruribus
589 3048 966 3105 iumentorum
996 3054 1090 3105 aut
1119 3064 1352 3121 canum,
1398 3064 1578 3125 quare
1622 3047 1806 3106 fracta
1848 3063 1964 3104 non
1996 3045 2151 3105 feru·

149 3128 455 3204 minantur,
511 3128 666 3208 quod
707 3128 993 3189 defluente
1026 3131 1218 3189 evenit
1245 3130 1510 3190 medulla.
1576 3139 1666 3188 est
1696 3137 1883 3189 autem
1917 3132 2212 3206 pinguisas
2302 3133 2303 3142 ¹

149 3209 219 3292 iis
251 3207 458 3287 quibus
490 3211 688 3293 adipS‚
726 3213 939 3272 sebosa
982 3216 1335 3290 cornigeriS‚
1383 3230 1634 3273 nervosa
1667 3215 1804 3272 etin
1832 3212 1994 3291 spina
2030 3220 2148 3271 tan-

149 3299 264 3348 tum
294 3292 450 3352 dorsi
484 3312 617 3354 ossa
649 3313 762 3355 non
790 3296 1149 3370 habentibus,
1178 3305 1239 3355 ut
1272 3297 1509 3373 piscium
1543 3299 1766 3372 generi,
1791 3298 1942 3354 ursis
1966 3295 2145 3373 nulla,

152 3372 307 3432 leoni
364 3371 421 3433 i‘n
476 3377 744 3439 feminum
806 3387 864 3438 et
924 3380 1319 3440 bracchiorum
1379 3379 1605 3438 ossibus
1666 3381 1866 3458 paucis
1932 3379 2145 3456 exigua
