2320 3650
638 82 797 129 NAT.
827 81 1009 129 ms'r.
1046 81 1195 129 vm.
1231 78 1470 131 42-43,
1508 77 1747 140 σει-68.
2114 71 2194 134 73

172 245 561 317 praereptum
592 234 827 309 habeat,
853 236 1075 295 olfactu
1108 238 1166 294 in
1196 233 1416 295 rabiem
1433 236 1503 295 *id
1523 243 1711 312 ‘genus
1740 237 1950 312 agitur.
1986 240 2193 299 amissa

176 331 435 401 parente
458 321 520 379 rin
553 321 1010 397 gregearmenti
1038 320 1302 398 reliquae
1329 319 1762 380 fetaeedueant
1790 319 2011 383 orbum.
2052 321 2190 384 'rer-

172 423 304 465 ram
346 406 635 481 attingere
676 420 795 463 ore.
817 405 1007 464 triduo
1054 421 1337 482 proxumo
1386 421 1555 481 qnam
1592 405 1665 462 sit
1705 406 1938 480 genitus
1976 417 2192 482 negant

170 506 382 568 posse.
444 506 559 567 quo
590 488 723 567 quis
758 490 953 547 acrior
997 491 1054 547 in
1084 487 1341 547 bibendo
1385 487 1725 566 profundius
1767 488 1921 550 naris
1947 493 2187 567 mergit.

108 597 152 636 ⁴5
170 575 435 649 Scythae
468 592 578 651 per
609 571 766 632 bella
801 572 1027 633 feminis
1052 574 1138 632 *nti
1170 572 1406 647 malunt,
1456 573 1723 650 quoniam
1763 573 1976 633 urinam
2019 593 2189 635 eursu

172 675 294 717 non
324 659 586 735 inpedito
619 656 878 715 reddant.

311 742 444 819 (67
453 743 482 818 )
533 739 775 799 Constat
805 742 861 798 in
893 739 1182 800 Lusitania
1213 742 1370 800 circa
1399 738 1759 817 Olisiponem
1792 739 2064 818 oppidum
2097 752 2159 802 et
2172 754 2278 807 166

168 826 405 903 sagum
430 843 654 884 amnem
685 841 866 902 equas
893 823 1150 883 Favonio
1193 824 1365 884 flante
1399 824 1684 884 obversas
1717 824 2020 886 animalem
2051 843 2188 886 con-

176 912 416 989 cipere
436 910 727 988 spiritum,
777 909 952 986 idque
994 918 1219 986 partum
1258 908 1412 967 fieri
1427 918 1485 968 et
1519 909 1680 985 gigni
1732 910 2188 998 pernicissimum

98 1012 156 1052 ιο
174 996 280 1068 ita,
320 994 431 1052 sed
468 994 772 1051 triennium
810 995 967 1051 vitae
1019 1009 1134 1051 non
1169 981 1483 1052 excedere.
1548 996 1603 1051 in
1663 989 1865 1053 eadem
1915 992 2187 1070 Hispania

164 1078 441 1137 Galiaica
466 1094 612 1153 gens
633 1087 728 1135 est
757 1086 818 1140 et
846 1060 1171 1136 Αετιιτίιιει.
1176 1079 1369 1153 equini
1396 1078 1678 1153 generis,
1677 1112 1760 1124 —-
1789 1069 1854 1136 hi
1876 1086 2007 1137 sunt
2038 1095 2187 1155 quos

172 1161 510 1220 thieldones
544 1178 840 1234 vocamus,
885 1162 1108 1226 minore
1132 1160 1319 1220 forma
1349 1161 1681 1239 appellatos
1704 1171 2181 1237 asturcones,—

168 1247 424 1322 gignunt
457 1246 667 1346 quibus
706 1262 822 1303 non
863 1245 1124 1321 volgaris
1173 1246 1228 1304 in
1269 1262 1443 1312 eursu
1479 1246 1695 1321 gradus
1746 1246 1850 1305 sed
1881 1246 2074 1306 mollis
2105 1246 2186 1306 al·

160 1339 347 1388 *terno
375 1347 604 1388 crurum
590 1319 928 1406 ‘explicatu
958 1329 1327 1413 glomeratio,
1345 1330 1501 1388 unde
1527 1330 1693 1407 equis
1725 1330 1947 1389 tolutim
1972 1347 2186 1408 capere

90 1434 159 1473 -ιι,
176 1429 466 1471 incursum
496 1414 735 1473 traditur
767 1422 911 1471 arte.
956 1402 1140 1489 Equo
1154 1413 1280 1472 fere
1309 1415 1409 1490 qui
1439 1413 1651 1510 nomini
1683 1412 1887 1489 morbi,
1926 1424 2185 1491 praeter-

171 1515 295 1574 que
326 1498 563 1556 vesicae
595 1499 928 1572 conversiO,
962 1499 1111 1555 sicut
1143 1497 1408 1556 omnibus
1440 1499 1495 1555 in
1526 1515 1747 1573 genere
1779 1500 2064 1561 veterina.

304 1582 406 1641 43.
454 1579 624 1658 (68.)
684 1580 922 1640 Asinum
971 1593 1140 1641 cccc
1194 1582 1423 1641 milibus
1456 1600 1740 1640 nummum
1764 1592 2015 1659 emptum
2063 1581 2139 1655 Q.
2167 1589 2270 1644 167

178 1663 332 1722 Axio
367 1667 634 1724 senatori
689 1674 893 1724 auctor
942 1675 1034 1725 est
1083 1664 1160 1725 Μ.
1211 1666 1432 1741 Verre,
1481 1667 1617 1726 haut
1656 1667 1783 1726 scio
1830 1685 1900 1726 an
1938 1667 2185 1726 omnium

177 1748 370 1825 pretio
418 1748 738 1808 animalium
781 1751 958 1809 victo.
1037 1767 1225 1829 opera
1277 1752 1401 1809 sine
1447 1750 1622 1811 dubio
1669 1751 1874 1827 generi
1922 1750 2181 1823 mirifica,

101 1833 397 1895 war-ando
429 1849 698 1911 quoque,
741 1835 847 1893 sed
877 1834 1156 1894 mularum
1198 1854 1463 1895 maxume
1504 1838 2018 1914 progeneratione.
2083 1852 2184 1912 pa·

170 1917 283 1976 tria
318 1918 490 1976 etiam
512 1926 810 1994 spectatur
844 1920 901 1977 in
931 1919 1042 1994 his,
1069 1920 1374 1979 Arcadicis
1402 1921 1460 1979 in
1477 1920 1719 1995 Achaia,
1748 1921 1805 1979 in
1840 1919 2002 1981 Italia
2034 1918 2183 1979 Rea-

174 1999 326 2059 tinis.
359 2002 545 2079 ipsum
572 2002 780 2060 animal
816 2002 1052 2078 frigoris
1095 2021 1358 2062 maxume
1390 2005 1693 2082 inpatiens.
1757 2006 1894 2066 ideo
1934 2022 2067 2064 non
2080 2021 2182 2079 ge-

172 2094 408 2144 neratur
438 2085 495 2143 in
531 2085 745 2160 Ponto,
793 2104 903 2144 nee
932 2088 1300 2165 aequinoctio
1330 2105 1515 2147 verno
1547 2097 1609 2146 ut
1643 2098 1842 2148 cetera
1870 2106 2058 2171 pecua
2084 2087 2181 2147 ad-

173 2169 430 2243 mittitur,
468 2169 575 2228 sed
606 2170 876 2228 solstitie.
952 2169 1147 2230 Mares
1192 2172 1248 2229 in
1289 2173 1634 2231 remissione
1664 2175 1864 2249 operis
1896 2168 2147 2232 deterio-
2159 2177 2271 2232 168

94 2269 294 2316 mres
336 2261 535 2330 partus
566 2272 598 2312 a
631 2254 928 2312 tricesimo
959 2272 1158 2313 mense
1187 2257 1529 2331 citissimus,
1583 2256 1688 2315 sed
1717 2274 1749 2314 a
1781 2258 2008 2315 trimatu
2037 2255 2181 2330 legi—

175 2338 362 2396 timus.
405 2338 656 2396 totidem
679 2347 821 2415 quot
847 2355 1034 2416 equae
1061 2346 1118 2397 et
1146 2339 1368 2397 eisdem
1399 2339 1693 2398 mensibus
1717 2348 1777 2399 et
1800 2341 1968 2399 simili
1985 2339 2179 2398 modo.

172 2420 282 2479 sed
326 2421 687 2481 incontinens
726 2430 926 2481 uterus
971 2424 1133 2481 urina
1167 2423 1426 2499 genitale
1464 2423 1686 2498 reddit,
1734 2425 1791 2482 ni
1836 2433 2078 2501 cog-atur
2127 2425 2183 2481 in

177 2521 404 2564 cursum
432 2505 785 2566 verberibus
812 2525 844 2565 a
874 2508 1054 2565 coitu.
1117 2523 1251 2566 raro
1279 2509 1545 2583 geminos
1574 2508 1744 2585 parit.
1806 2510 2061 2586 paritura
2097 2507 2180 2566 lu-

172 2605 302 2648 cem
336 2589 483 2665 fugit
532 2599 592 2649 et
623 2589 896 2650 tenebras
940 2592 1200 2673 quaerit,
1260 2609 1335 2651 ne
1377 2593 1767 2670 conspiciatur
1808 2594 1879 2652 ab
1926 2592 2178 2651 homine.

84 2694 156 2738 aso
173 2672 356 2749 gignit
383 2681 502 2732 tota
528 2675 645 2734 vita
679 2691 828 2752 qnae
864 2684 955 2733 est
986 2678 1041 2734 ei
1070 2675 1142 2735 ad
1173 2677 1528 2752 trigesimum
1562 2693 1785 2735 annum.
1817 2675 2020 2736 Partus
2054 2692 2147 2735 ca·
2168 2681 2268 2735 169

147 2757 594 2834 ‘ritas‘summa,
633 2759 737 2818 sed
769 2775 1042 2835 aquarum
1084 2760 1334 2819 taedium
1381 2762 1581 2820 mains.
1635 2778 1748 2838 per
1794 2762 1943 2836 ignis
1981 2759 2051 2819 ad
2095 2760 2179 2817 fe·

168 2849 264 2899 m
290 2841 544 2901 tendunt.
618 2843 882 2916 eaedem,
949 2846 1000 2902 si
1034 2845 1193 2903 rivos
1221 2846 1499 2903 minumus
1527 2846 1791 2918 intersit,
1832 2843 2179 2903 horrent-ita

164 2924 442 3001 ut‘pedes
483 2927 716 2986 omnino
770 2937 1021 2987 caveant
1046 2929 1331 3004 tinguere.
1381 2947 1493 2987 nec
1531 2929 1642 2987 nisi
1672 2929 1949 2988 adsuetos
1984 2936 2181 3006 potant

168 3007 342 3068 fontis
375 3026 524 3087 quae
555 3019 686 3070 sunt
716 3012 772 3070 in
801 3013 1091 3088 pecuariis
1118 3014 1406 3090 acquesta
1433 3014 1690 3072 ut-siceo
1715 3014 1941 3071 tramite
1972 3012 2178 3089 adpo-

94 3101 283 3151 estum
318 3102 471 3155 eant.
517 3112 629 3153 nee
660 3096 854 3172 pontis
884 3104 1183 3155 transeunt
1206 3114 1315 3174 per
1348 3098 1642 3158 raritatem
1670 3107 1872 3156 eoram
1892 3096 2178 3156 tralucen-

166 3174 317 3235 tibus
349 3176 563 3236 fluviis,
607 3181 926 3258 mirumque
971 3181 1158 3255 dictu,
1193 3182 1385 3239 sitiunt
1411 3191 1507 3256 et,
1553 3181 1603 3239 si
1645 3190 1933 3239 mutentur
1966 3199 2176 3258 aquae,

166 3269 226 3319 ut
254 3259 459 3320 bibant
494 3264 800 3338 cogendae
843 3265 1254 3324 exorandaeve
1292 3259 1441 3324 sunt.
1517 3282 1631 3324 nec
1667 3266 1777 3323 nisi
1821 3266 2077 3342 spatiosa
2121 3266 2176 3322 in

166 3342 362 3403 cubitu
401 3344 628 3405 laxitas.
681 3349 841 3407 varia
875 3367 1125 3427 namque
1171 3367 1378 3409 somno.
1401 3351 1529 3423 visa
1559 3351 1895 3429 concipiunt
1923 3350 2040 3409 ictu
2073 3365 2175 3426 pe·

2072 3558 2083 3564 -
2173 3476 2320 3564 A
