2320 3650
814 115 976 163 un.
1016 114 1203 162 ms'r.
1247 113 1498 162 rums.
1597 128 1602 131 *
2147 98 2183 158 7

68 296 71 297 ⁷
168 250 495 352 Apelles
528 270 878 332 faciebat
920 280 1014 331 aut
1046 269 1502 344 Polycletus
1531 313 1547 344 ‚
1596 278 1884 348 tamquam
1914 266 2186 329 inchoata
2247 306 2251 317 -

167 375 408 436 semper
452 365 579 417 arte
629 364 690 414 et
734 355 1094 434 inperfecta,
1142 363 1204 413 ut
1249 362 1451 414 contra
1494 353 1837 415 iudiciorum
1867 353 2186 413 varietates

166 450 522 521 superesset
572 439 787 513 artifici,
829 457 1141 517 regressus
1196 439 1269 499 ad
1319 439 1550 498 veniam
1597 438 1756 499 velut
1805 436 2184 499 emendaturo

165 526 453 606 quidquid
485 525 944 600 desideraretur,
976 524 1025 583 si
1056 541 1172 583 non
1203 532 1366 583 esset
1398 525 1777 601 interceptus.
1839 539 2018 601 quare
2050 522 2177 600 ple·
2201 528 2269 583 27

123 640 146 680 5
164 629 296 671 num
321 610 722 670 verecundiae
747 608 909 684 illud,
943 610 1101 687 quod
1132 609 1321 667 omnia
1344 624 1530 687 opera
1557 615 1845 685 tamquam
1872 607 2186 667 novissima

161 696 552 774 inscripsere,
586 702 646 754 et
674 702 961 771 tamquam
991 693 1235 771 singulis
1265 691 1692 769 fato-adempti.
1756 689 1889 751 Tria
1918 708 2035 750 non
2069 708 2183 751 am-

162 781 352 859 plius,
400 789 464 838 ut
506 779 752 857 opinor,
790 776 1060 839 absolute
1093 777 1395 837 traduntur
1422 777 1732 854 inscripta:
1798 774 1942 835 Ille
1976 775 2182 849 fecit,

161 882 314 944 quae
348 865 471 924 suis
504 863 655 923 locis
685 862 943 923 reddam.
990 878 1106 940 quo
1139 861 1403 941 adparuit
1434 879 1706 921 summam
1738 860 1878 921 artis
1901 859 2186 919 securita-

160 959 277 1009 tem
315 948 544 1009 auctori
575 946 894 1027 placuisse,
929 955 988 1006 et
1017 946 1095 1006 ob
1119 947 1178 1007 id
1200 963 1409 1024 magna
1435 946 1647 1006 invidia
1675 945 1841 1006 fuere
1868 945 2057 1004 omnia
2088 961 2178 1003 ea.

100 1056 144 1095 lo
163 1032 295 1111 Ego
340 1033 521 1112 plane
563 1032 710 1092 mois
757 1031 906 1091 adici
937 1048 1118 1110 posse
1160 1028 1338 1090 multa
1380 1030 1699 1105 confiteor,
1739 1030 1976 1090 nechis
2006 1027 2173 1101 solis,
2197 1036 2268 1091 28

163 1118 267 1178 sed
304 1127 366 1176 et
398 1116 667 1178 omnibus
702 1132 852 1195 quos
887 1115 1075 1191 edidi,
1126 1124 1187 1174 ut
1218 1114 1411 1175 obiter
1447 1133 1686 1176 caveam
1718 1116 1861 1175 istos
1892 1114 2176 1175 Homero-

161 1203 443 1279 mastigas
474 1202 584 1279 (ita
618 1200 770 1260 enim
800 1200 1000 1260 verius
1035 1200 1336 1280 dixerim),
1371 1202 1639 1279 quoniam
1663 1200 1834 1260 audio
1862 1209 1921 1260 et
1943 1199 2179 1259 Stoicos

161 1296 219 1347 et
249 1286 635 1361 dialecticos,
684 1283 1013 1363 Epicureos
1044 1301 1283 1363 quoque
1318 1285 1480 1361 (nam
1511 1284 1586 1344 de
1615 1285 2004 1362 grammaticis
2027 1301 2176 1343 sem-

159 1389 267 1449 per
300 1369 681 1448 exspectavi)
715 1369 1001 1449 parturire
1033 1370 1318 1429 adversus
1347 1368 1586 1429 libellos
1618 1386 1767 1447 quos
1798 1368 1870 1428 de
1895 1384 2175 1445 gramma-

96 1482 139 1520 15
158 1457 274 1516 tica
310 1454 500 1526 edidi,
555 1462 615 1513 et
645 1453 891 1515 subinde
923 1452 1164 1513 abortus
1196 1454 1396 1513 facere
1433 1453 1544 1512 iam
1577 1453 1784 1512 decem
1816 1455 2010 1527 annis,
2048 1470 2176 1512 cum

157 1540 435 1603 celeriusv
449 1539 624 1599 etiam
654 1537 951 1617 elephanti
983 1539 1229 1617 pariant.
1283 1556 1393 1598 ceu
1423 1554 1570 1599 vero
1605 1537 1861 1597 nesciam
1892 1537 2176 1596 adversus
2193 1541 2262 1593 29

158 1623 649 1703 Theophrastum,
682 1622 971 1685 bominem
1002 1623 1061 1681 in
1095 1622 1433 1700 eloquentia
1468 1631 1683 1682 tantum
1715 1629 1775 1681 ut
1796 1638 2009 1681 nomen
2032 1621 2173 1680 divi-

154 1727 287 1769 num
318 1708 456 1768 inde
485 1708 1142 1786 invenerit,·scripsisse
1179 1707 1352 1768 etiam
1384 1706 1675 1782 feminam,
1710 1715 1769 1767 et
1799 1705 2174 1785 proverbium

154 1794 287 1855 inde
319 1801 516 1855 natum
547 1793 864 1872 suspendio
891 1791 1164 1853 arborem
1187 1790 1464 1871 eligendi.
1525 1790 1657 1852 Non
1688 1809 1842 1872 queo
1865 1791 1999 1852 mihi
2026 1799 2167 1852 tem·
2192 1796 2262 1851 30

89 1897 370 1958 mperare
414 1895 535 1957 quo
585 1878 771 1939 minus
817 1878 890 1937 ad
937 1877 1053 1938 hoc
1097 1877 1446 1956 pertinentia
1477 1879 1605 1957 ipsa
1643 1879 1896 1937 censorii
1930 1874 2170 1937 Catonis

150 1963 335 2025 verba
369 1979 616 2042 ponam,
653 1972 712 2023 ut
742 1963 1022 2040 adpareat
1057 1963 1231 2022 etiam
1266 1959 1472 2023 Catoni
1503 1963 1577 2023 de
1609 1962 1836 2023 militari
1868 1960 2173 2040 disciplina

153 2049 588 2122 commentanti,
622 2048 721 2126 qui
752 2046 858 2106 sub
890 2046 1196 2122 Africano,
1231 2048 1400 2107 immo
1432 2064 1576 2107 vero
1611 2056 1670 2106 et
1695 2046 1801 2107 sub
1823 2045 2171 2118 Hannibale,

154 2133 460 2193 didicisset
504 2131 751 2192 militare
796 2139 855 2192 et
896 2150 969 2191 ne
1002 2131 1341 2192 Africanum
1385 2132 1619 2211 quidem
1664 2132 1823 2191 ferre
1859 2131 2170 2210 potuisset,

152 2219 245 2295 qui
277 2219 602 2296 imperator
630 2215 973 2295 triumphum
1002 2225 1390 2295 reportasset,
1427 2224 1666 2296 paratos
1695 2215 1877 2276 fuisse
1904 2217 2050 2275 istos
2075 2214 2174 2293 qui

85 2319 132 2360 ²5
153 2302 587 2363 obtrectatione
611 2300 839 2361 alienae
865 2302 1145 2362 scientiae
1174 2301 1383 2362 famam
1405 2301 1515 2362 sibi
1541 2309 1914 2379 aucupantur.
1982 2299 2033 2375 Q
2051 2320 2087 2359 u
2105 2291 2171 2357 id

150 2383 382 2446 enim?
424 2386 505 2446 ait
538 2386 596 2446 in
619 2402 693 2450 eo
716 2385 1030 2462 volumine,
1066 2387 1228 2446 scio
1263 2403 1429 2463 ego,
1465 2403 1650 2466 quae
1684 2386 1973 2464 scripta
2007 2390 2173 2445 sunt

147 2556 277 2616 sed
308 2556 362 2614 ii
400 2555 863 2634 potissimum
895 2556 1016 2633 qui
1045 2574 1273 2616 verae
1308 2555 1550 2616 laudis
1582 2565 1950 2635 expertes
1986 2561 2166 2614 sunt.

148 2656 411 2700 eorum
455 2656 601 2716 ego
653 2641 1047 2699 orationes
1096 2639 1198 2699 ibi
1247 2649 1683 2718 praetereo.
1747 2639 1875 2701 Nec
1915 2634 2255 2699 Plancus31

80 2737 130 2779 30
150 2724 432 2803 inlepide,
460 2743 590 2784 cum
615 2715 911 2788 diceretur
932 2724 1169 2785 Asinius
1189 2723 1378 2784 Pollio
1400 2726 1699 2787 orationes
1720 2726 1778 2784 in
1803 2742 1934 2785 eum
1956 2739 2166 2801 parare

148 2827 300 2888 quae
335 2808 412 2869 ab
447 2809 580 2887 ipso
616 2817 713 2868 aut
745 2808 949 2869 liberis
995 2818 1129 2887 post
1171 2817 1417 2869 mortem
1451 2808 1650 2869 Planci
1696 2809 2046 2884 ederentur,
2091 2825 2170 2866 ne

147 2894 518 2972 respondere
552 2901 787 2971 posset:
832 2912 961 2954 cum
991 2894 1233 2954 mortuis
1264 2911 1380 2954 non
1409 2895 1518 2955 nisi
1550 2893 1744 2955 larvas
1774 2892 2002 2953 luctari.
2049 2908 2164 2971 quo

146 2978 303 3038 dicto
340 2978 429 3052 sic
459 2978 826 3055 repercussit
857 2977 1021 3054 illas,
1055 2987 1116 3037 ut
1147 2979 1301 3057 apud
1332 2979 1594 3039 eruditos
1624 2977 1763 3037 nihil
1796 2974 2166 3056 inpudentius

147 3062 453 3124 iudicetur.
513 3060 679 3140 Ergo
703 3063 897 3124 securi
922 3065 1093 3124 etiam
1120 3072 1324 3124 contra
1346 3063 1800 3139 vitilitigatores,
1838 3078 1986 3142 quos
2012 3059 2158 3122 Cato
2180 3059 2251 3114 32

81 3158 129 3199 ³⁵
146 3146 457 3224 eleganter
492 3165 570 3206 ex
617 3147 768 3207 vitiis
819 3155 877 3207 et
911 3148 1304 3225 litigatoribus
1340 3147 1650 3226 conposuit
1698 3147 1867 3225 (quid
1900 3148 2050 3208 enim
2081 3144 2166 3205 illi

145 3230 298 3292 aliud
330 3249 505 3310 quam
539 3230 762 3309 litigant
793 3240 888 3291 aut
915 3232 1073 3293 litem
1099 3241 1382 3311 quaerunt
1394 3230 1481 3310 ?),
1516 3250 1908 3311 exsequemur
1936 3231 2165 3308 reliqua

142 3316 453 3395 propositi.
519 3313 665 3389 Quia
697 3317 1181 3393 occupationibus
1211 3317 1323 3375 tuis
1353 3315 1590 3393 publico
1623 3316 1778 3375 bono
1803 3313 2157 3394 parcendum
2178 3320 2250 3374 33

140 3409 291 3476 erat,
325 3398 467 3479 quid
497 3400 742 3476 singulis
774 3401 1173 3460 contineretur
1203 3398 1368 3459 libris
1391 3397 1524 3458 huic
1557 3399 1846 3477 epistulae
1870 3394 2159 3466 subiunxi,
2237 3402 2250 3416 ’
