2320 3650
483 146 646 192 NAT.
679 145 861 193 ms'r.
895 146 1073 192 vnn.
1115 139 1353 197 18-——25.
1389 132 1686 218 (33-41.)
1850 97 1857 106 ‚
2017 139 2098 202 99

73 309 136 359 ut
165 301 230 359 in
263 298 558 377 excipulis
589 301 715 358 eius
751 299 994 359 fluminis
1041 300 1116 359 ob
1147 301 1262 360 hoc
1290 303 1476 379 ipsum
1513 301 1812 363 fabricatis
1844 305 2098 383 singulm·

72 384 453 445 rumrmilium
488 385 853 462 reperiantur
881 383 1063 461 globi.
1798 432 1814 468 s

203 467 314 528 23.
367 467 535 547 (39.)
584 466 820 528 Murena
867 479 1230 546 quocumque
1274 485 1474 530 mense
1520 473 1700 548 parit,
1737 490 1864 533 cum
1912 475 2094 533 ceteri
2115 482 2184 540 76

73 554 283 631 pisces
313 560 471 610 stato
499 553 743 629 pariant.
807 569 916 611 ova
942 553 1066 610 eius
1102 553 1379 612 citissime
1414 561 1702 613 crescunt.
1751 558 1805 614 in
1837 557 1999 616 sicco
2032 558 2098 617 li-

42 648 210 697 v‚tore
246 637 447 714 lapsas
480 637 693 712 volgus
736 637 892 694 coitu
937 638 1290 735 serpentium
1322 637 1534 715 inpleri
1568 649 1744 717 putat.
1810 641 2098 700 Aristote-

73 723 163 781 les
190 736 456 795 zmyrum
483 728 661 779 vocat
691 738 907 779 marem
954 723 1049 808 qui
1080 730 1343 797 generat.
1393 722 1703 782 discrimen
1746 743 1906 799 esse,
1942 723 2099 802 quod

70 821 319 865 murena
356 805 516 864 varia
551 812 610 862 et
636 806 856 864 infirma
887 805 980 879 sit,
1013 821 1241 878 zmyrus
1264 806 1532 865 unicolor
1568 816 1627 866 et
1658 808 1929 866 robustus
1945 809 2099 867 den-

70 893 271 967 tisque
311 896 480 948 extra
513 905 580 947 os
612 886 841 947 habeat.
899 887 963 946 Ιιι
995 887 1179 949 Gallia
1211 891 1652 967 septentrionali
1692 894 1945 950 murenis
1979 910 2097 950 om-

72 974 246 1033 nibus
281 972 529 1031 dextera
559 975 616 1030 in
639 973 869 1032 maxilla
903 981 1183 1050 septenae
1206 973 1467 1033 maculae
1498 976 1568 1035 ad
1594 976 1832 1036 formam
1865 984 2097 1054 septen-

42 1051 279 1118 ›tn-tonis
318 1074 499 1114 aureo
534 1056 738 1115 colore
769 1053 1015 1132 fulgent,
1049 1057 1340 1116 dumtaxat
1368 1059 1697 1118 'viventibus
1715 1062 2097 1138 ,pariterque

73 1161 204 1201 cum
240 1142 431 1200 anima
476 1141 896 1216 exstinguntur.
960 1140 1182 1200 Invenit
1223 1141 1280 1199 in
1319 1142 1435 1200 hoc
1477 1144 1705 1203 animali
1747 1143 2091 1204 documenta
2117 1152 2182 1209 77

73 1226 362 1286 saevitiae
404 1223 629 1286 Vedius
671 1224 858 1284 Pollio
906 1241 1090 1302 eques
1135 1223 1428 1284 Romanus
1476 1245 1551 1285 ex
1595 1230 1793 1286 amicis
1830 1230 1947 1288 divi
1979 1229 2095 1287 Au-

73 1311 232 1387 gusti
275 1309 517 1367 vivari'is
565 1325 761 1367 earum
795 1310 1126 1384 inmergens
1157 1308 1419 1368 damnata
1448 1312 1764 1387 mancipia,
1812 1328 1927 1371 non
1957 1322 2096 1373 tam-

74 1412 248 1472 quam
291 1393 365 1452 ad
409 1393 525 1452 hoc
573 1393 714 1452 feris
751 1401 1041 1452 terrarum
1087 1410 1203 1450 non
1246 1393 1698 1468 sufficientibiffi,
1742 1397 1846 1454 sed
1877 1395 2008 1473 quia
2043 1398 2099 1454 in

42 1480 192 1540 talio
233 1495 459 1553 genere
495 1486 675 1536 totum
708 1479 925 1554 pariter
958 1477 1245 1536 hominem
1276 1477 1512 1537 distrahi
1544 1486 1821 1555 spectare
1845 1494 1961 1537 non
1994 1493 2097 1556 po'·

73 1571 246 1625 terat.
313 1562 511 1638 ferunt
561 1561 714 1620 aceti
762 1570 930 1637 gustu
971 1563 1290 1639 praecipue
1336 1579 1436 1620 eas
1482 1563 1539 1620 in
1571 1560 1790 1622 rabiem
1823 1565 1937 1638 agi.
1986 1562 2096 1622 Te-

71 1647 410 1706 nuissimum
446 1645 537 1704 his
568 1655 790 1720 tergus,
826 1653 1024 1704 contra
1058 1645 1328 1721 anguillis
1360 1648 1634 1722 crassiuS,
1670 1665 1862 1725 eoque
1886 1646 2097 1705 verbe·

69 1732 188 1792 rari
223 1730 434 1788 solitos
468 1729 642 1789 tradit
668 1729 908 1788 Verrius
949 1738 1384 1808 praetextatOS,
1435 1739 1494 1789 et
1526 1730 1602 1789 ob
1645 1730 1702 1790 id
1745 1731 1977 1791 multam
2007 1731 2097 1790 his
2167 1807 2171 1812 ἱ

72 1811 186 1875 dici
222 1830 336 1874 non
366 1814 699 1874 institutam.

40 1909 53 1947 ¹
201 1897 303 1959 24.
333 1900 518 1979 (40.)
565 1898 871 1958 Planorum
906 1900 1150 1978 piscium
1181 1900 1426 1960 alterum
1457 1908 1546 1959 est
1579 1917 1765 1977 genus
1804 1899 1960 1978 quod
1986 1917 2092 1978 pro
2115 1906 2182 1963 78

72 1983 240 2061 spina
272 1982 677 2059 cartilaginem
695 1982 894 2058 habet,
927 1992 988 2042 ut
1016 1986 1197 2058 raiae,
1234 1985 1589 2062 pastinacae,
1624 1986 1947 2063 squatinae,
1978 1993 2097 2043 tor·

70 2067 248 2144 pede,
286 2076 347 2126 et
381 2084 529 2144 quos
561 2067 754 2142 bovis,
781 2067 1012 2143 lamiae,
1045 2068 1299 2146 aquilae,
1325 2081 1500 2149 ranae
1531 2069 1854 2127 nominibus
1887 2067 2097 2128 Graeci

71 2152 396 2230 appeilant.
465 2165 581 2230 qno
623 2153 681 2210 in
710 2166 949 2210 numero
983 2162 1111 2211 sunt
1142 2153 1330 2230 squali
1362 2170 1629 2230 quoque,
1682 2153 1943 2229 quamvis
1979 2168 2095 2209 non

70 2235 251 2316 plani:
313 2236 466 2295 haec
506 2234 733 2295 Graece
774 2238 830 2294 in
861 2237 1190 2295 universum
1224 2231 1466 2314 σελάχη
1514 2237 1837 2313 appellavit
1868 2236 2095 2292 Aristo·

40 2319 228 2379 ste‘les
259 2321 514 2398 primus,
559 2320 676 2379 hoc
705 2321 936 2379 nomine
980 2322 1065 2379 eis
1095 2320 1371 2398 inposito.
1436 2336 1543 2377 nos
1589 2320 1949 2395 distinguere
1979 2333 2096 2376 non

69 2421 384 2482 possumus
416 2405 527 2463 nisi
563 2406 613 2462 si
653 2405 1028 2481 cartilaginea
1065 2403 1368 2482 appellare
1412 2402 1613 2462 libeat.
1676 2405 1864 2462 omnia
1907 2411 2098 2461 autem

72 2490 381 2548 carnivora
414 2496 544 2547 sunt
571 2486 731 2563 talia,
761 2497 823 2547 et
856 2490 1058 2565 supina
1087 2495 1423 2562 vescuntur,
1461 2496 1522 2545 ut
1551 2487 1606 2544 in
1632 2487 1923 2565 delphinis
1948 2487 2095 2546 dixi-

68 2590 229 2647 ιιιιιε,
292 2582 353 2632 et
399 2590 527 2632 cum
579 2573 769 2632 ceteri
811 2573 1008 2649 pisces
1062 2588 1173 2632 ova
1218 2573 1469 2650 pariant,
1513 2565 1629 2629 hoc
1670 2588 1860 2647 genus
1910 2571 2096 2629 solum

69 2664 128 2715 ut
164 2666 235 2717 ea
263 2674 425 2736 quae
470 2664 602 2716 cete
635 2656 933 2736 appellant
963 2656 1171 2716 animal
1212 2657 1367 2735 parit
1404 2663 1653 2733 excepta
1692 2673 1861 2733 quam
1900 2668 2095 2713 ranam

40 2744 304 2800 §ant

165 2824 298 2885 25.
349 2822 519 2904 (41.)
567 2822 673 2883 Est
719 2841 932 2902 parvos
985 2822 1287 2884 admodum
1338 2825 1520 2901 piscis
1571 2823 1846 2882 adsuetus
1902 2821 2087 2898 petris
2112 2826 2179 2883 79

71 2909 354 2969 echeneis
385 2908 739 2987 appellatus.
774 2909 888 2969 hoc
924 2910 1135 2968 carinis
1168 2908 1522 2968 adhaerente
1554 2924 1736 2966 naves
1767 2905 1982 2965 tardius
2006 2905 2092 2962 ire
2168 2938 2179 2949 κ

71 2994 385 3055 creduntur
429 2993 564 3052 inde
608 2994 838 3053 nomine
881 2994 1170 3071 inposito,
1208 3010 1372 3069 quam
1420 2991 1496 3050 ol)
1530 3008 1761 3050 causam
1802 2988 2093 3049 amatoriis

70 3093 306 3157 quoque
349 3078 653 3137 veneficiis
698 3076 923 3137 infamis
969 3076 1165 3135 estet
1208 3077 1550 3136 iudiciorum
1593 3092 1662 3134 ac
1695 3075 1877 3134 litium
1906 3090 2092 3148 mora,

41 3164 222 3239 ¹qnare!
265 3163 504 3223 crimina
551 3170 661 3222 un'a
703 3162 875 3221 laude
918 3169 1126 3239 pensat
1170 3160 1357 3219 fluxus
1408 3159 1775 3237 gravidarum
1815 3167 1984 3217 utero
2017 3158 2090 3216 si-

68 3254 230 3305 stens
273 3254 597 3326 partusque
650 3247 951 3305 continens
1000 3245 1071 3304 ad
1116 3247 1508 3322 puerperium.
1572 3245 1629 3302 in
1680 3242 1845 3302 cibos
1902 3250 2091 3302 ta‘men

64 3346 180 3388 non
221 3330 563 3391 admittitur.
627 3329 816 3390 Pedes
867 3347 995 3388 eum
1036 3328 1254 3388 hahere
1306 3327 1670 3426 arbitrantur,
1733 3326 2177 3387 Aristotelesso

66 3413 140 3473 ita
163 3416 359 3493 posita
402 3415 700 3492 pinnarum
732 3413 1118 3516 similitudine.
1187 3410 1472 3473 Mutianus
1517 3413 1792 3530 muricegn
1837 3429 1972 3471 esse
2006 3410 2087 3470 la-

1669 3500 1706 3557 7
