2320 3650
586 128 746 174 NAT.
786 127 969 174 ms'r.
1004 127 1180 173 x1111.
1226 123 1311 177 16.
1347 122 1432 177 17.
1481 115 1644 178 (19—
1668 109 1788 193 21.)
2030 111 2148 170 271

120 285 264 345 offa.
314 283 469 361 apud
492 281 645 342 alios
672 282 830 342 nardi
857 291 917 342 et
946 281 1294 342 malobathri
1320 280 1553 341 selibris
1583 282 1642 340 in
1673 281 1841 340 musti
1869 281 2113 357 congios
2140 288 2243 344 108

118 371 274 430 duos
310 367 551 441 additis,
586 366 778 445 qualia
811 385 961 425 nunc
989 383 1228 445 quoque
1251 365 1390 425 liunt
1411 367 1620 445 pipere
1646 374 1706 424 et
1734 365 1912 426 melle
1937 365 2153 440 addito,

120 470 282 533 quae
316 452 412 510 alii
448 451 700 526 condita,
724 451 820 514 alii
844 453 1111 530 piperata
1135 450 1457 528 appellant.
1503 450 1794 511 invenitur
1817 459 1876 508 et
1904 451 2152 509 nectari·

118 548 216 597 tes
251 553 330 594 ex
361 534 545 594 herba
576 553 746 614 quam
778 535 875 594 alii
905 534 1184 595 helenion
1205 579 1223 611 ,
1262 535 1360 594 alii
1384 533 1706 610 Medicam,
1752 534 1849 593 alii
1882 534 2153 612 symphy-

70 642 94 681 5
118 632 259 696 ton,
295 619 393 678 alii
422 618 674 694 Idaeam,
709 619 806 678 alii
843 618 1150 694 Orestion,
1190 619 1285 679 alii
1311 620 1626 680 nectariam
1667 627 1912 693 vocant,
1956 619 2155 678 radice

116 704 407 785 ponderis
438 702 510 765 X.
545 717 588 763 L
619 705 675 763 in
720 705 1011 763 sextarios
1049 723 1157 763 sex
1200 704 1371 763 musti
1402 704 1596 765 addita
1644 702 1906 762 similiter
1947 704 2022 762 ιιι1
2049 703 2153 761 lin-

113 800 242 849 teo.
297 805 372 846 ex
417 788 633 847 ceteris
668 787 867 847 herbis
914 789 973 847 lit
1016 788 1408 847 absinthites
1391 807 1450 846 ιιι
1494 802 1614 848 XL
1631 787 1906 848 sextariis
1940 787 2240 850 musti109

114 871 375 934 absinthi
419 872 643 931 Pontici
687 871 836 932 libra
894 873 1144 935 decocta
1196 872 1268 931 ad
1318 873 1523 931 tertias
1573 874 1756 951 partis
1811 871 1908 930 vel
1953 873 2153 949 scopis

113 955 374 1019 absinthi
416 957 472 1014 in
515 958 705 1015 vinum
732 956 961 1016 additis.
1029 957 1293 1016 similiter
1335 957 1674 1036 hyssopites
1706 975 1742 1015 e
1778 953 1987 1015 Cilicio
2018 956 2152 1030 hys-

44 1067 92 1108 m
113 1058 275 1120 sopo
304 1041 488 1099 unciis
514 1040 739 1099 tribus
722 1059 779 1099 m
811 1040 955 1101 duos
988 1043 1235 1118 congios
1270 1043 1440 1100 musti
1467 1042 1722 1101 coiectis
1753 1049 1849 1101 aut
1879 1042 2061 1100 tunsis
2096 1041 2152 1099 in

112 1128 334 1185 vinum.
423 1124 564 1184 liunt
626 1133 871 1202 utraque
927 1134 982 1184 et
1031 1125 1147 1185 alio
1199 1125 1406 1201 modo,
1463 1127 1622 1186 circa
1668 1125 1902 1186 radices
1954 1125 2149 1184 vitium

114 1219 271 1270 sato.
335 1210 436 1268 Sic
470 1218 529 1268 et
565 1208 960 1269 helleboriten
994 1210 1120 1270 lieri
1160 1228 1236 1269 ex
1265 1218 1503 1270 veratro
1532 1212 1702 1287 nigro
1736 1207 1880 1269 Cato
1914 1210 2108 1269 docet.
2135 1220 2239 1272 110

112 1297 206 1354 sic
249 1294 313 1352 fit
357 1301 421 1352 et
464 1295 908 1370 scammonites,
951 1296 1093 1354 mira
1123 1295 1322 1353 vitium
1357 1304 1558 1355 natura
1596 1311 1871 1372 saporem
1903 1295 2153 1355 alienum

112 1381 175 1438 in
208 1366 590 1452 seirahendi,
619 1396 801 1455 quare
835 1388 895 1438 et
923 1378 1165 1443 salicem
1189 1378 1459 1438 redolent
1484 1379 1924 1438 Patavinorum
1907 1397 1963 1437 ιιι
1984 1379 2151 1457 palu-

42 1480 93 1520 15
114 1463 339 1523 stribus
385 1462 729 1522 vindemiae.
793 1464 882 1523 sic
924 1472 988 1522 et
1028 1462 1394 1522 helleborum
1447 1465 1661 1523 seritur
1708 1465 1771 1522 in
1812 1462 2007 1522 Thaso
2055 1471 2151 1521 aut

113 1547 378 1607 cucumis
410 1546 687 1605 silvester
716 1556 812 1606 aut
844 1548 1227 1622 scammonia,
1273 1547 1430 1625 quod
1459 1548 1650 1607 vinum
1685 1547 2015 1626 phthorium
2046 1562 2149 1604 vo-

113 1641 317 1707 catur,
369 1631 639 1708 quoniam
671 1629 909 1690 abortus
949 1631 1106 1691 facit.
1163 1632 1239 1709 [6.
1247 1631 1284 1709 l
1303 1629 1394 1691 Fit
1416 1641 1477 1691 et
1507 1650 1583 1691 ex
1605 1631 1840 1707 herbis,
1869 1649 2108 1709 quarum
2133 1643 2231 1694 111

109 1725 358 1776 naturae
395 1730 500 1773 suo
537 1714 673 1773 loco
711 1714 1004 1775 dicentur:
1060 1733 1093 1775 e
1126 1706 1450 1776 stoechade
1495 1725 1555 1776 et
1594 1717 1794 1776 radice
1839 1717 2150 1793 gentianae

112 1810 177 1860 et
200 1800 587 1877 trag-origano
615 1807 674 1858 et
697 1799 1008 1877 dictamno,
1035 1816 1231 1901 asoaro,
1250 1801 1468 1886 dauco,
1488 1800 1875 1880 elelisphaco,
1901 1816 2149 1900 panace,

39 1896 89 1937 2⁰
109 1902 334 1960 acoro,
377 1884 611 1958 thymo,
646 1885 1062 1961 mandragora,
1092 1887 1284 1945 iunco.
1351 1895 1637 1946 vocarunt
1667 1896 1725 1946 et
1757 1888 2052 1961 scyzinum
2092 1894 2152 1945 et

105 1969 454 2030 itaeomelin
480 1971 539 2028 et
561 1968 1047 2047 lectisphagiten,
1082 1978 1324 2048 quorum
1356 1974 1468 2031 iam
1497 1970 1833 2031 oblitterata
1859 1972 2006 2030 ratio
2034 1980 2144 2030 est.

107 2055 220 2134 [7.]
257 2052 308 2113 Ε
336 2053 604 2112 fruticum
631 2070 773 2112 vero
803 2072 1028 2130 genere
1063 2055 1225 2114 cedri
1254 2057 1577 2133 utriusque,
1613 2073 1955 2131 cupressus,
1982 2055 2102 2114 lau·
2129 2064 2233 2116 112

105 2158 212 2198 rus
232 2182 249 2213 ,
285 2138 550 2216 iunipiri,
584 2138 933 2213 terebinthi,
964 2137 1022 2196 in
1058 2137 1246 2198 Gallia
1278 2139 1543 2212 lentisci,
1576 2138 1765 2198 bacae
1802 2148 1899 2197 aut
1930 2139 2147 2214 lignum

104 2241 329 2283 recens
352 2222 411 2280 in
434 2230 622 2281 musto
648 2221 1027 2297 decocuntur,
1042 2222 1192 2281 ‘item
1218 2222 1593 2282 chamelaeae
1619 2232 1679 2281 et
1705 2223 2144 2301 chamaepityiS,

39 2324 86 2363 25
108 2306 521 2381 chamaedryis
563 2305 776 2382 lignum
824 2306 1033 2366 eodem
1079 2306 1288 2384 mod0,
1333 2317 1393 2367 et
1437 2325 1513 2366 ex
1556 2307 1739 2382 flore,
1786 2308 1842 2365 in
1876 2308 2146 2384 congium

100 2392 280 2450 musti
316 2390 526 2450 decem
559 2390 924 2450 denariorum
956 2391 1221 2470 pondere
1256 2391 1473 2452 addito.
2076 2430 2086 2446 ,

40 2547 43 2554 Γ
245 2477 345 2534 17.
396 2473 564 2553 (20.)
614 2473 705 2548 Fit
733 2476 924 2535 vinum
959 2485 1017 2535 et
1052 2494 1128 2535 ex
1159 2492 1308 2555 aqua
1340 2494 1410 2535 ac
1440 2475 1618 2536 melle
1641 2484 1875 2536 tantum.
1937 2476 2099 2555 quin·
2126 2484 2231 2539 113

104 2560 368 2639 quennio
404 2559 476 2618 ad
504 2558 619 2628 hoc
652 2562 873 2620 servari
909 2560 1232 2621 caelestem
1261 2560 1478 2620 iubent.
1532 2560 1709 2638 aliqui
1733 2562 2144 2639 prudentiores

103 2645 302 2704 statim
359 2644 430 2702 ad
486 2644 688 2702 tertias
734 2646 917 2722 partis
960 2645 1251 2705 decocunt
1309 2654 1367 2704 et
1407 2646 1637 2705 tertiam
1679 2648 1900 2705 veteris
1947 2645 2141 2704 mellis

39 2748 82 2790 ’θ
100 2728 406 2802 adiciunt,
453 2728 663 2787 deinde
690 2742 783 2788 XL
846 2729 1053 2789 diebus
1105 2730 1264 2789 canis
1311 2739 1440 2789 ortu
1480 2730 1538 2787 in
1583 2730 1713 2789 sole
1743 2729 1978 2790 habent.
2043 2729 2142 2789 alii

98 2812 317 2873 diffusa
366 2812 444 2871 ita
479 2812 726 2871 decumo
771 2812 864 2872 die
910 2822 1199 2892 opturant.
1262 2815 1376 2874 hoc
1416 2823 1663 2873 vocatur
1708 2814 2036 2889 hydromeli
2081 2821 2141 2872 et

95 2904 404 2957 vetustate
447 2913 721 2975 saporem
751 2897 868 2955 vini
914 2896 1283 2975 adsequitur,
1331 2916 1612 2984 nusquam
1650 2898 1937 2958 laudatius
1970 2915 2137 2975 quam

93 2982 156 3041 in
181 2980 462 3056 Phrygia.

236 3064 425 3143 (21.)
461 3062 609 3137 Quin
655 3074 714 3125 et
757 3073 984 3124 acetum
1019 3066 1199 3126 melle
1240 3066 1692 3146 temperabatur.
1760 3066 1911 3126 adeo
1958 3065 2222 3128 nihilll4

41 3174 77 3214 ⁵
96 3151 511 3228 intemptatum
541 3150 697 3209 vitae
728 3151 854 3209 fuit.
920 3150 1176 3225 oxymeli
1213 3151 1327 3211 hoc
1356 3160 1669 3227 vocarunt,
1706 3151 1899 3212 mellis
1930 3151 2136 3211 decem

97 3233 294 3309 libris,
330 3234 484 3294 aceti
512 3237 733 3294 veteris
761 3234 1005 3294 heminis
1031 3238 1333 3315 quinque,-
1326 3236 1487 3296 salis
1515 3237 1714 3297 marini
1746 3235 1892 3296 libra
1905 3252 2135 3313 ,aquae

99 3320 344 3397 pluviae
374 3317 644 3376 sextariis
678 3320 929 3397 quinque
963 3318 1414 3381 subfervefactis
1439 3321 1710 3401 deciens,
1743 3338 1879 3381 mox
1903 3321 2133 3381 elutria-

96 3405 173 3484 tff’s
210 3413 395 3482 atque
428 3402 504 3460 ita
537 3402 892 3464 inveteratis.
953 3407 1142 3464 omnia
1172 3404 1245 3464 ab
1273 3405 1624 3467 Themisone
1652 3424 1867 3467 summo
1894 3414 2132 3466 auctore

2207 3535 2281 3583 A
