2320 3650
72 437 145 491 81

165 93 244 156 16
847 103 906 151 c.
952 105 1145 151 rum
1192 103 1496 164 suenum
1523 143 1548 172 ,-

162 245 444 320 ructasse.
513 257 732 332 Quibus
776 254 973 318 natura
1021 266 1297 317 concreta
1343 268 1474 317 sunt
1521 276 1692 336 ossa,
1739 262 1833 339 qui
1877 269 2009 326 sunt
2056 262 2177 332 rari

164 342 497 417 admodum,
538 343 735 401 cornei
765 352 1062 401 vocantur.

287 425 389 488 20.
449 425 614 508 (19.)
679 424 945 504 Corpore
992 444 1172 485 vesco
1216 427 1322 485 sed
1367 427 1591 486 eximiis
1631 426 1857 487 viribus
1903 426 2173 490 Tributa-

164 529 293 569 num
318 512 374 569 in
395 508 742 587 gladiatorio
768 509 922 584 lud0,
957 510 1286 569 Samnitium
1314 519 1596 570 armatura
1621 510 1937 585 celebrem,
1966 511 2172 586 lilium-

167 612 276 673 que
319 596 442 654 eius
475 594 707 652 militem
737 592 933 671 Magni
969 592 1240 672 Pompei,
1287 602 1354 652 et.
1374 602 1571 654 rectos
1604 604 1663 653 et
1701 603 2000 658 traversos
2032 614 2169 668 can·
2193 613 2214 650 5

165 679 415 738 cellatim
446 686 568 737 toto
602 694 853 758 corpore
884 676 1155 738 habuisse
1187 695 1433 752 nervoS,
1469 679 1536 736 in
1563 676 1816 742 brachiis
1845 679 2017 739 etiam
2053 697 2170 739 ma-

164 763 483 841 nibusque,
535 770 736 822 auctor
790 770 880 820 est
923 760 1110 819 Varro
1156 763 1213 819 in
1259 763 1595 839 prodigiosa
1635 763 1839 824 virium
1890 762 2170 861 elatione,

163 856 334 924 atque
379 847 546 904 etiam
588 839 814 904 hostem
851 844 922 904 ab
956 861 1028 904 eo
1064 864 1137 903 ex
1170 847 1589 923 provocatione
1626 846 1931 910 dimicante
1964 848 2170 912 inermi

165 930 368 989 dextra
412 946 525 987 uno
564 928 744 1004 digito
791 937 1143 1006 superatum
1155 938 1216 987 et
1259 939 1552 1006 postremo
1588 939 1927 1007 conreptum
1965 932 2025 990 in
2075 932 2170 1000 ca·

76 1022 281 1075 82stra
334 1010 616 1082 tralatum.
704 1021 760 1070 at
800 1012 1038 1071 Vinnius
1080 1012 1299 1071 Valens
1353 1015 1554 1072 meruit
1604 1014 1661 1072 in
1700 1015 1997 1091 praetorio
2052 1015 2172 1074 divi
2193 1037 2238 1075 ιο

164 1095 409 1172 Augusti
454 1097 746 1171 centurio,
782 1096 1061 1155 vehicula
1105 1115 1232 1172 cum
1272 1096 1456 1156 culeis
1492 1107 1694 1157 onusta
1737 1098 1926 1158 donec
1973 1100 2172 1158 exina-

164 1181 421 1238 nirentur
461 1179 748 1239 sustinere
799 1181 1035 1255 solitus,
1091 1190 1368 1258 carpenta
1416 1181 1778 1263 adprehensa
1833 1199 1942 1240 una
1997 1200 2173 1250 manu

167 1264 451 1339 retinere,
497 1251 741 1323 obnixus
775 1274 975 1324 contra
1008 1264 1315 1338 nitentibus
1361 1265 1655 1339 iumentis,
1698 1273 1755 1322 et
1789 1263 1920 1326 alia
1929 1265 2175 1332 mirifica

78 1356 148 1411 83
168 1347 366 1407 facere
413 1363 560 1426 quae
605 1347 889 1427 insculpta
931 1351 1277 1408 monimento
1326 1349 1449 1407 eius
1493 1347 1842 1426 spectanfflr.
1905 1350 2057 1410 idem
2089 1348 2170 1411 Μ.

79 2194 149 2249 84

164 1431 384 1491 Varro:
462 1431 964 1506 Rusticelius,
1026 1433 1240 1510 inquit,
1304 1430 1669 1491 Hercules
1727 1432 2238 1510 appellatusis

163 1515 421 1575 mulum
458 1503 672 1608 'Quum
722 1515 1047 1580 tollebat
1100 1514 1395 1588 FusiuS,
1454 1515 1756 1574 Salvius
1807 1516 1941 1575 duo
2001 1533 2173 1576 cen-

164 1602 456 1659 tenaria
511 1580 838 1679 pondera
902 1599 1254 1678 pedibuS,
1315 1600 1635 1670 totidem.
1675 1600 2042 1675 manibuS,
2100 1595 2177 1670 e't

160 1679 561 1743 'ducenaria
595 1685 728 1744 duo
777 1685 1042 1742 umeris
1084 1692 1342 1742 contra
1379 1684 1634 1744 scalas
1682 1682 1999 1746 ferebat.
2062 1701 2175 1744 nos

165 1784 399 1864 quoque
428 1767 670 1825 vidimus
706 1749 1049 1827 Kthanatum
1079 1769 1306 1825 nomine
1346 1768 1719 1845 prodigiosae
1768 1769 2175 1849 ostentationis

166 1853 540 1929 quingenario
572 1850 812 1910 thorace
842 1851 1115 1930 plumbeo
1151 1853 1404 1911 indutum
1439 1851 1859 1928 cothurnisque
1890 1852 2174 1930 quingen·
2192 1879 2238 1917 ιο

165 1943 280 1993 tum
326 1933 519 2012 pondo
564 1935 865 2003 calciatum
905 1953 1011 2012 per
1044 1953 1308 1994 scaenam
1353 1936 1594 2012 ingredi.
1669 1934 1944 2003 Milonem
1987 1936 2174 2001 athle-

166 2027 310 2092 tam,
359 2036 486 2078 cum
518 2020 1128 2093 constitisset,>nemo
1169 2019 1417 2094 vestigio
1462 2018 1765 2091 educebat.
1835 2019 2045 2095 malum
2085 2028 2173 2083 te—

165 2102 321 2162 nenti
357 2120 525 2162 nemo
559 2104 795 2180 digitum
829 2102 1180 2180 corrigebat.

288 2186 456 2265 (20.)
507 2184 848 2247 Cucurrisse
874 2200 1067 2248 MGLX
1099 2187 1278 2251 stadia
1305 2185 1375 2246 ab
1406 2185 1649 2245 Athenis
1665 2186 2174 2251 Lacedaemonem

165 2270 338 2329 biduo
371 2271 735 2351 Philippiden
766 2289 1030 2348 magnum
1063 2279 1219 2344 erat,
1261 2271 1448 2328 donec
1487 2268 1723 2345 Anystis
1754 2268 1959 2329 cursor
1989 2269 2238 2337 Lace-25

167 2354 501 2412 daemonius
547 2365 603 2413 et
650 2355 985 2421 Philonides¹
1036 2353 1349 2412 Alexandri
1407 2351 1599 2430 Magni
1644 2371 1674 2412 a
1718 2355 1973 2429 Sicyone
2014 2353 2173 2415 Elim

166 2454 277 2495 uno
327 2438 419 2498 die
462 2450 692 2498 Μῦθον
738 2439 919 2498 stadia
968 2446 1360 2498 cucurrerunt.
1436 2455 1583 2503 nunc
1631 2438 1958 2515 quidem·in
2009 2439 2171 2497 circo

167 2520 442 2599 quosdam
479 2535 614 2581 CLX
646 2537 698 2582 Μ
731 2541 999 2600 passuum
1028 2521 1283 2582 tolerare
1318 2538 1432 2579 non
1467 2523 1828 2596 ignoramus,
1867 2540 2170 2601 nuperque

166 2603 407 2663 Fonteio
439 2615 496 2663 et
526 2605 807 2684 Vipstano
847 2624 1000 2665 coss,
1046 2623 1226 2664 annos
1257 2619 1386 2664 v111
1403 2606 1675 2682 ,genitum
1705 2623 1944 2682 puerum
1979 2624 2011 2665 a
2048 2623 2170 2671 me-

166 2688 306 2747 ridie
340 2689 410 2747 ad
443 2706 750 2765 vesperam
773 2702 963 2748 LXXV
991 2703 1043 2748 M
1074 2707 1344 2767 passuum
1382 2690 1730 2749 cucurrisse.
1767 2689 1927 2748 cuius
1960 2691 2045 2757 rei
2070 2689 2168 2749 ad·
2190 2707 2236 2749 ao

166 2856 257 2914 die
282 2856 674 2932 longissimum
709 2859 817 2915 iter
839 2856 1121 2915 vehiculis
1147 2856 1325 2916 tribus
1351 2855 1639 2919 Tiberium
1658 2854 1949 2917 Neronem
1974 2873 2082 2937 em,

112 2814 137 2828 11
164 2773 386 2831 miratio
422 2773 497 2832 ita
536 2773 759 2832 demum
799 2773 986 2833 solida
1020 2775 1352 2850 perveniat,
1398 2774 1446 2832 si
1476 2774 1606 2850 quis
1639 2773 1858 2848 cogitet
1889 2781 2192 3001 nocte}

81 3113 148 3169 85

166 2957 287 2998 sum
316 2940 681 3019 festinantem
714 2941 784 3000 ad
817 2938 1064 3000 Drusum
1095 2941 1330 3000 fratrem
1361 2942 1660 3016 aegrotum
1694 2940 1749 2998 in
1787 2938 2056 3001 Germani
2154 2982 2169 2998 .

167 3041 233 3080 ea
271 3023 500 3083 fuerunt
532 3037 612 3084 OC
643 3039 696 3084 M
727 3043 1013 3102 passuum.

291 3105 391 3166 21.
441 3108 607 3187 (21.)
667 3106 977 3168 Oculorum
1009 3110 1167 3171 acies
1199 3109 1296 3168 vel
1326 3125 1587 3167 maxume
1614 3107 1784 3168 fidem
1820 3106 2233 3175 excedentiaas

168 3188 381 3248 invenit
414 3191 698 3269 exempla.
762 3191 823 3255 In
864 3210 1009 3251 nuce
1041 3192 1319 3259 inclusam
1362 3190 1540 3250 Iliada
1571 3191 1805 3253 Homeri
1846 3208 2082 3253 carmen
2112 3192 2169 3251 in

168 3271 493 3349 membrana
529 3276 804 3351 scriptum
826 3276 998 3334 tradit
1030 3273 1260 3334 Cicero.
1319 3273 1470 3332 idem
1500 3274 1680 3333 fuisse
1714 3275 1808 3352 qui
1833 3274 2169 3351 pervideret

171 3366 407 3415 cxxxv
444 3371 498 3414 M
533 3374 821 3434 passuum.
881 3357 1104 3416 huicet
1147 3373 1355 3416 nomen
1402 3355 1477 3414 Μ.
1511 3355 1698 3416 Varro
1740 3357 1959 3432 reddit,
2010 3356 2160 3423 Stra-
