2320 3650
169 101 284 161 154
761 73 766 82 ’
850 111 912 159 o.
949 112 1140 159 Pmm
1171 111 1472 159 summm

79 278 177 332 191
225 285 234 298 ·
315 267 415 326 69.
451 265 618 344 (88.)
660 265 751 324 Ex
806 265 1073 325 sensibus
1118 275 1251 324 ante
1295 276 1491 326 cetera
1514 267 1739 326 bomini
1771 275 2025 344 tactus,
2082 272 2218 331 dein

160 359 443 428 gustatus.
507 350 747 428 reliquis
790 359 1097 429 superatur
1141 368 1173 408 a
1235 350 1448 409 multis.
1511 350 1742 429 aquilae
1787 351 2032 412 clarius
2089 374 2216 415 cer·

160 444 328 508 nunt,
376 434 638 493 voltures
681 435 950 510 sagacius
987 435 1335 510 odorantur,
1384 435 1653 512 liquidius
1686 435 1935 494 audiunt
1982 439 2216 517 talpae.

160 518 404 578 obrutae
430 528 606 593 terra,
639 527 751 577 tam
787 519 968 577 denso
987 527 1160 595 atque
1188 517 1360 577 surdo
1387 528 1622 577 naturae
1661 518 2001 594 elemento,
2043 542 2218 601 prae·

162 613 326 662 terea
359 620 511 661 voce
537 603 688 661 omni
711 604 767 661 in
791 602 1036 661 sublime
1067 601 1360 678 tendente,
1398 619 1725 661 sermonem
1753 605 2107 667 exaudiunt
2139 619 2216 684 et,
2243 633 2261 668 s

162 689 211 746 si
259 687 331 747 de
375 689 445 747 iis
493 688 771 775 loquare,
825 687 1173 762 intellegere
1206 687 1390 745 etiam
1439 687 1705 746 dicuntur
1728 696 1788 746 et
1830 690 2215 768 profugere.

78 780 179 834 192
195 770 440 830 Auditus
487 773 576 829 cui
617 754 903 829 hor'ninum
939 772 1123 847 primo
1175 779 1417 846 negatus
1456 780 1580 845 est,
1631 771 1765 830 huic
1802 781 1867 831 et
1906 779 2217 835 sermonis

160 875 300 915 usus
331 855 592 928 ablatuS,
636 872 746 913 nec
778 863 905 914 sunt
936 851 1270 914 naturaliter
1300 855 1456 914 surdi
1499 863 1558 912 ut
1602 871 1716 913 non
1750 856 1945 916 iidem
2002 862 2130 919 sint
2164 871 2215 919 et

162 941 319 998 muti.
373 939 435 997 In
470 939 699 997 marinis
733 938 945 996 ostreis
976 938 1224 997 auditum
1261 956 1397 996 esse
1429 955 1542 997 non
1577 948 1667 997 est
1694 942 2073 1018 verisimile,
2115 945 2215 1003 sed

161 1024 234 1083 ad
264 1041 466 1081 sonum
507 1040 773 1098 mergere
811 1041 876 1080 se
910 1023 1174 1081 dicuntur
1203 1022 1459 1082 solenes.
1522 1022 1655 1108 ideo
1707 1033 1765 1082 et
1799 1025 2126 1087 silentium
2164 1031 2273 1086 inm

161 1109 301 1166 mari
332 1106 707 1185 piscantibus.

79 1200 178 1254 193
315 1191 414 1249 70.
455 1188 621 1268 (89.)
652 1189 854 1249 Pisces
880 1190 1108 1267 quidem
1140 1163 1364 1249 auditus
1396 1208 1505 1249 nec
1538 1190 1793 1250 membra
1823 1191 2072 1253 habent
2105 1215 2209 1255 nec

161 1275 462 1350 foramina,
498 1274 696 1333 audire
730 1284 919 1333 tamen
952 1290 1057 1332 eos
1090 1273 1277 1351 palam
1306 1283 1415 1348 est,
1452 1276 1536 1352 [ut
1565 1275 1772 1352 patet,]
1814 1294 1959 1335 cum
1997 1280 2210 1377 plausu

163 1360 513 1436 congregari
545 1358 706 1417 feros
740 1359 812 1417 ad
848 1358 1033 1416 cibum
1076 1357 1500 1416 adsuetudine
1485 1377 1540 1416 m
1576 1358 1924 1437 quibusdam
1962 1365 2207 1422 vivariis

165 1453 485 1522 spectetur,
543 1449 600 1502 'et
633 1444 687 1501 in
722 1442 962 1520 piscinis
996 1439 1268 1500 Caesaris
1311 1459 1531 1518 genera
1574 1444 1818 1520 piscium
1856 1446 1941 1503 ad
1987 1465 2203 1505 nomen
2232 1421 2290 1510 1⁵¹

75 1595 82 1602 ‚
162 1531 386 1601 venire,
411 1528 806 1605 quosdamque
828 1526 1108 1602 singulos,
1148 1527 1342 1604 itaque
1378 1526 1690 1603 produntur
1722 1529 1904 1596 etiam
1942 1530 2203 1589 clarissi-

163 1630 254 1670 me
278 1613 476 1671 audire·
503 1611 701 1686 mugil,
729 1611 921 1688 lupus,
950 1610 1136 1686 salpa,
1168 1610 1440 1683 chromiS,
1459 1619 1517 1688 et
1538 1610 1672 1669 ideo
1697 1612 1751 1667 in
1779 1611 1942 1671 vado
1973 1616 2201 1673 vivere.

81 1706 184 1758 194
332 1696 499 1772 (90.)
543 1693 828 1753 Olfactum
860 1696 931 1753 iis
966 1711 1101 1752 esse
1122 1694 1435 1753 manifeste
1460 1703 1638 1771 patet,
1672 1696 1899 1772 quippe
1928 1714 2053 1756 non
2087 1717 2201 1757 om·

166 1798 268 1839 nes
296 1780 500 1839 eadem
536 1795 674 1838 esca
707 1779 1008 1857 capiuntur
1037 1779 1287 1856 etprius
1323 1796 1492 1856 quam
1532 1777 1808 1856 adpetant
1842 1782 2196 1843 odorantur.

166 1865 445 1943 quosdam
478 1872 536 1921 et
570 1863 867 1940 speluncis
902 1864 1133 1922 latentis
1169 1863 1519 1921 salsamento
1552 1863 1727 1922 inlitis
1757 1865 2043 1925 faucibus
2069 1884 2199 1926 sco-
2220 1888 2270 1926 aa

166 1947 285 2045 puli
318 1949 577 2025 piscator
609 1947 854 2023 expellit
884 1946 1063 2005 veluti
1105 1948 1192 2005 sui
1237 1947 1538 2006 cadaveris
1570 1948 1931 2023 agnitionem
1969 1951 2197 2027 fugien

164 2032 258 2106 tis,
295 2031 757 2108 conveniuntque
791 2049 864 2089 ex
892 2031 1009 2089 alto
1048 2031 1218 2089 etiam
1250 2031 1321 2089 ad
1370 2032 1653 2113 quosdam
1685 2031 1933 2108 odoreS,
1969 2045 2035 2093 ut
2069 2054 2196 2094 sae-

166 2118 319 2194 piam
351 2124 537 2174 ustam
574 2125 632 2173 et
663 2114 964 2193 polypum,
999 2132 1145 2192 quae
1179 2110 1314 2173 ideo
1352 2114 1637 2191 coguntur
1667 2117 1725 2174 in
1755 2134 1989 2177 nassas.
2066 2137 2197 2177 sen·

165 2202 318 2260 tinae
353 2201 583 2278 quidem
617 2200 843 2257 navium
877 2200 1119 2257 odorem
1168 2196 1371 2276 procul
1409 2199 1654 2275 fugiunt,
1693 2217 1969 2259 maxume
2001 2212 2197 2261 tamen

85 2295 183 2348 195
202 2287 444 2363 piscium
476 2286 833 2360 sanguinem.
891 2281 1022 2341 Non
1050 2292 1248 2360 potest
1281 2285 1464 2359 petris
1489 2282 1667 2341 avelli
1704 2283 1990 2361 polypus..
2038 2287 2193 2344 idem
2214 2300 2267 2343 a

169 2368 356 2428 cunila
399 2368 626 2427 admota
670 2367 742 2426 ab
775 2367 956 2425 odore
1011 2369 1273 2443 protinus
1318 2367 1563 2426 resilit.
1556 2383 1892 2470 purpurae
1955 2387 2191 2447 quoque

170 2452 399 2511 faetidis
428 2454 750 2529 capiuntur.
780 2469 910 2509 nam
941 2450 1013 2509 de
1047 2450 1276 2527 reliquo
1311 2448 1653 2525 animalium
1667 2468 1892 2527 genere
1929 2455 2061 2531 quis
2091 2453 2191 2512 du·

167 2536 352 2594 bitet
334 2533 361 2578 Ρ
412 2553 622 2595 cornus
658 2536 875 2594 cervini
908 2533 1090 2593 odore
1128 2544 1436 2611 serpentes
1460 2534 1749 2611 fugantur,
1783 2536 1890 2596 sed
1924 2554 2190 2597 maxume

170 2620 438 2695 styracis,
505 2619 728 2695 origani
781 2628 876 2677 aut
909 2618 1091 2677 calcis
1124 2627 1220 2677 aut
1264 2618 1514 2696 sulpuris
1559 2618 1840 2678 formicae
1882 2636 2187 2680 necantur.

169 2705 391 2764 culices
431 2704 594 2763 acida
648 2712 879 2781 petunt,
941 2701 1011 2760 ad
1063 2701 1256 2761 dulcia
1289 2720 1403 2761 non
1457 2702 1748 2761 advolant.
1820 2704 1923 2762 71.
1975 2703 2193 2764 Tactus
2212 2724 2266 2765 m»

171 2807 380 2849 sensus
413 2787 690 2846 omnibus
700 2796 810 2860 est,
846 2787 1016 2845 etiam
1046 2785 1254 2862 quibus
1284 2787 1473 2846 nullus
1507 2785 1674 2845 alius.
1718 2803 1850 2846 nam
1880 2797 1944 2846 et
1972 2787 2191 2846 ostreis

166 2870 230 2932 'et
256 2874 615 2933 terrestrium
644 2870 934 2930 vermibus
966 2887 1220 2948 quoque.

90 2965 190 3020 196
335 2956 503 3035 (91.)
551 2954 1026 3015 Existumaverim
1069 2953 1333 3013 omnibus
1377 2972 1611 3012 sensum
1648 2963 1706 3013 et
1726 2964 1991 3031 gustatus
2022 2971 2181 3012 esse.

174 3059 276 3098 cur
330 3041 478 3099 enim
509 3040 655 3099 alios
694 3037 807 3099 alia
820 3056 1085 3138 ‚sapores
1130 3034 1445 3115 adpetant?
1490 3038 1546 3096 in
1593 3053 1708 3116 quo
1741 3039 1841 3098 vel
1874 3038 2187 3117 praecipua

173 3131 409 3180 naturae
438 3122 741 3182 architecti
776 3124 885 3181 vis.
948 3121 1060 3181 alia
1093 3121 1361 3182 dentibus
1398 3122 1779 3199 praedantur,
1827 3123 1934 3181 alia
1977 3120 2255 3196 ungui-8·

173 3202 304 3274 buS,
337 3204 450 3261 alia
479 3206 652 3263 rostri
687 3206 1010 3265 aduncitate
1049 3214 1311 3283 carpunt,
1346 3206 1457 3265 alia
1489 3205 1787 3287 latitudiv
1822 3214 2026 3278 eruunt,
2051 3201 2179 3263 alia

178 3285 438 3342 acumine
484 3298 795 3363 excavant,
829 3290 941 3348 alia
988 3298 1220 3365 sugunt,
1266 3290 1378 3348 alia
1416 3288 1688 3363 lambunt,
1728 3290 1980 3363 sorbent,
2012 3301 2173 3345 nau·

178 3364 336 3438 dunt,
366 3377 589 3425 vorant.
651 3389 761 3430 nec
790 3372 975 3433 minor
1003 3374 1256 3451 varietas
1287 3375 1345 3431 in
1376 3374 1588 3451 pedum
1616 3374 1953 3448 ministeriO,
1992 3378 2043 3428 ut
2064 3385 2169 3427 ra-

2285 2250 2287 2291 A
