2320 3650
170 63 287 124 176
883 73 953 121 e.
992 72 1184 120 anr
1216 17 1513 138 saeuum
1622 109 1625 120 .

167 229 239 290 lis
279 230 430 289 inter
477 247 542 290 se
590 227 1066 303 concucurrisse,
1111 226 1380 305 quoniam
1423 242 1606 306 parvo
1653 225 1946 288 discretae
1992 228 2177 287 inter-

166 313 323 374 vallo
372 330 449 372 ex
488 312 736 373 adverso
782 310 1121 372 intrantibus
1167 311 1437 387 geminae
1481 310 1870 378 cernebantur
1911 311 2179 389 paulum-

167 416 281 476 que
318 397 546 458 deflexa
589 397 717 457 acie
763 396 1090 455 coeuntium
1132 394 1397 472 speciem
1432 393 1813 473 praebebant.
1883 392 2043 455 Citra
2073 395 2177 455 Hi·

167 491 376 557 strum,
412 480 910 561 Apolloniatarum
950 497 1061 539 una
1094 476 1305 539 LXXX
1335 477 1393 538 M
1419 496 1453 539 a
1481 477 1751 558 Bosporo
1785 478 2059 555 Thracio,
2095 498 2179 539 ex

124 582 282 669 qua
324 563 400 625 M.
433 564 705 634 Lucullus
737 562 1121 643 Capitolinum
1151 562 1488 641 Apollinem
1518 564 1771 624 advexit.
1831 565 1985 624 inter
2011 565 2168 624 ostia
2194 585 2224 624 s

81 637 149 733 §33
124 637 344 709 ⁹Histri
383 668 531 728 quae
580 657 779 709 essent
821 648 1083 709 diximus.
1149 644 1301 707 Ante
1335 646 1755 722 Borysthenen
1771 647 2046 709 Achillea
2081 657 2177 708 est

94 758 143 793 aa
168 730 342 812 supr'a
374 733 557 810 dicta,
606 734 809 798 eadem
850 732 1045 793 Leuce
1093 741 1152 791 et
1181 730 1457 792 Macaron
1486 732 1827 811 appellata.
1846 721 1997 793 hanc
2025 740 2171 792 tem-

247 836 372 878 rum
416 818 619 877 horum
662 818 1075 878 demonstratio
1125 833 1159 876 a
1200 815 1563 891 Borysthene
1611 814 1758 877 CXL
1799 815 1859 876 M
1888 817 2085 896 ponit,

165 834 320 977 'lyra
368 900 528 964 CXX
568 899 658 977 M,
709 920 742 963 a
784 902 979 962 Peuce
1024 900 1209 961 insula
1252 898 1297 960 L
1325 898 1400 962 M.
1455 902 1704 978 cingitur
1746 902 1986 960 circiter
2020 898 2083 960 X
2111 898 2173 959 Μ

166 1003 325 1065 pass.
398 985 683 1065 Reliquae
726 987 783 1045 in
813 983 1101 1045 Carcinite
1145 984 1273 1045 sinn
1308 982 2242 1085 Cephalonnesos,·Rhospho-1o

162 1070 340 1145 dusa,
386 1067 600 1130 Macra.
680 1068 812 1129 Non
853 1078 946 1130 est
977 1069 1651 1146 ‚omittendamultorum
1696 1070 2169 1149 opinio,·prins-

165 1172 334 1233 quam
386 1152 739 1230 digredimur
789 1172 822 1215 a
865 1153 1082 1229 Ponto,
1137 1155 1235 1233 qui
1282 1154 1458 1213 maria
1505 1154 1695 1215 omnia
1743 1155 2021 1214 interiora
2064 1152 2169 1214 illo

164 1239 359 1316 capite
390 1239 580 1313 nasci,
625 1255 741 1298 non
783 1237 1061 1299 Gaditano
1102 1237 1288 1314 freto,
1334 1238 1761 1301 existumavere
1803 1236 1942 1298 haut
1970 1238 2168 1316 inpro-

162 1321 339 1382 babili
372 1331 742 1399 argumento,
791 1324 1058 1401 quoniam
1095 1331 1293 1386 aestus
1323 1340 1559 1402 semper
1587 1340 1623 1384 e
1653 1321 1836 1384 Ponto
1868 1322 2170 1401 profluens

160 1422 463 1485 numquam
498 1408 2236 1488 reciprocet.1⁵

76 1501 146 1554 94
273 1490 614 1552 Exeundum
645 1491 852 1552 deinde
885 1499 1007 1566 est,
1038 1499 1100 1551 ut
1130 1473 1332 1551 extera
1362 1488 1635 1590 Europae
1662 1491 1950 1565 dicantur,
1982 1498 2165 1549 trans·

160 1577 504 1655 gressisque
556 1575 815 1654 Ripaeos
866 1583 1093 1635 montes
1142 1574 1278 1635 litus
1330 1577 1535 1635 oceani
1582 1571 2058 1655 septentrionalis
2110 1576 2168 1634 iu

125 1691 126 1694 ι
166 1660 366 1735 laeva,
426 1660 617 1720 donec
665 1655 1036 1739 perveniatur
1079 1657 1287 1734 Gadis,
1338 1658 1668 1736 legendum.
1743 1657 1978 1719 Insulae
2027 1676 2164 1719 con-

162 1744 363 1822 plures
419 1744 542 1806 sine
593 1743 915 1806 nominibus
969 1761 1042 1804 eo
1096 1745 1209 1803 situ
1259 1743 1586 1821 traduntur,
1650 1762 1727 1804 ex
1769 1741 1984 1821 quibus
2031 1751 2163 1803 ante

162 1828 457 1903 Scythiam
501 1847 649 1907 quae
678 1829 1007 1908 appellatur
1036 1828 1333 1889 Raunonia
1366 1846 1534 1889 unam
1575 1828 1790 1891 abesse
1820 1828 1940 1889 diei
1973 1839 2231 1904 cursn,2⁰

160 1913 218 1971 in
252 1930 420 1990 quam
449 1913 606 1972 veris
638 1921 903 1991 tempore
943 1913 1209 1975 fluctibus
1253 1913 1535 1974 electrum
1575 1914 1848 1988 eiciatur,
1899 1912 2166 1973 Timaeus

161 1995 438 2075 prodidit.
493 1997 719 2076 reliqua
754 1997 924 2058 litora
954 2000 1176 2058 incerta
1209 1999 1433 2074 signata
1460 1996 1634 2057 fama.
1689 1996 2166 2077 septentrionalis

160 2096 439 2141 oceanus.
506 2080 865 2143 Amalchium
900 2100 1029 2142 eum
1061 2081 1391 2145 Hecataeus
1436 2082 1699 2162 appellat
1741 2101 1774 2144 a
1808 2080 2164 2159 Parapaniso

160 2183 360 2240 amne,
407 2183 520 2243 qua
554 2166 847 2241 Scy-thiam
891 2166 1099 2242 adluit,
1147 2166 1305 2244 quod
1344 2182 1553 2226 nomen
1585 2167 1713 2226 eius
1739 2167 1935 2243 gentis
1973 2166 2166 2243 lingua

71 2257 140 2311 95
157 2250 448 2328 significat
482 2250 870 2328 congelatum.
929 2249 1227 2311 Philemon
1256 2248 1689 2312 Morimarusam
1719 2268 1753 2312 a
1784 2247 2033 2310 Cimbris
2059 2267 2230 2309 vo·2⁵

160 2336 315 2411 cari,
371 2334 485 2395 hoc
531 2344 620 2395 est
661 2345 942 2396 mortuum
987 2352 1179 2409 mare,
1228 2353 1413 2413 usque
1456 2335 1531 2395 ad
1560 2335 2022 2414 promontorium
2048 2333 2161 2393 Ru·

158 2419 324 2495 beaS,
358 2419 507 2480 ultra
542 2420 751 2481 deinde
782 2418 1072 2480 Cronium.
1125 2416 1456 2497 Xenophon
1482 2419 1913 2498 Lampsacenus
1937 2437 1970 2480 a
1992 2419 2162 2479 litore
2202 2468 2221 2487 .

160 2504 510 2578 Scytharum¹
543 2505 711 2568 tridui
753 2505 1119 2582 navigatione
1164 2503 1406 2569 insulam
1442 2521 1577 2563 esse
1616 2505 1911 2563 inmensae
1946 2503 2159 2580 magni-

160 2587 370 2665 tudinis
423 2587 664 2649 Baltiam
716 2589 921 2663 tradit,
974 2588 1218 2649 eandem
1269 2587 1520 2663 Pytheas
1569 2587 1839 2649 Basiliam
1888 2589 2157 2647 nominat.

156 2670 443 2732 Feruntur-
486 2681 546 2732 et
579 2671 819 2733 Oeonae
850 2674 909 2732 in
943 2671 1148 2750 quibus
1180 2673 1307 2733 ovis
1342 2674 1529 2732 avium
1560 2681 1620 2732 et
1659 2671 1902 2732 havenis
1933 2671 2229 2731 incolaeao

156 2758 379 2833 vivant,
437 2756 586 2817 aliae
633 2758 691 2816 in
738 2755 942 2836 quibus
973 2758 1213 2836 equinis
1258 2755 1507 2836 pedihus
1547 2755 1811 2816 homines
1853 2763 2163 2816 nascantur

156 2840 543 2920 Hippopodes
602 2841 914 2921 appellati„
988 2839 1369 2905 Fanesiorum
1425 2841 1576 2902 aliae
1633 2842 1689 2899 in
1746 2838 1957 2917 quibus
2012 2839 2167 2899 nuda

158 2926 376 3004 alioqui
423 2942 675 3005 corpora
720 2925 1115 3004 praegrandes
1158 2927 1413 3005 ipsorum
1461 2943 1632 2985 aures
1667 2933 1786 2984 tota
1823 2932 2158 3002 contegant.
2232 2982 2236 2991 ,

75 3016 145 3071 96
158 3008 364 3088 Incipit
404 3012 539 3072 inde
580 3011 795 3072 clarior
841 3011 1058 3089 aperiri
1090 3009 1240 3070 fama
1272 3009 1343 3070 ab
1378 3019 1555 3087 gente
1587 3008 1982 3086 Ingaevonum
2012 3026 2161 3088 quae

162 3102 254 3153 est
304 3093 436 3175 inde
491 3097 673 3174 prima
721 3093 1079 3156 Germaniae.
1159 3093 1329 3154 Mons
1371 3096 1528 3154 Sero
1578 3094 1658 3154 ibi
1702 3095 1999 3157 inmensus
2047 3106 2224 3153 necas

160 3175 397 3254 Ripaeis
441 3178 592 3255 iugis
632 3180 817 3237 minor
850 3181 1134 3239 inmanem
1179 3178 1250 3239 ad
1272 3177 1640 3249 *Cimbrorum
1672 3192 1855 3256 usque
1886 3194 2158 3257 promon-

161 3261 370 3320 torium
416 3261 595 3320 eflicit
643 3263 855 3337 sinum,
914 3264 1012 3341 qui
1061 3260 1331 3325 Codanus
1375 3271 1618 3324 vocatur
1656 3263 1913 3323 refertus
1956 3258 2158 3322 insulis

164 3361 400 3434 quarum
434 3343 750 3406 clarissima
784 3355 873 3407 est
901 3347 1284 3409 scandinavia
1322 3349 1702 3428 inconpertae
1729 3346 2156 3426 magnitudinis,

32 3512 37 3548 Ι
148 3524 192 3548 μ
