2320 3650
543 95 704 147 ΝΑΤ.
734 98 918 148 ms'r.
952 99 1057 147 111.
1105 85 1273 150 14—3.
1310 84 1539 169 (3—4.)
1982 91 2102 154 127

72 264 584 334 sarangustanum
609 252 977 314 Cluniensem
999 254 1270 314 Asturum
1291 253 1610 315 Lucensem
1634 255 1959 317 Bracarum.
2006 275 2101 317 ac-

76 346 310 406 cedunt
353 322 623 414 insulae,
673 356 911 418 quarum
952 340 1242 398 mentione
1290 340 1546 417 seposita
1591 340 1834 400 civitatis
1866 342 2100 420 provin-

75 427 169 487 cia
214 427 357 504 ipsa
400 431 647 502 praeter
687 419 1050 482 contributas·
1084 422 1215 482 aliis
1261 419 1549 482 CCXCIII
1592 424 1844 485 continet
1889 426 2102 504 oppida

80 506 504 583 CLXXVIIII,
550 507 607 566 in
641 508 710 566 iis
746 508 1006 567 colonias
1040 505 1182 583 XII,
1226 507 1448 586 ,oppida
1483 507 1690 567 civium
1719 507 2101 569 Romanorum

32 626 58 663 5
79 593 239 669 XIII,
280 591 626 652 Latinorum
655 599 916 651 veterum
946 569 1154 665 XVIII,
1188 591 1621 651 foederatorum
1650 607 1848 667 unum,
1887 595 2101 670 stipen-

78 679 271 739 diaria
310 673 610 735 CXXXV.
663 674 835 734 Primi
870 676 927 734 in
974 691 1077 734 ora
1106 674 1356 752 Bastuli,
1400 683 1537 753 post
1573 693 1680 737 eos
1722 693 1838 755 quo
1883 677 2187 738 diceturl9

78 762 299 822 ordine
358 762 519 820 intus
567 758 918 820 recedentes
969 756 1320 834 Mentesani,
1375 757 1612 819 Oretani
1669 769 1727 820 et
1772 760 1842 819 ad
1887 759 2105 836 Tagum

77 844 446 923 Carpetani,
481 843 638 902 iuxta
674 860 779 903 eos
810 842 1086 919 Vaccaei,
1116 841 1400 920 Vettones
1432 852 1491 902 et
1524 840 1803 903 Celtiberi
1830 844 2100 904 Arevaci.

75 929 329 1008 Oppida
376 943 524 987 orae
564 943 844 1004 proxuma
882 925 1054 1001 Urci,
1098 927 1562 1005 adscriptumque
1593 926 1864 988 Baeticae
1895 928 2103 1003 Barea,

13 1039 57 1078 ιο
72 1015 257 1091 regio
293 1010 650 1086 Bastitania,
699 1027 834 1069 mox
862 1009 1160 1087 Deitania,
1211 1011 1345 1070 dein
1376 1009 1778 1089 Contestania,
1813 1010 2106 1088 Carthago
2136 1025 2143 1026 ⁷

70 1115 240 1158 nova
276 1095 544 1169 colonia,
579 1095 738 1153 cuius
768 1112 803 1153 a
829 1095 1222 1172 promontorio
1255 1096 1410 1173 quod
1436 1097 1661 1155 Saturni
1690 1106 1933 1157 vocatur
1959 1094 2104 1157 Cae·

71 1197 327 1242 saream
378 1177 798 1238 Mauretaniae·
826 1178 1027 1238 urbem
1078 1176 1444 1239 CLXXXVII
1489 1179 1547 1239 M
1596 1198 1752 1259 pass.
1807 1182 2101 1241 traiectus.

70 1265 353 1344 Reliqua
385 1264 450 1321 in
479 1280 584 1323 ora
620 1262 828 1322 flumen
858 1261 1079 1337 Tader,
1115 1263 1344 1323 colonia
1375 1264 1614 1322 inmunis
1645 1263 1789 1340 Ilici,
1822 1266 1972 1326 unde
2006 1264 2101 1325 lli·

74 1351 320 1410 citanus
347 1348 535 1405 sinus.
581 1342 639 1406 in
670 1364 797 1406 cam
827 1346 1260 1406 contribuuntur
1290 1346 1582 1407 Icositani.
1626 1366 1760 1408 mox
1785 1347 2191 1408 Latinorum20

7 1454 56 1494 ιτ,
72 1433 446 1506 Lucentum,
482 1429 746 1490 Dianium
777 1430 1241 1508 stipendiarium,
1276 1431 1461 1491 Sucro
1494 1431 1698 1492 fluvius
1731 1441 1788 1491 et
1821 1433 2106 1510 quondam

73 1515 421 1598 oppidum,
468 1510 875 1574 Contestaniae
919 1514 1065 1573 finis.
1129 1514 1317 1591 Regio
1348 1514 1628 1575 Edetania
1662 1533 1904 1576 amoeno
1937 1533 2104 1595 prae-

71 1600 384 1661 tendente
420 1616 487 1658 se
520 1607 743 1675 stagno,
777 1598 848 1657 ad
873 1594 1205 1657 Celtiberos
1228 1599 1535 1660 recedens.
1587 1599 1852 1660 Valentia
1878 1600 2107 1660 colonia

68 1683 160 1747 111
182 1681 258 1744 M
282 1693 451 1760 pass.
478 1700 513 1744 a
534 1683 675 1742 mari
695 1691 937 1757 remota,
966 1681 1173 1742 flumen
1197 1682 1446 1758 Turium,
1478 1693 1536 1743 et
1559 1684 1884 1744 tantundem
1909 1704 1942 1745 a
1964 1685 2105 1744 mari

71 1770 467 1846 Saguntum,
513 1766 718 1829 civium
748 1766 1133 1827 Romanorum
1179 1768 1450 1847 oppidum
1481 1768 1593 1830 fide
1624 1767 1853 1846 nobile,
1896 1768 2104 1851 flumen

5 1852 305 1915 aoUdiva.
363 1849 557 1927 Regio
578 1849 961 1929 Ilergaonum,
994 1850 1201 1912 Iberus
1226 1855 1403 1913 amnis
1426 1853 1735 1930 navigabili
1779 1854 2106 1914 conmercio
2121 1863 2187 1915 21

73 1938 285 2011 diveS,
346 1943 519 1995 ortus·
542 1936 599 1995 in
630 1932 929 1996 Cantabris
960 1935 1094 1995 haut
1124 1937 1330 2014 procul
1363 1937 1579 2014 oppido
1612 1937 1959 2015 Iuliobriga,
1999 1956 2106 2016 per

75 2016 355 2084 CCCCL
386 2017 448 2077 M
479 2036 633 2097 pass.
671 2019 876 2097 fluens,
906 2021 1134 2079 navium
1165 2039 1273 2098 per
1304 2017 1503 2080 CCLX
1535 2019 1593 2080 M
1621 2040 1653 2081 a
1682 2021 1856 2082 Varia
1888 2022 2104 2101 oppido

76 2122 326 2185 capax,
379 2120 552 2180 quem
596 2112 837 2182 propter
876 2104 1201 2164 universam
1231 2104 1560 2183 Hispaniam
1592 2104 1798 2167 Graeci
1844 2106 2104 2184 appella-

73 2207 237 2250 vere
278 2186 554 2247 Iberiam.
620 2186 808 2264 Regio
846 2185 1217 2262 Cessetania,
1251 2188 1461 2248 flumen
1493 2189 1666 2265 Subi,
1705 2189 1933 2250 colonia
1966 2189 2104 2249 Tar-

1 2289 316 2349 asraeon,
340 2320 347 2327 .
372 2269 704 2349 Scipionum
747 2289 932 2350 opus,
980 2273 1127 2330 sicut
1174 2269 1462 2350 Carthago
1498 2273 1842 2334 Poenorum.
1911 2273 2103 2350 Regio

79 2356 446 2433 Ilergetum,
479 2354 749 2432 oppidum
785 2355 994 2430 Subur,
1027 2354 1237 2416 flumen
1265 2355 1666 2434 Rubricatum,
1712 2376 1744 2418 a
1777 2375 1892 2437 quo
1924 2356 2105 2417 Laee-

81 2441 210 2502 tani
247 2447 311 2498 et
342 2437 661 2513 Indigetes.
713 2439 850 2499 Post
881 2456 985 2498 eos
1019 2457 1134 2518 quo
1167 2441 1390 2501 dicetur
1425 2441 1624 2505 ordine
1650 2443 1799 2502 intus
1823 2442 2188 2502 receden-22

82 2534 182 2585 tes
214 2522 430 2583 radice
459 2521 743 2596 Pyrenaei
778 2522 1091 2599 Ausetani,
1123 2523 1340 2601 Fitani,
1373 2524 1641 2599 Lacetani
1676 2520 1898 2605 perqu‘e
1929 2525 2105 2601 Pyre-

83 2624 312 2669 naeum
351 2602 685 2682 Cerretani,
724 2607 858 2667 dein
887 2606 1210 2669 Vascones.
1265 2610 1321 2669 in
1352 2626 1454 2670 ora
1485 2619 1673 2669 autem
1706 2610 1936 2672 colonia
1970 2609 2108 2670 Bar·

0 2708 66 2757 :30
89 2693 234 2753 cino
261 2690 615 2766 cognomine
639 2690 933 2766 Faventia,
971 2694 1183 2771 oppida
1207 2695 1411 2754 civium
1434 2692 1820 2754 Romanorum
1841 2693 2107 2770 Baetu10,

83 2776 295 2849 Iluro,
332 2774 547 2833 flumen
577 2773 823 2852 Arnum,
861 2775 1144 2853 Blandae,
1179 2778 1389 2839 flumen
1419 2777 1606 2854 Alba,
1637 2776 1972 2856 Emporiae,
2005 2794 2107 2853 ge⁴

84 2860 314 2920 minum
359 2857 475 2917 hoc
517 2868 774 2918 veterum
815 2860 1129 2920 incolarum
1174 2871 1232 2922 et
1263 2862 1613 2923 Graecorum
1645 2862 1740 2940 qui
1772 2861 2110 2921 Phocaeen-

87 2944 249 3004 sium
279 2941 452 3011 fuere
488 2941 745 3018 suboles,
778 2942 986 3003 flumen
1014 2944 1244 3005 Ticher.
1298 2945 1369 3005 ab
1404 2960 1476 3006 eo
1500 2945 1797 3021 Pyrenaea
1820 2944 2017 3005 Venus
2052 2947 2109 3005 in

91 3027 294 3088 latere
330 3028 690 3103 promontori
720 3027 905 3086 altero
939 3027 1034 3087 XL
1064 3027 1139 3087 M.
1197 3029 1291 3096 [¹·]
1334 3028 1498 3089 Nunc
1542 3048 1649 3108 per
1679 3030 1938 3108 singulos
1973 3042 2192 3098 con-23

0 3118 315 3180 aventus
371 3109 689 3171 reddentur
735 3112 981 3188 ‘insignia
1034 3122 1272 3190 praeter
1316 3132 1496 3193 ,supra
1543 3114 1712 3175 dicta.
1778 3114 2110 3177 Tarracone

95 3193 439 3272 disceptant
464 3194 667 3271 populi
688 3192 887 3271 XLIII,
922 3213 1162 3273 quorum
1195 3196 1561 3258 celeberrimi
1595 3200 1800 3259 civium
1822 3199 2107 3260 Ro‘mano·

94 3295 230 3338 rum
254 3276 601 3353 Dertusani,
644 3278 1057 3356 Bisgargitani,
1104 3280 1428 3341 Latinorum
1462 3281 1771 3359 Ausetani,
1808 3280 2107 3345 Cerretani

100 3361 205 3442 qni
234 3358 443 3422 Iuliani
480 3364 950 3440 cognominantur
981 3373 1040 3425 et
1084 3367 1183 3443 qui
1214 3365 1563 3444 Augustani,
1607 3365 1882 3443 Edetani,
1927 3366 2103 3427 Geru-
