2320 3650
169 79 293 142 206
579 82 584 91 ’
850 92 910 140 ο.
941 90 1135 139 emm
1166 90 1469 140 sacuam

169 256 279 322 est,
314 254 376 305 ut
400 262 591 326 neque
621 246 678 307 id
711 249 897 325 ipsum
921 262 1040 324 quo
1059 246 1272 311 vivitur
1290 247 1352 304 in
1375 247 1492 319 vita
1526 232 1771 321 iuvaret.
1838 242 2211 307 Parthorum

165 330 398 408 populis
423 331 538 392 hoc
574 332 893 410 praecipue
926 339 983 389 et
1015 348 1047 390 a
1071 331 1302 410 iuventa
1333 340 1579 408 propter
1608 331 1967 390 indiscretos
2002 331 2207 407 cibos,

167 432 412 492 namque
447 426 505 475 et
538 416 926 475 vino=faetent
958 432 1060 473 ora
1091 415 1282 473 nimio.
1346 414 1452 474 sed
1480 413 1592 489 sibi
1622 430 1915 493 proceres
1949 416 2204 475 meden-

156 508 259 569 ,μιν
292 516 473 574 grano
500 501 728 576 Assyrii
760 497 912 575 mali,
950 499 1110 556 cuius
1144 507 1235 558 est
1267 500 1519 557 suavitas
1550 501 1893 576 praecipua,
1922 501 2202 559 inzesou·

80 583 356 646 2791enta
402 585 616 644 addito.
693 581 1148 661 Elephantorum
1193 583 1376 641 anima
1410 584 1703 661 serpentis
1732 583 2027 659 emti-abit,
2066 599 2239 642 cer-⁵

81 664 181 748 ’ψ
206 684 405 726 vorum
443 670 577 727 urit.
637 667 899 726 Diximus
939 665 1228 725 hominum
1272 683 1490 742 genera
1541 667 1639 745 qui
1678 685 1907 727 venena
1941 685 2197 746 serpen·

163 750 301 808 tium
334 761 498 811 suctu
536 749 883 833 corporibus
916 751 1253 809 eximerent.
1313 753 1448 828 quin
1485 759 1544 809 et
1574 749 1751 811 subus
1783 761 2115 828 serpentes
2143 754 2196 811 in

107 852 121 884 ¹
163 834 380 911 pabulo
407 845 558 911 sunt,
582 844 641 895 et
664 835 791 894 aliis
816 852 1100 893 venenum
1128 844 1236 894 est.
1292 833 1457 906 Quae
1482 836 1705 894 insecta
1731 835 2189 913 appellavimus,

166 921 352 978 omnia
378 920 495 978 olei
532 920 816 998 adspersu
843 927 1138 977 necantur.
1197 917 1458 977 voltures
1495 928 1812 994 unguento,
1855 920 1956 996 qui
1985 920 2189 997 fugan-

166 1010 279 1060 tem
313 1002 459 1062 alios
491 1004 766 1081 adpetunt
791 1001 1052 1078 odorem,
1092 1001 1401 1062 scarabaei
1423 1018 1580 1062 rosa.
1632 1002 1909 1081 quasdam
1938 1021 2245 1082 serpen-20

161 1087 236 1144 tis
270 1089 506 1164 scorpio
553 1085 788 1172 o‘ccidit.
848 1086 1103 1160 Scythae
1152 1087 1392 1162 sagittas
1439 1087 1662 1163 tingunt
1707 1087 1977 1164 viperina
2025 1089 2184 1148 sanie

165 1178 221 1227 et
249 1170 496 1230 humano
532 1170 812 1248 sanguine
857 1169 1292 1230 inremediabile
1338 1170 1396 1229 id
1444 1171 1661 1230 scelus.
1739 1179 1990 1239 mortem
2027 1172 2184 1232 illico

167 1253 355 1314 adfert
382 1255 498 1314 levi
528 1264 703 1314 tactu.

63 1343 193 1399 ‘280-
296 1338 507 1418 (116.)
533 1339 700 1412 Quae
724 1337 1044 1398 animalium
1066 1346 1449 1416 pascerentur
1462 1354 1690 1397 veneno
1706 1337 1976 1397 diximus.
2010 1358 2181 1419 quae·

81 1445 136 1485 ιο,
152 1445 196 1478 es
216 1421 602 1483 daminnocua
627 1423 843 1501 alioqui
860 1424 1160 1482 venenatis
1187 1430 1353 1499 pasta
1372 1422 1549 1480 noxia
1569 1421 1708 1481 fiunt
1724 1427 1794 1480 -et'
1810 1425 1966 1499 ipsa.
2008 1441 2179 1504 apros
2197 1437 2229 1478 ιε

166 1508 220 1564 in
250 1505 588 1586 Pamphylia
640 1516 698 1566 et
743 1505 982 1567 Ciliciae
1012 1507 1332 1565 montuosis
1363 1505 1723 1565 salamandra
1758 1505 1832 1565 ab
1865 1507 1957 1565 his
2004 1508 2179 1568 devo·

162 1599 285 1650 rata
315 1593 418 1669 ¹qui
452 1591 631 1651 edere
662 1591 995 1650 moriuntur.
1064 1606 1256 1667 neque
1276 1590 1428 1648 enim
1454 1599 1543 1648 est
1566 1589 1898 1649 intellectus
1935 1591 2097 1651 ullus
2132 1594 2180 1650 iu

165 1673 347 1733 odore
373 1685 433 1734 et
452 1690 687 1752 sapore,
715 1683 773 1733 et
796 1692 944 1752 aqua
956 1675 1264 1750 vinumque
1288 1674 1576 1732 interemit
1601 1673 1963 1734 salamandra
1998 1675 2084 1737 ibi
2106 1677 2177 1735 in·

162 1767 404 1834 mortua,
430 1757 528 1817 vel
543 1758 601 1817 si
623 1758 851 1817 omnino
875 1757 1086 1817 biberit
1106 1755 1260 1816 unde
1274 1758 1694 1836 potetur,·item
1716 1774 1855 1817 rana
1884 1776 2068 1836 quarn
2095 1778 2176 1818 ru·

79 1851 178 1904 281
198 1841 391 1901 betam
404 1851 637 1902 vocant.
673 1850 886 1901 tantum
902 1842 1344 1901 insidiarum-est
1366 1841 1552 1922 vitae!
1594 1860 1816 1920 vespae
1843 1854 2229 1922 serpentemzo

166 1925 333 1984 avide
364 1935 701 2002 vescuntur,
735 1943 850 2004 quo
884 1925 1156 1985 alimento
1182 1926 1515 1985 mortiferos
1541 1926 1689 1988 ictus
1719 1926 1956 1985 faciunt.
2008 1929 2177 1988 adeo-

166 2019 279 2088 que
309 2027 515 2087 magna
549 2009 869 2069 differentia
903 2020 995 2069 est
1023 2011 1237 2084 victus,
1268 2020 1328 2069 ut
1357 2010 1627 2090 intractu
1662 2010 1834 2087 pisce
1866 2011 2177 2072 viventium

164 2093 603 2172 Theophrastus
638 2093 847 2172 prodat
877 2094 1063 2153 boves
1094 2111 1327 2171 quoque
1359 2096 1524 2172 pisce
1553 2095 1754 2168 vesci,
1785 2094 1890 2156 sed
1922 2113 2047 2156 non
2080 2097 2179 2156 nisi

161 2179 415 2237 vivente.
1740 2185 1753 2192 ‘

77 2271 179 2324 282
295 2261 759 2339 (117.)‘Homini
786 2262 955 2322 cibus
995 2262 1331 2320 utilissimus
1360 2260 1629 2338 simplex,
1666 2263 1967 2321 acervatio
2005 2272 2223 2343 sapo·²⁵

162 2362 283 2404 rum
325 2346 608 2422 pestifera
657 2356 716 2405 et
749 2345 1115 2404 condimento
1148 2345 1554 2422 perniciosior.
1628 2344 1946 2403 difficulter
1989 2358 2174 2407 autem

162 2428 537 2505 perficiuntur
562 2432 750 2489 omnia
778 2429 1008 2489 incibis·
1027 2431 1205 2503 aeria,
1233 2445 1465 2506 aspera,
1499 2429 1857 2501 inconsueta,
1885 2432 2072 2504 varia,
2100 2434 2170 2490 ni·

162 2513 274 2571 mia
307 2521 365 2571 et
391 2513 562 2573 avide
581 2513 826 2588 hausta,
859 2523 921 2572 et
952 2521 1175 2572 aestate
1208 2529 1372 2589 quam
1413 2511 1601 2571 hieme
1624 2511 1927 2571 difficilius
1947 2558 1965 2587 ‚
2015 2524 2076 2573 et
2122 2516 2171 2574 in

159 2607 399 2656 senecta
432 2615 599 2675 quam
625 2599 687 2656 in
716 2598 962 2656 iuventa.
1013 2597 1359 2655 vomitiones
1390 2596 1601 2656 homini
1636 2596 1704 2654 ad
1731 2595 1879 2655 haec
1903 2598 1960 2654 in
1988 2616 2170 2658 reme-

159 2682 310 2740 dium
356 2684 726 2786 excogitatae
758 2681 1053 2757 frigidiora
1098 2689 1346 2757 corpora
1382 2679 1630 2755 faciunt,
1668 2673 1941 2740 inimicae
1986 2682 2226 2742 oculis³⁰

159 2783 423 2825 maxume
455 2783 524 2825 ac
558 2763 844 2836 dentibus.
1626 2806 1642 2823 .
1789 2819 1792 2824 .

74 2856 177 2910 283
295 2849 506 2928 (118.)
553 2850 770 2908 Somno
828 2865 1202 2926 concoquere
1258 2847 1657 2927 corpulentiae
1705 2865 1874 2926 quam
1926 2849 2168 2909 firmitati

158 2934 372 2994 utilius.
447 2933 583 2992 ideo
636 2932 880 2992 athletas
932 2931 1323 3010 ambulatione
1374 2932 1588 2991 malunt
1637 2932 1804 2994 cibos
1856 2933 2162 3010 perlicere.

158 3018 468 3095 pervigilio
516 3017 745 3095 quidem
777 3018 1096 3095 praecipue
1140 3017 1439 3075 vincuntur
1489 3014 1619 3075 cibi.
1694 3015 1793 3075 54.
1830 3015 2166 3093 Augescunt

133 3113 411 3177 ‘corpora
444 3101 709 3161 dulcibus
738 3110 911 3178 atque
941 3099 1250 3178 pinguibus
1276 3109 1332 3158 et
1361 3108 1522 3178 potu,
1554 3100 1876 3159 minuuntur
1905 3103 2080 3159 siccis
2109 3107 2221 3160 et⁸⁵

158 3183 331 3241 aridis
361 3184 707 3263 frigidisque
741 3203 809 3244 ac
842 3186 952 3244 siti.
1010 3184 1304 3255 Quaedam
1341 3184 1605 3243 animalia
1639 3194 1694 3243 et
1728 3185 1992 3261 pecudes
2028 3201 2157 3264 quo—

160 3282 271 3339 que
304 3268 359 3323 in
392 3267 591 3327 Africa
626 3278 830 3345 quarto
867 3269 959 3327 die
1009 3267 1228 3326 bibunt.
1288 3268 1498 3326 homini
1531 3285 1645 3327 non
1672 3270 1870 3345 utique
1904 3278 2158 3347 septumo

161 3347 332 3404 letale
364 3358 450 3405 est
475 3351 718 3408 inediam
747 3352 1008 3422 durasse,
1044 3352 1099 3409 e't
1134 3352 1278 3408 ultra
1307 3351 1663 3424 undecimum
1687 3353 2008 3431 plerosque
2043 3370 2156 3411 cer-

32 3501 126 3571 h.
