2320 3650
596 123 758 170 N'A'r.
786 121 973 176 ffis‘r.
1006 123 1127 170 vn.
1178 119 1413 173 16—19.
1453 111 1760 189 (15—18.)
2092 114 2164 172 15

155 278 595 357 sesquipedalis
627 279 819 355 gigni,
866 278 1142 355 quosdam
1178 277 1508 353 longioreS,
1546 279 1602 336 in
1644 279 1869 338 trimatu
1902 281 2172 359 inplentis

153 364 322 422 vitae
355 380 611 435 cursum,
649 361 783 420 haut
815 362 1068 437 ignotum
1099 370 1208 420 est.
2131 405 2136 408 .

294 447 462 524 (17.)
559 444 883 504 Invenimus
938 447 993 503 in
1043 446 1401 503 monimentis
1457 445 1745 508 Salamine
1799 444 2261 521 Enthymenis76

155 530 341 590 filium
367 530 422 587 in
446 530 552 588 tria
579 528 766 589 cubita
790 530 1036 588 triennio
1056 528 1385 588 adolevisse
1404 572 1421 602 ,
1438 530 1686 593 ‚incessu
1714 530 1932 589 tardum
1949 576 1966 605 ,
2000 549 2172 591 sensu

101 632 128 672 5
158 614 471 685 hebetem,
512 612 792 690 puberem
829 615 996 672 etiam
1030 614 1273 687 factum,
1320 630 1471 671 voce
1502 613 1771 687 robusta,
1817 613 2174 692 absumptum

157 698 565 756 contractione
586 696 974 756 membrorum
1006 697 1191 756 subita
1216 698 1459 755 triennio
1489 698 1858 755 circumacta
1917 700 2029 775 ipsi
2059 716 2174 765 non

155 782 388 859 pridem
438 780 677 839 vidimus
724 782 926 839 eadem
970 781 1151 840 ferme
1199 782 1385 840 omnia
1430 790 1664 858 praeter
1705 781 2066 859 pubertatem
2119 783 2177 840 in

156 864 287 923 filio
319 861 557 922 Corneli
591 864 774 923 Taciti
819 866 1027 942 equitis
1070 864 1312 923 Romani
1344 863 1624 940 Belgicae
1660 864 1880 928 Galliae
1918 868 2171 926 rationes

156 948 548 1025 procurantis.
606 944 1050 1028 ἐκπραπέλοῡς
1091 947 1299 1008 Graeci
1330 958 1543 1008 vocant
1574 964 1714 1024 eos,
1761 951 1817 1007 in
1852 947 2011 1007 Latio
2058 965 2171 1008 non

84 1052 140 1092 ιο
158 1031 380 1091 habent
414 1049 639 1089 nomen.
1281 1081 1284 1084 i
1349 1059 1356 1062 -
1644 1039 1664 1054 ‘

297 1116 390 1174 17.
458 1115 626 1187 Quod
671 1117 744 1174 sit
785 1115 999 1174 homini
1042 1116 1284 1193 spatium
1329 1133 1372 1186 a„
1390 1116 1640 1191 vestigio
1678 1116 1750 1175 ad
1789 1119 2072 1176 verticem
2111 1117 2165 1176 id
2187 1123 2254 1180 77

167 1216 306 1257 esse
338 1200 530 1276 pansis
559 1199 817 1258 manibus
848 1202 996 1258 inter
1027 1200 1397 1275 longissimos
1422 1200 1633 1275 digitos
1664 1199 2033 1260 observatum
2058 1209 2168 1276 est,

166 1283 339 1341 sicuti
371 1284 509 1341 viris
541 1283 744 1342 dextra
780 1293 942 1360 parte
968 1284 1249 1357 maiores,
1283 1282 1622 1361 quibusdam
1659 1301 1877 1361 aequas
1907 1294 2169 1361 utraque,

168 1366 380 1443 aliquis
426 1367 590 1426 laeva
632 1383 796 1425 manu
841 1368 1219 1444 praecipuaS,
1276 1384 1388 1425 nec
1439 1367 1496 1425 id
1537 1384 1800 1444 umquam
1834 1369 1889 1425 in
1921 1367 2167 1426 feminis.

86 1462 140 1502 15
166 1445 338 1527 (⁴18.)
383 1451 906 1528 maris-praestare
939 1450 1233 1528 ponderc',
1280 1459 1336 1508 et
1367 1449 1638 1510 defuncta
1683 1451 2009 1510 viventibus
2042 1469 2167 1509 cor-

161 1550 310 1610 pora
343 1533 585 1591 omnium
619 1534 975 1609 animalium,
1018 1543 1074 1592 et
1107 1517 1871 1676 do'rmientia„vigilant‡us*r,
1917 1536 2190 1594 virorum‘

166 1616 450 1675 cadavera
483 1619 684 1695 supina
716 1618 941 1677 fluitare
950 1663 972 1701 ,
1019 1617 1356 1677 feminarum
1388 1618 1608 1696 prolia,
1639 1607 1719 1675 “vib
1741 1627 1800 1675 ut
1831 1618 2038 1694 pudori
2071 1619 2168 1678 de‘-
2199 1633 2208 1646 ⁸

165 1699 483 1758 functarum
520 1710 798 1778 parcente
828 1710 1047 1762 natura.
2145 1717 2152 1724 ²

200 1850 203 1851 ⁷
295 1783 389 1844 18.
434 1782 739 1845 Concretis
780 1785 1060 1864 quosdam
1103 1784 1335 1844 ossibus
1379 1802 1449 1846 ac
1499 1786 1622 1846 sine
1658 1787 1924 1848 medullis
1968 1786 2168 1846 vivere
2186 1795 2255 1850 78

86 1870 512 1945 zeaccepimus.
588 1871 810 1946 signum
855 1887 1053 1929 eorum
1082 1888 1223 1929 esse
1254 1888 1366 1929 nec
1410 1871 1566 1930 sitim·
1595 1873 1811 1933 sentire
1854 1889 1966 1930 nec
1998 1872 2167 1931 sudo-

161 1971 286 2010 rem
330 1954 625 2027 emittere,
673 1972 1011 2032 quamquam
1059 1964 1115 2012 et
1148 1955 1459 2017 ‚voluntate
1499 1956 1713 2015 scimus
1756 1957 2167 2033 sitimyictam,

164 2037 532 2114 equitemque
567 2035 884 2096 Romanum
916 2037 1118 2096 Iuli-um
1146 2037 1442 2097 viatorem
1470 2057 1502 2097 e
1533 2039 1953 2099 Vocontiorum
1992 2049 2169 2119 gente

163 2120 463 2179 foederata
495 2123 549 2178 in
572 2121 952 2198 pupillaribus
984 2122 1144 2179 annis
1177 2139 1324 2198 aqua
1352 2121 1553 2181 subter
1584 2132 1773 2182 cutem
1807 2124 1933 2182 fusa
1964 2122 2168 2182 morbo

165 2203 513 2282 prohibitum
544 2221 744 2263 umore
788 2223 820 2263 a
866 2205 1104 2264 medicis
1143 2213 1400 2264 naturam
1432 2205 1649 2266 fecisse
1696 2207 2169 2266 consuetudinem

90 2307 146 2345 25
169 2297 339 2365 atque
380 2288 436 2344 in
483 2298 724 2347 senecta
772 2289 1031 2348 caruisse
1065 2297 1225 2366 potu.
1289 2306 1399 2349 nec
1443 2305 1556 2348 non
1601 2301 1658 2349 et
1697 2291 1794 2350 alii
1840 2290 2014 2350 multa
2061 2290 2170 2349 sibi

167 2373 548 2448 imperavere.
866 2410 869 2413 Δ
1463 2414 1466 2417 -
1991 2414 1992 2417 ¹

294 2454 390 2514 19.
459 2454 675 2514 Ferunt
718 2453 990 2514 Crassum
1029 2473 1197 2517 avom
1234 2453 1429 2515 Crassi
1475 2457 1531 2515 in
1573 2456 1795 2517 Parthis
1837 2460 2162 2537 interempti
2187 2466 2256 2522 79

165 2556 463 2615 numquam
494 2540 728 2614 risisse,
772 2539 847 2597 ob
880 2539 935 2599 id
963 2532 1304 2616 Agelastum
1330 2549 1630 2615 vocatam,
1672 2543 1817 2600 sicut
1847 2560 1959 2601 nec
1989 2543 2167 2602 flesse

166 2621 390 2680 multos
481 2622 783 2682 Socratem
830 2623 1044 2682 clarum
1098 2625 1383 2701 sapientia
1437 2625 1644 2684 eodem
1694 2643 1928 2702 semper
1984 2629 2168 2685 visum

92 2705 356 2780 sovcltu,
391 2724 503 2765 nec
534 2715 630 2766 aut
658 2706 842 2766 hilaro
873 2708 1055 2783 magis
1089 2717 1184 2767 aut
1208 2707 1458 2768 turbate.
1518 2707 1656 2768 Exit
1689 2708 1783 2768 hic
1807 2711 1975 2768 animi
2001 2718 2168 2768 tenor

167 2788 466 2864 aliquando
502 2791 557 2848 in
592 2791 848 2867 rigorem
885 2791 1166 2867 quendam
1206 2793 1650 2870 torvitatemque
1692 2802 1929 2851 naturae
1971 2793 2168 2853 duram

251 2870 656 2949 inflexibilem,
688 2874 1071 2953 adfectusque
1098 2877 1375 2935 humanos
1399 2876 1623 2952 adimit,
1665 2877 1850 2954 qualis
1883 2868 2169 2947 ἀπαθεῖς

219 2957 372 3015 raeci
414 2968 624 3017 vocant
662 2958 879 3018 multos>
907 2960 1030 3018 eius
1065 2962 1303 3035 generis
1346 2961 1611 3038 experti,
1660 2959 1930 3037 quodque
1965 2963 2255 3021 mirum80

168 3039 268 3113 sit,
319 3050 586 3100 auctores
623 3039 885 3101 makume
922 3043 1275 3120 sapientiae,
1320 3042 1629 3120 Diogenen
1671 3042 1979 3119 Cynicum,
2028 3045 2165 3119 Pyr-

96 3139 394 3199 esronem,
439 3123 826 3202 Heraclitum,
873 3125 1202 3202 Timonem,
1247 3126 1396 3186 hunc
1436 3128 1667 3207 quidem
1700 3129 1868 3187 etiam
1904 3130 1958 3187 in
1988 3129 2163 3188 totius

171 3205 352 3267 odium
397 3210 634 3284 generis
681 3209 905 3270 humani
951 3220 1232 3270 evectum.
1332 3211 1449 3271 Sed
1506 3211 1655 3271 haec
1698 3229 1874 3290 parva
1926 3222 2162 3273 naturae
2317 3238 2318 3277 3

167 3292 402 3367 insignia
451 3293 507 3349 in
547 3293 736 3352 multis
780 3295 938 3354 varia
988 3303 1449 3372 cognoscuntur,
1505 3304 1564 3354 ut
1609 3297 1666 3356 in
1708 3290 2164 3361 Antoniafflrusi
2317 3286 2318 3303 ¹

168 3392 460 3452 numquam
493 3377 831 3454 exspuisse,
874 3378 932 3436 in
961 3378 1279 3458 Pomponio
1322 3379 1608 3439 consulari
1651 3390 1826 3459 poeta
1863 3396 2163 3458 numquam
2315 3314 2319 3564 Ι
