2320 3650
124 93 244 154 284
824 102 1103 155 c.1>‘1.m1
1133 106 1434 154 sncmr

120 261 548 339 supellectilem
594 261 844 338 ligneam
888 280 957 321 ac
1003 264 1147 324 vasa*
1191 262 1391 322 fictilia
1436 262 1664 340 inquis
1711 262 1883 320 ficum
1927 262 2152 321 aridam

124 344 303 405 libeat
333 345 678 420 adservare,
710 354 807 405 aut
834 349 882 405 si
911 346 1051 407 solia
1083 347 1376 424 bacasque
1407 345 1676 422 in-virg'is
1707 346 1881 419 myrti
1911 345 2152 405 aliudve

121 428 277 507 quod
321 446 507 505 genus
551 430 761 489 simile.
820 440 1117 509 postremo
1160 432 1316 507 ligna
1355 438 1654 489 macerata
1701 447 1938 488 amurca
1985 429 2152 488 nullo

119 513 267 572 fumi·
301 514 494 574 taedio
539 514 768 573 ardere.
828 514 1030 595 Oleum
1076 516 1125 574 si
1166 513 1492 574 lambendo·
1517 531 1698 591 capra
1721 513 1934 591 'lingua
1966 515 2152 572 conti-

119 598 270 673 gerit
312 597 731 676 depaveritque
775 600 961 675 primo
997 600 1353 675 germinatu,
1399 597 1786 657 sterilescere
1815 607 2030 658 auctor
2063 606 2200 657 ests

118 679 195 739 M.
230 680 437 741 Varro.
498 680 574 741 Et
602 682 881 742 hactenus
913 683 987 741 de
1019 682 1153 742 olea
1185 691 1358 760 atque
1385 682 1551 741 oleo.

33 772 103 826 35
248 766 308 825 9.
355 766 481 844 (9.)
530 764 761 843 Reliqui
793 765 1062 825 arborum
1092 766 1312 826 fructus
1339 767 1441 825 vix
1469 767 1677 844 specie
1707 765 2004 842 lig-orave,
2038 782 2153 824 non

119 850 294 909 modo
326 848 637 928 saporibus
667 852 939 927 sucisque
968 852 1184 909 totiens
1213 851 1516 929 permixtis
1549 858 1725 928 atque
1763 850 1981 925 insitis,
2014 867 2151 909 enu-

119 935 330 994 merari
368 943 604 1012 queunt.

248 1018 344 1078 10.
394 1017 818 1078 Grandissirnus
860 1018 1048 1095 pineis
1078 1017 1324 1077 nucibus
1358 1017 1760 1095 altissimeque
1793 1034 2149 1095 suspensus,
2168 1030 2214 1072 ιο

119 1102 271 1160 intus
305 1102 475 1161 exilis
503 1101 749 1161 nucleos
777 1102 1059 1161 lacunatis
1088 1102 1329 1161 includit
1354 1104 1534 1177 toriS‚
1581 1102 1837 1159 vestitos
1881 1100 2002 1160 alia
2034 1101 2149 1160 fer·

116 1187 336 1261 ruginis
368 1187 581 1260 tunica,
619 1186 761 1244 mira
787 1192 1026 1244 naturae
1057 1204 1196 1245 cura
1226 1186 1486 1245 molliter
1518 1187 1738 1244 semina
1770 1185 2148 1245 conlocandi.

118 1269 317 1328 harum
364 1288 550 1346 genus
595 1270 837 1329 alterum
878 1272 1202 1329 terentinae
1248 1271 1447 1348 digitis
1472 1270 1666 1346 fragili
1698 1270 2001 1346 putamine
2031 1270 2150 1328 avi·

33 1361 104 1416 36
124 1371 335 1431 umque
366 1355 521 1414 furto
548 1356 610 1412 in
633 1353 865 1413 arbore.
909 1364 969 1413 et
999 1356 1227 1414 tertium
1261 1355 1489 1433 sappini
1519 1373 1554 1413 e
1580 1356 1754 1432 picea
1787 1355 2018 1427 sativa,
2050 1371 2150 1412 nu·

123 1438 383 1498 oleorum
412 1448 545 1498 cute
573 1441 767 1497 verius
792 1455 960 1515 quam
996 1438 1288 1516 putamine
1320 1439 1470 1499 adeo
1497 1437 1663 1498 molli
1698 1445 1758 1496 ut
1787 1438 1965 1497 simul
1992 1456 2150 1496 man·
2169 1456 2214 1498 ιε

120 1522 306 1581 datur.
370 1532 633 1601 quartum
664 1523 880 1600 pitydia
910 1532 1122 1582 vocant
1166 1542 1200 1581 e
1229 1523 1537 1602 pinastriS‚
1578 1522 1892 1599 singularis
1924 1522 2152 1581 remedi

121 1606 403 1665 adversus
435 1608 637 1666 tussim
667 1608 725 1665 in
754 1607 931 1666 melle
966 1607 1230 1667 decoctis
1262 1607 1506 1666 nucleis.
1569 1604 1805 1665 Taurini
1836 1606 2150 1684 aquicelus

122 1699 359 1750 vocant.
420 1690 597 1750 Pinea
629 1708 846 1750 corona
878 1692 1137 1750 victores
1169 1692 1321 1769 apud
1349 1689 1631 1750 Isthmum»
1657 1699 2045 1749 coronantur.

33 1780 104 1840 37
248 1776 307 1836 9.
357 1776 527 1854 (10.)
575 1773 677 1834 His
733 1791 1014 1854 proxuma
1061 1775 1434 1854 amplitudine
1474 1774 1625 1834 mala
1669 1792 1823 1853 quae
1865 1780 2152 1836 vocamus

123 1868 373 1920 cotonea
406 1869 465 1918 et
497 1858 706 1920 Graeci
752 1860 1051 1934 cydonaea
1097 1878 1175 1919 ex
1203 1858 1381 1919 Creta
1413 1858 1599 1919 insula
1623 1860 1896 1919 advecta.
1952 1861 2148 1918 incur·
2168 1879 2214 1920 ιο

119 1953 288 2003 vatos
329 1943 561 2003 trahunt
588 1961 783 2003 ramos
812 1945 1241 2023 prohibentque
1273 1961 1549 2003 crescere
1581 1952 1908 2022 parentem.
1977 1943 2150 2022 plura

120 2046 322 2088 eorum
366 2046 620 2104 genera:
664 2029 1036 2103 chrysomela
1084 2030 1352 2089 incisuris
1375 2033 1378 2038 “
1401 2028 1668 2087 distincta
1699 2027 1912 2086 colore
1943 2028 2021 2088 ad
2053 2047 2147 2088 au·

32 2145 33 2150 κ
120 2131 245 2172 rum
297 2113 625 2187 inclinatoqa
673 2113 769 2191 qui
816 2113 1116 2173 candidior
1154 2114 1434 2172 nostratia
1485 2114 1895 2189 cognominat,
1946 2114 2152 2174 odoris
2265 2157 2268 2174 Α

33 2198 630 2274 38praestantissimi.
689 2204 782 2255 est
829 2206 889 2255 et
916 2195 1323 2275 Neapolitanis
1367 2213 1505 2255 suus
1535 2196 1748 2255 honos.
1811 2199 2043 2257 minora
2078 2215 2153 2256 ex

121 2281 329 2340 eodem
359 2298 582 2358 genere
614 2280 875 2349 struthea
907 2282 1207 2341 odoratius
1232 2281 1493 2355 vibrant,
1532 2282 1794 2339 serotino
1830 2290 2216 2359 proventu‚2s

120 2367 399 2444 praecoci
446 2383 590 2424 vero
634 2374 879 2424 mustea:
944 2365 1221 2425 strutheis
1258 2375 1450 2427 autem
1484 2374 1734 2423 cotonea
1768 2366 1940 2425 insita
1988 2383 2154 2426 suum

122 2468 317 2526 genus
350 2449 555 2509 fecere
594 2448 975 2525 Mulvianum‚
1020 2466 1175 2540 quae
1220 2449 1349 2509 sola
1394 2466 1471 2508 ex
1505 2448 1596 2508 his
1639 2449 1738 2508 vel
1773 2450 1955 2509 cruda
1995 2469 2154 2510 man-

122 2535 361 2609 duntur,
420 2535 529 2593 iam
589 2543 647 2592 et
689 2534 944 2593 virorum
988 2533 1345 2593 salutatoriis
1405 2533 1693 2592 eubilibus
1748 2533 1981 2594 inclusa
2002 2582 2021 2611 .,
2078 2536 2155 2593 si-

121 2618 396 2677 mulacris
425 2618 680 2694 noctium
713 2619 967 2677 consciis
995 2618 1268 2695 inposita.
1330 2626 1466 2675 sunt
1489 2626 1802 2695 praeterea
1833 2633 2024 2695 parva
2055 2619 2153 2678 sil·

121 2703 375 2778 vesti-ia,
416 2720 450 2762 a
481 2701 758 2761 strutheis
791 2703 1219 2778 odoratissima,
1259 2704 1315 2760 in
1344 2700 1621 2779 saepibus
1650 2704 1976 2762 nascentia.
2172 2724 2220 2768 a.

32 2795 105 2868 39
256 2788 427 2865 (11.)
466 2785 619 2846 Mala
649 2786 1038 2864 appellamus,
1073 2804 1416 2865 quamquam
1449 2785 1667 2845 diversi
1695 2788 1978 2862 generis,
2012 2787 2155 2847 Per·-

32 2873 33 2900 ¹
124 2872 245 2931 sica
291 2879 351 2930 et
390 2878 666 2947 granata,
715 2889 865 2949 quae
909 2872 966 2929 in
997 2871 1227 2931 Punicis
1272 2868 1579 2931 arboribus
1623 2886 1835 2928 novem
1866 2885 2158 2947 geneum

32 2953 279 3035 {isdicta
313 2964 462 3014 sunt.
523 2956 612 3015 his
656 2956 860 3014 acinus
901 2954 1009 3014 sub
1053 2956 1277 3015 cortice
1311 2957 1493 3029 intus,
1526 2953 1643 3013 illis
1673 2954 1895 3030 lig-num
1926 2956 1987 3015 in
2023 2972 2153 3015 cor-

126 3055 293 3115 pore.
354 3057 469 3098 nec
502 3056 620 3099 uon
659 3040 1046 3118 et‘quaedam
1087 3058 1121 3099 e
1169 3040 1311 3119 piris
1341 3038 1569 3099 libralia
1614 3038 1918 3116 appellata
1948 3038 2152 3120 nupti-

126 3120 381 3178 tudinem
433 3122 546 3181 sibi
597 3123 875 3200 ponderis
932 3125 1163 3183 nomine
1234 3124 1528 3184 adserunt.
1608 3121 1708 3181 12.
1777 3122 1906 3182 Sed
1957 3123 2214 3184 Persius

131 3215 330 3258 corum
370 3204 561 3277 palma
604 3206 912 3266 duracinis,
979 3210 1273 3268 nationum
1302 3205 1520 3267 habent
1561 3209 1897 3283 cognomen
1929 3207 2150 3269 Gallica

39 3291 114 3344 40
133 3288 196 3374 et
227 3280 506 3344 Asiatica.
560 3299 696 3364 post
726 3299 1049 3350 autumnum
1082 3299 1509 3365 maturescunt,
1547 3296 1786 3350 aestate²
1806 3292 2146 3370 praecocia,

128 3365 275 3419 intra
296 3375 443 3422 xxx
463 3383 646 3428 annos
675 3384 915 3449 reperta
948 3384 1008 3434 et
1037 3377 1226 3453 primo
1244 3376 1500 3437 denariis
1524 3375 1755 3452 sing-ula
1776 3377 2143 3436 muniadam
