2320 3650
197 99 320 160 254
466 82 473 89 ’
851 111 910 161 0.
947 110 1136 159 Pmm
1173 110 1469 158 sncrmm
1523 74 1526 81 ’

115 273 215 330 187
378 262 477 325 30.
518 262 799 323 Universa
831 280 974 322 vero
1008 281 1155 339 gens
1185 262 1460 323 Aetheria
1492 262 1786 341 appellata
1817 272 1929 342 est,
1974 263 2173 326 deinde

193 347 475 423 Atlantia,
521 364 656 406 mox
698 365 731 407 a
762 347 1005 406 Volcani
1047 347 1165 407 filio
1203 346 1494 426 Aethiope
1535 346 1869 426 Aethiopia.
1956 347 2172 409 Anima—

195 433 331 492 lium
339 431 757 529 hominumque
778 430 1157 491 monstrificas
1183 430 1414 508 efligies
1438 431 1623 489 circa
1628 432 2025 491 extremitates
2056 434 2174 492 eius

193 515 353 592 gigni
382 516 607 574 minime
644 516 843 574 mirum
888 514 1089 574 artifici
1120 514 1190 574 ad
1222 513 1514 574 formanda
1548 530 1798 592 corpora
1833 515 2171 613 effigiesque

196 598 501 658 caelandas
543 597 860 659 mobilitate
902 599 1089 674 ignea.
1184 597 1374 657 ferunt
1409 605 1570 656 certe
1611 596 1684 656 ab
1741 600 1983 658 orientis
2016 609 2213 677 partes

194 683 403 742 intuma
433 682 625 758 gentis
658 699 793 741 esse
824 682 947 741 sine
992 680 1260 757 naribuS,
1301 681 1531 759 aequali
1559 682 1732 740 totius
1764 683 1888 741 oris
1922 682 2170 762 planitie,

113 773 213 830 188
226 765 367 826 alias
391 767 691 843 superiore
717 764 879 825 labro
905 765 1100 840 orbas,
1134 765 1278 825 alias
1303 766 1426 824 sine
1451 764 1678 841 linguis.
1724 782 1862 844 pa-rs
1886 767 2056 826 etiam
2078 782 2173 826 ore

196 859 472 910 concreto
505 858 562 909 et
590 847 820 910 naribus
865 865 1067 909 carens
1109 865 1223 907 uno
1257 857 1470 910 tantum
1498 847 1780 908 foramine
1814 851 2033 927 spirat,
2076 865 2174 928 po-

191 943 425 1011 tumque
450 932 681 994 calamis
710 950 930 992 avenae
961 932 1131 993 trahit
1159 940 1219 993 et
1239 950 1418 1009 grana
1449 931 1704 991 eiusdem
1724 949 1948 992 avenae
1974 941 2175 1013 sponte

192 1017 584 1095 provenientis
625 1015 697 1075 ad
731 1016 1107 1076 vescendum.
1198 1015 1534 1095 quibusdam
1563 1030 1670 1093 pro
1700 1033 1974 1075 sermone
2015 1026 2230 1079 nutum

193 1109 495 1177 motusque
551 1099 937 1160 membrorum
989 1108 1099 1159 est.
1199 1099 1535 1177 quibusdam
1600 1107 1729 1158 ante
1786 1099 2175 1160 Ptolemaeum

190 1182 494 1257 Lathyrum
537 1183 793 1262 Aegypti
826 1201 1027 1260 regem
1068 1183 1300 1260 ignotus
1336 1183 1443 1243 fuit
1478 1200 1614 1242 usus
1642 1183 1876 1260 ignium.
1956 1183 2175 1263 quidam

106 1274 112 1283 ’
193 1276 253 1326 et
288 1267 705 1344 Pygmaeorum
741 1276 977 1344 gentem
1018 1266 1393 1345 prodiderunt
1421 1268 1569 1327 inter
1595 1266 1833 1345 paludis
1866 1285 1943 1326 ex
1977 1266 2174 1346 quibus

110 1358 210 1413 189
223 1350 394 1431 Nilus·
429 1352 693 1411 oriretur.
789 1350 854 1411 In
893 1366 994 1410 ora
1038 1360 1230 1411 autem
1271 1350 1368 1410 ubi
1416 1350 1683 1410 desinunt
1725 1350 1981 1410 continui
2023 1367 2172 1410 mon-

189 1442 284 1495 tes
317 1434 572 1494 ardentis
603 1434 821 1496 similes
841 1434 1069 1494 rubent.
1134 1433 1486 1512 Trogodytis
1520 1441 1579 1492 et
1600 1432 1800 1494 Rubro
1830 1434 1976 1495 mari
2001 1453 2034 1494 a
2058 1433 2229 1494 nte-1⁵

185 1537 293 1578 roe
332 1527 547 1579 tractus
592 1520 776 1578 omnis
804 1518 1244 1596 superponitur,
1301 1535 1332 1577 a
1375 1516 1597 1596 Napata
1646 1517 1818 1576 tridui
1872 1521 1932 1579 in
1973 1519 2174 1579 itinere

192 1603 262 1663 ad
285 1601 540 1662 Rubrum
578 1603 711 1663 litus
749 1619 895 1680 aqua
935 1602 1126 1680 pluvia
1169 1602 1242 1662 ad
1284 1618 1445 1661 usum
1489 1600 1859 1680 conpluribus
1884 1601 2037 1661 locis
2060 1618 2173 1660 ser-

192 1695 384 1762 vatur,
436 1686 791 1747 fertilissima
844 1687 1086 1763 regione
1144 1702 1294 1764 quae
1349 1687 1592 1744 interest
1646 1685 1795 1763 anri.
1886 1684 2174 1746 Ulteriora

193 1769 444 1831 Adabuli
484 1769 834 1849 Aethiopum
877 1786 1036 1847 gens
1064 1777 1282 1829 tenent.
1364 1769 1497 1830 dein
1537 1755 1736 1831 contra
1750 1758 2025 1829 Meroen
2061 1766 2173 1829 Me·

191 1854 453 1931 gabarri,
497 1871 642 1932 quos
666 1854 841 1933 aliqui
863 1853 1186 1915 Adiabaros
1214 1855 1616 1929 nominavere,
1647 1853 1932 1932 oppidum
1966 1853 2226 1913 habenta

193 1938 501 2016 Apollinis.
568 1954 704 2016 pars
747 1955 945 1999 eorum
985 1936 1297 2016 Nomades,
1339 1954 1491 2016 quae
1532 1936 1859 2016 elephantis
1901 1938 2172 1997 vescitur.

108 2032 212 2086 190
226 2021 317 2081 Ex
358 2020 604 2081 adverso
634 2021 692 2081 in
714 2021 949 2083 Africae
981 2019 1145 2099 parte
1183 2019 1497 2097 Macrobii,
1535 2038 1732 2082 rursus
1763 2039 1798 2081 a
1819 2019 2173 2097 Megabarris

189 2104 525 2165 Memnones
588 2114 648 2165 et
710 2105 917 2166 Dabeli
975 2105 1309 2186 dierumque
1370 2103 1480 2164 XX
1532 2104 1843 2165 intervallo
1911 2103 2172 2164 Critensi.

190 2189 338 2250 ultra
384 2207 490 2249 eos
532 2189 757 2265 Dochi,
804 2188 1009 2249 deinde
1054 2187 1365 2264 Gymnetes
1405 2206 1639 2267 semper
1679 2188 1858 2264 nudi,
1891 2205 2032 2248 mox
2062 2187 2172 2249 An·

192 2274 388 2349 detae,
429 2272 727 2349 Mothitae,
764 2272 1091 2348 Mesaches,
1132 2271 1476 2352 Ipsodorae,
1512 2273 1627 2332 atri
1663 2271 1882 2332 coloris
1905 2281 2030 2332 tota
2048 2285 2228 2331 cor-2⁸

189 2375 333 2436 pora
377 2356 607 2417 rubrica
657 2357 912 2418 inlinunt.
995 2365 1053 2416 at
1099 2375 1176 2416 ex
1215 2356 1449 2416 Africae
1495 2365 1659 2435 parte
1700 2355 2010 2431 Medimni,
2048 2352 2172 2415 dein

190 2440 481 2501 Nomades
538 2440 1060 2520 cynocephalorum
1101 2440 1256 2501 lacte
1297 2440 1596 2516 viventes,
1640 2440 1843 2516 Aladi,
1889 2439 2170 2515 Syr-botae

110 2534 206 2589 191
225 2526 319 2603 qui
354 2533 621 2584 octonum
666 2524 1000 2584 cubitorum.
1024 2542 1158 2583 esse
1194 2524 1472 2584 dicuntur.
1552 2523 1938 2584 Aristocreon
1966 2522 2172 2598 Libyae

193 2611 377 2670 latere
409 2626 442 2669 a
476 2607 679 2669 Meroe
712 2609 981 2687 oppidum
1004 2608 1214 2668 Tollen
1243 2606 1535 2668 dierumV
1555 2608 1759 2668 itinere
1798 2607 1992 2667 tradit.
2045 2603 2175 2666 inde
2272 2671 2273 2688 χ

191 2694 410 2754 dierum
431 2691 542 2753 ΧΠ
581 2691 772 2753 Desar
804 2693 1079 2771 oppidum
1118 2692 1540 2770 Aegyptiorum
1573 2692 1669 2770 qui
1700 2689 2173 2751 Psammetichum·
2184 2701 2227 2752 κ
2272 2693 2273 2704 ¹

181 2777 459 2855 fugerint.
531 2778 588 2837 in
621 2793 693 2836 eo
732 2777 1015 2855 prodente
1047 2794 1113 2835 se
1131 2772 1296 2835 ’000
1333 2774 1647 2836 habitasse.
1710 2783 1913 2835 contra
1948 2775 2007 2833 in
2038 2772 2171 2833 Aba·

191 2861 326 2921 bico
370 2862 553 2921 latere
583 2860 779 2921 Daron
813 2860 1082 2939 oppidum
1127 2877 1261 2918 esse
1297 2877 1516 2919 eorum.
1584 2858 1728 2918 Bion
1760 2867 1952 2919 autem
1986 2859 2173 2937 Sapen

191 2954 364 3005 vocat
397 2946 551 3025 quod
590 2944 689 3024 ille
731 2944 951 3019 Desar,
1009 2952 1066 3003 et
1104 2945 1236 3022 ipso
1279 2945 1507 3002 nomine
1550 2943 1801 3003 advenas
1845 2944 1925 3003 ait
1967 2939 2171 3019 signifi—

195 3029 331 3088 cari.
413 3033 583 3108 caput
616 3045 816 3088 eorum
858 3030 915 3087 in
944 3027 1127 3087 insula
1159 3026 1551 3103 Sembobitin,
1599 3034 1659 3085 et
1693 3027 1927 3086 ter-tium
1952 3027 2015 3085 in
2038 3023 2172 3085 Arn⁴

195 3110 290 3169 bia
321 3111 497 3173 Sinat.
582 3114 732 3171 iuter
763 3114 970 3171 montis
1013 3120 1200 3171 autem
1247 3120 1304 3170 et
1337 3109 1526 3169 Nilum
1557 3108 1831 3170 Simbarri
1870 3118 2034 3185 sunt,
2072 3091 2273 3178 Ριῦβ

197 3193 438 3270 lugges,
490 3196 547 3253 in
590 3195 730 3273 ipsis
767 3211 911 3254 vero
956 3193 1242 3254 montibus
1282 3193 1551 3254 Asachae
1593 3193 1782 3252 multis
1828 3191 2165 3266 nationibus,

198 3275 407 3333 abesse
453 3293 486 3334 a
519 3278 664 3335 mari
697 3277 956 3339 dicuntur
985 3279 1201 3339 dierum
1229 3276 1534 3337 Vitinere.
1598 3278 1796 3336 vivont
1840 3276 2171 3370 elephanto·

162 3362 356 3418 ‘inum
390 3366 619 3419 venatu.
690 3357 880 3422 Insula
919 3362 978 3421 in
1016 3360 1149 3422 Nilo
1189 3361 1663 3425 Semberritarum
1705 3359 1951 3439 reginae
1992 3357 2169 3442 pant
