2320 3650
567 124 725 172 NA'r.
766 121 949 170 ms'r.
984 121 1075 168 v1.
1117 117 1361 171 33—34.
1402 105 1696 193 (as—39.)
2030 106 2153 169 259

145 295 322 339 versa
369 277 444 338 ad
479 284 749 336 austrum.
833 284 995 354 patet
1035 292 1221 354 usque
1253 264 1525 334 Arabiam
1556 283 1615 333 et
1643 273 1826 333 Rubri
1853 272 2026 333 maris
2056 273 2154 335 ad·

150 362 335 422 colas.
387 360 751 420 continentur
779 358 1047 435 Gedrosi,
1090 357 1398 435 Carmanii,
1432 358 1670 433 Persae,
1703 355 1984 434 Elymaei,
2021 358 2154 418 Par-

147 445 389 520 thyene,
433 442 595 516 Aria,
643 442 908 517 Susiane,
950 441 1406 521 Mesopotamia,
1446 441 1718 501 Seleucia
1752 444 2154 519 cognominata

83 528 506 603 Babylonia,
551 525 766 585 Arabia
797 524 866 585 ad
896 526 1095 587 Petras
1108 543 1346 625 usque,
1395 524 1560 598 Syria
1594 522 1800 598 Coele,
1846 524 2152 601 Pelusium,

116 611 421 688 5Aegypti
466 608 775 683 inferiora,
821 626 968 686 quae
1009 603 1212 689 Χώροε
1254 615 1497 666 vocatur
1528 607 1951 681 Alexandriae,
1997 605 2149 668 Afri-

150 713 257 754 cae
290 694 611 768 maritima,
654 689 974 766 Cyrenaica
1019 693 1233 771 oppida
1265 691 1485 766 omnia,
1533 688 1828 767 Thapsus,
1873 689 2152 749 Adrume—

147 787 299 854 tum,
351 775 607 853 Clupea,
671 772 996 851 Carthago,
1049 775 1249 851 Utica,
1304 783 1548 852 uterque
1587 772 1811 852 Hippo,
1868 773 2149 847 Numidia,

147 860 506 921 Mauretania
562 868 838 935 utraque,
885 857 1234 918 Atlanticum
1282 875 1476 933 mare,
1522 857 1822 917 columnae
1861 856 2147 916 Herculis.

147 943 212 1003 In
253 944 373 1003 hoe
416 941 579 1002 caeli
631 942 1024 1018 circumplexu
1076 942 1408 1020 aequinocti
1461 941 1555 1000 die
1606 941 1794 1000 medio
1845 939 2149 999 umbilicus

85 1048 131 1089 ιο
150 1042 320 1105 quem
353 1041 701 1114 gnomonem
729 1032 943 1083 vocant
970 1023 1079 1085 vll
1116 1025 1301 1102 pedes
1346 1024 1555 1122 longus
1585 1023 1839 1083 umbram
1877 1040 1992 1081 nou
2036 1040 2147 1084 am·

143 1110 295 1190 plius
329 1107 440 1170 IlII
480 1100 667 1185 p'edes
711 1107 942 1182 longam
990 1108 1209 1183 reddit,
1251 1108 1439 1166 noctis
1472 1123 1616 1166 vero
1659 1106 1888 1185 dieique
1932 1106 2146 1183 longis-

149 1195 289 1254 sima
358 1193 545 1269 spatia
582 1189 746 1249 XIIII
788 1190 962 1250 horas
1024 1152 1464 1268 aequi’noctialis
1507 1189 1751 1263 habent,
1808 1189 2150 1249 brevissima

148 1294 222 1339 ex
241 1275 536 1335 contrario
558 1271 631 1331 X.
666 1273 931 1350 Sequens
963 1275 1211 1333 circulus
1236 1274 1435 1350 incipit
1463 1272 1532 1332 ab
1557 1272 1716 1331 India
1738 1281 2021 1349 vergente
2046 1272 2116 1332 ad
2131 1282 2232 1334 213

147 1376 445 1431 occasum,
484 1356 643 1415 vadit
671 1373 780 1447 per
807 1355 1029 1415 medios
1062 1356 1324 1431 Parthos,
1357 1354 1742 1433 Persepolim,
1774 1356 1981 1417 cituma
2012 1356 2146 1414 Per·

85 1443 326 1517 issidis,
368 1438 643 1499 Arabiam
673 1440 1037 1514 citeriorem,
1066 1438 1370 1513 Iudaeam,
1413 1438 1611 1497 Libani
1646 1439 1854 1498 montis
1885 1438 2145 1513 adcolas,

146 1524 517 1604 amplectitur
538 1520 913 1599 Babylonem,
958 1521 1305 1597 Idumaeam,
1343 1482 1676 1596 Samariam,
1718 1520 2145 1596 Hierosolyma,

143 1608 535 1680 Ascalonem,
568 1604 770 1682 Iopen,
806 1603 1155 1666 Caesaream
1193 1605 1540 1680 Phoenices,
1583 1604 2013 1679 Ptolemaidem,
2058 1605 2145 1663 Si—

145 1691 378 1766 douem,
418 1688 651 1763 Tyrum,
695 1686 986 1765 Berytum,
1019 1689 1257 1764 Botryn,
1305 1688 1602 1767 Tripolim,
1635 1687 1898 1763 Byblum,
1944 1687 2144 1747 Antio·

146 1775 355 1851 chiam,
400 1772 765 1846 Laodiceam,
809 1771 1170 1847 Seleuciam,
1209 1769 1449 1832 Ciliciae
1479 1772 1786 1849 maritima,
1835 1769 2014 1850 Cypri
2048 1788 2142 1831 au-

82 1861 346 1932 zostrina,
392 1853 647 1931 Cretam,
678 1853 1014 1930 Lilybaeum
1049 1858 1104 1915 in
1136 1856 1355 1931 Sicilia,
1399 1856 1872 1933 septentrionalia
1904 1856 2143 1915 Africae

140 1950 205 2001 et
228 1938 551 2000 Numidiae.
647 1937 947 2000 umbilicus
995 1941 1362 2018 aequinoctio
1391 1937 1611 1997 XXXV
1641 1940 1851 2017 pedum
1891 1937 2146 1998 umbram

142 2022 365 2084 XXIIII
395 2022 580 2100 pedes
611 2021 843 2102 longam
865 2022 1023 2098 facit,
1068 2023 1193 2082 dies
1224 2030 1412 2082 autem
1433 2039 1665 2101 noxque
1695 2040 1953 2082 maxuma
1983 2020 2146 2082 XIIII

144 2106 428 2167 horarum>
451 2104 953 2183 aequinoctialium
986 2113 1077 2165 est
1097 2105 1419 2167 accedente
1448 2106 1641 2183 quinta
1665 2113 1829 2184 parte
1853 2105 2016 2164 unius
2038 2104 2140 2164 ho-

145 2206 268 2250 rae.
335 2187 564 2264 Tertius
598 2187 846 2250 circulus
888 2188 962 2248 ab
991 2187 1143 2250 Indis
1174 2188 1369 2249 Ῑιιιεινο
1409 2189 1704 2266 proxumis
1735 2188 1936 2247 oritur.
1984 2196 2224 2248 ten-214

86 2272 231 2334 wdit
261 2288 372 2350 per
405 2268 646 2346 Caspias
689 2279 919 2348 portas,
964 2269 1194 2332 Mediae
1236 2288 1549 2351 proxuma,
1592 2268 1947 2346 Cataoniam,
1991 2268 2141 2349 Cap-

145 2355 473 2433 padociam,
515 2352 780 2430 Taurum,
825 2353 1124 2431 Amanum,
1168 2354 1372 2430 Issum,
1407 2352 1643 2415 Cilicias
1675 2363 1894 2432 portaS,
1941 2353 2137 2429 Solos,
2237 2421 2243 2427 ,

148 2437 421 2512 Tarsum,
468 2434 750 2514 Cyprum,
793 2435 1091 2514 Pisidiam,
1128 2437 1500 2517 Pamphyliae
1531 2438 1738 2513 Siden,
1760 2437 2139 2513 Lycaoniam,

147 2519 359 2596 Lyciae
389 2519 614 2595 Patara,
654 2518 959 2596 Xanthum,
1003 2519 1277 2598 Caunum,
1317 2520 1602 2596 Rhodum,
1636 2517 1839 2597 Coum,
1880 2520 2139 2581 Halicar-

37 2653 40 2658 .
149 2622 388 2679 nasum,
424 2600 691 2679 Cnidum,
729 2601 984 2681 Dorida,
1029 2603 1259 2681 Chium,
1305 2604 1533 2679 Delum,
1582 2601 1867 2678 Cycladas
1898 2599 2137 2676 medias,

70 2679 448 2762 'saythium
518 2685 782 2768 Malean,
836 2686 1067 2765 Argos,
1123 2688 1501 2763 Laconicam,
1556 2686 1764 2762 Elim,·
1798 2684 2136 2763 Olympiam,

146 2767 495 2830 Messeniam
536 2769 957 2847 Peloponnesi,
997 2771 1361 2847 Syracusas,
1405 2769 1684 2847 Catinam,
1727 2768 1982 2829 Siciliam
2017 2785 2135 2826 me·

146 2851 325 2929 diam,
386 2851 686 2912 Sardiniae
733 2855 1016 2930 austrina,
1074 2852 1395 2929 Carteiam,
1445 2852 1638 2914 Gadis.
1724 2852 2029 2929 gnomonis
2090 2848 2136 2909 C

143 2935 350 2995 unciae
389 2934 645 2994 umbram
678 2933 940 2998 LXXVII
986 2939 1295 2997 unciarum*
1307 2936 1541 2997 faciunt.
1609 2935 1978 3011 longissimus
2011 2933 2137 2994 dies

146 3027 235 3080 est
286 3018 792 3097 aequinoctialium
832 3019 1100 3080 horarum
1134 3018 1300 3081 XIIII
1342 3029 1513 3097 atque
1557 3018 1823 3081 dimidiae
1868 3027 1999 3077 cum
2035 3017 2135 3077 tri-

81 3103 370 3179 stgesima
403 3103 586 3162 unius«
621 3100 822 3161 horae.
910 3101 1130 3175 Quarto
1186 3103 1486 3163 subiacent
1525 3101 1743 3163 circulo
1784 3119 1933 3180 quae
1976 3110 2218 3163 sunt‘215

143 3184 216 3245 ab
255 3185 447 3246 altero
480 3184 664 3243 latere
698 3184 905 3261 Imavi,
953 3183 1363 3264 Cappadociae
1399 3185 1680 3262 austrina,
1726 3183 1967 3260 Galatia,
2010 3183 2133 3259 My-

143 3268 261 3344 sia,
300 3266 529 3342 Sardis,
573 3265 846 3342 Zmyrna,
890 3267 1147 3347 Sipylus,
1191 3268 1427 3329 Tmolus
1456 3285 1653 3345 mons,
1697 3267 1897 3346 Lydia,
1926 3265 2132 3343 Caria,

141 3312 326 3430 tonia,
361 3310 600 3426 TralIIs,
647 3335 973 3429 Colophon,
1017 3350 1309 3448 Ephesus,
1352 3351 1616 3431 Miletos,
1662 3349 1863 3472 Chios,
1907 3352 2135 3426 Samos,
