2320 3650
617 113 778 159 NAT.
810 114 993 163 ffls'r.
1028 116 1151 162 ΧΠ.
1187 92 1358 166 7-9.
1405 103 1706 187 (14—20.)
1880 64 1884 71 .
2035 106 2157 169 213

139 266 315 341 dum
357 265 623 327 dentibus
660 265 910 343 fragile,
959 268 1370 346 amplissimum
1409 270 1572 328 nucis
1615 268 1918 331 abellanae
1946 272 2161 348 magni·

141 350 372 424 tudine,
406 351 476 411 ad
506 350 838 410 medicinae
858 360 1071 411 tantum
1102 370 1283 411 usum.

272 432 440 514 (18.)
485 434 856 495 Contermina
886 435 1039 495 Indis
1073 454 1219 512 gens
1249 436 1466 496 Ariane
1490 435 1840 514 appellatur,
1872 439 1975 501 cui
1992 440 2158 519 spina
2179 449 2250 504 33

139 517 383 578 lacrima
409 520 710 597 pretiosas
730 526 956 579 murrae
984 520 1219 594 similis,
1245 538 1493 580 accessu
1527 528 1772 598 propter
1797 521 2037 581 aculeos
2064 542 2160 585 an·

85 619 118 659 ⁶
139 603 265 660 xio.
328 601 407 660 ibi
452 612 512 662 et
539 602 736 662 frutex
764 604 1050 680 pestilens
1077 603 1339 681 raphani
1354 604 1502 664 folio
1546 604 1725 679 lauri,
1764 603 1947 664 odore
1980 623 2164 684 equos

138 685 456 760 invitante,
505 687 599 764 qui
643 696 834 777 paene
869 688 1134 764 equitatu
1176 687 1402 748 orbavit
1429 687 1825 750 Alexandrum
1867 690 2050 765 primo
2080 693 2161 750 in-

137 771 353 844 troitu
389 770 544 846 quod
575 778 635 828 et
671 758 730 829 in'
759 768 1062 830 Gedrosis
1077 772 1306 831 accidit.
1369 771 1513 831 Item
1560 770 1767 831 laureo
1796 771 1944 830 folio
1985 779 2047 831 et
2083 773 2250 836 ibis4

140 855 312 931 spina
347 854 553 914 tradita
581 862 685 912 est
715 853 875 913 cuius
916 854 1112 932 liquor
1135 855 1452 932 adspersus
1492 855 1680 919 oculis
1711 850 2051 916 caecitatem
2078 859 2159 916 in-

136 936 328 996 ferret
362 918 623 997 omnibus
643 936 997 997 annualibus.
1051 956 1166 998 nec
1187 955 1302 998 non
1328 949 1386 998 et
1419 939 1934 1016 herba.praecipni
1968 941 2164 1000 odoris
2196 976 2203 981 ·

57 1037 119 1078 io
137 1021 364 1080 referta
411 1021 638 1081 minutis
674 1021 1045 1098 serpentibus
1088 1039 1326 1099 qua-rum
1360 1025 1477 1083 ictu
1511 1024 1773 1100 protinus
1807 1025 2165 1085 moriendum

142 1114 325 1164 esset.
392 1102 758 1163 Onesicritus
782 1104 955 1164 tradit
998 1107 1054 1164 in
1082 1105 1406 1180 Hyrcaniae
1453 1106 1816 1177 convallflsus
1858 1107 1969 1166 fico
2011 1109 2161 1166 simi·

142 1188 215 1248 lis
249 1206 384 1248 esse
414 1188 657 1249 arbores
696 1206 847 1266 quae
884 1199 1169 1250 vocentur
1204 1190 1406 1265 occhi,
1456 1209 1532 1250 ex
1563 1190 1769 1268 quibus
1802 1190 2021 1252 defluat
2047 1190 2161 1251 mel
2201 1185 2210 1201 ²

57 1296 62 1303 ·
140 1272 303 1331 horis
332 1273 622 1331 matutinis
654 1271 895 1332 duabus.

271 1355 329 1416 9.
361 1356 574 1435 (19.)
593 1355 810 1418 Vicina
834 1365 923 1416 est
941 1357 1268 1431 Bactriae,
1302 1358 1358 1415 in
1390 1376 1505 1436 qua
1533 1357 1810 1421 bdellium
1840 1356 2160 1419 laudatissi·
2178 1367 2246 1420 35
2302 1385 2307 1389 ¹

63 1456 118 1495 15
140 1457 310 1498 mum.
371 1439 567 1500 Arbor
583 1441 748 1539 nigra
772 1449 861 1499 est
879 1441 1272 1518 magnitudine
1304 1441 1497 1515 oleae,
1528 1442 1695 1502 folio
1684 1440 1949 1516 roboris,
1975 1441 2164 1502 fructu

144 1523 421 1600 caprifici.
495 1525 609 1602 ipsi
649 1532 851 1584 natura
891 1543 1042 1602 quae
1090 1526 1313 1584 cummi.
1394 1525 1489 1586 alii
1527 1525 1792 1586 brochon
1839 1525 2160 1604 appellant,

143 1607 243 1665 alii
273 1607 625 1682 malacham‚
659 1606 755 1666 alii
793 1609 1129 1684 maldacon,
1166 1611 1390 1685 nigrum
1419 1626 1565 1669 vero
1594 1619 1655 1669 et
1684 1611 1740 1668 in
1772 1609 1919 1670 offas
1945 1625 2161 1669 convo-

142 1691 320 1750 lutum
352 1691 734 1751 hadrobolon.
798 1710 934 1752 esse
971 1701 1171 1752 auteur
1193 1692 1370 1755 debet
1397 1693 1717 1755 tralucidae
1746 1694 1932 1754 simile
1962 1704 2161 1768 cerae,
2230 1744 2233 1751 ,

142 1775 443 1834 odoratum
475 1783 566 1851 et,
610 1792 738 1835 cum
771 1775 1006 1853 frietur‚
1052 1779 1299 1856 pingue,
1342 1786 1515 1854 gustu
1541 1792 1804 1838 ¹amarum
1849 1778 1993 1840 citra
2020 1793 2159 1837 aco·

62 1878 120 1919 20
138 1877 283 1918 rem.
342 1861 398 1917 in
429 1861 612 1919 sacris
634 1862 769 1920 vino
802 1861 1098 1939 perfusum
1125 1863 1442 1922 odoratius.
1499 1864 1757 1923 nascitur
1784 1872 1842 1922 et
1867 1864 1922 1922 in
1945 1861 2163 1921 Arabia

142 1942 417 2021 Indiaque
458 1952 521 2002 et
543 1942 732 2004 Media
761 1962 832 2004 ac
860 1945 1177 2020 Babylone.
1248 1946 1422 2023 aliqui
1462 1949 1782 2028 peraticum
1810 1955 2041 2006 vocant
2053 1963 2162 2023 per

141 2025 388 2086 Mediam
413 2027 746 2086 advectum.
810 2029 1074 2105 fragilius
1098 2029 1212 2089 hoc
1244 2040 1301 2088 et
1333 2032 1654 2090 crustosius
1683 2032 2070 2107 amariusque,
2103 2036 2160 2087 at
2178 2035 2247 2090 36

140 2109 396 2170 Indicum
428 2111 669 2169 umidius
701 2121 759 2169 et
792 2114 1221 2171 cumminosum.
1270 2113 1627 2174 adulteratur
1651 2114 1955 2190 amygdala
1986 2130 2156 2178 nuce.

145 2203 357 2253 cetera.
388 2195 512 2253 eins
542 2212 776 2271 genera
833 2198 1056 2255 cortice
1104 2205 1164 2255 et
1204 2198 1511 2258 scordasti.
1584 2199 1661 2256 ita
1703 2206 1945 2256 vocatur
1987 2195 2164 2256 arbor

67 2294 124 2335 2⁶
144 2277 369 2338 aemulo
407 2280 631 2337 cummi.
696 2278 798 2339 sed
835 2280 1379 2358 deprehenduntur,
1427 2282 1581 2358 quod
1625 2280 1809 2340 semel
1842 2278 2064 2339 dixisse
2100 2287 2161 2339 et

145 2363 200 2420 in
238 2370 468 2421 ceteros
500 2362 716 2422 odores
758 2364 1040 2439 satissit,
1075 2364 1293 2438 odore,
1337 2359 1577 2438 colore,
1620 2364 1923 2443 pondere,
1962 2372 2158 2439 gustu,

142 2448 297 2522 igne.
358 2445 592 2506 Bactrio
624 2447 778 2505 nitor
809 2449 1001 2506 siccus
1035 2447 1312 2524 multique
1347 2448 1572 2507 candidi
1604 2465 1859 2524 ungues,
1898 2456 2158 2525 praeter·

145 2547 216 2589 ea
246 2547 404 2589 suum
429 2530 660 2607 pondus
681 2546 796 2607 quo
821 2533 1053 2607 gravius
1080 2549 1219 2591 esse
1254 2542 1349 2590 aut
1371 2532 1567 2590 levius
1598 2550 1713 2592 non
1749 2530 1979 2636 debeat.
2025 2548 2157 2608 pre-

142 2613 279 2674 tium
316 2616 547 2673 sincero
577 2615 646 2672 in
666 2613 843 2674 libras
871 2614 928 2674 X
956 2627 1057 2675 111.

13 2755 14 2758 ,
69 2713 127 2754 so
271 2696 438 2775 (20.)
487 2696 685 2757 Gentis
739 2717 938 2777 supra
969 2699 1153 2759 dictas
1202 2698 1398 2758 Persis
1450 2699 1710 2775 attingit,
1757 2698 1956 2760 Rubro
1993 2698 2242 2772 mari‚37
2306 2731 2307 2734 ¹

12 2765 16 2928 ,
146 2780 298 2859 quod
329 2779 409 2840 ibi
432 2781 731 2842 Persicum
755 2785 1120 2858 vocavimus,
1152 2783 1329 2859 longe
1351 2783 1409 2841 in
1437 2791 1650 2842 terram
1685 2791 1882 2841 aestus
1906 2789 2117 2858 agente
2135 2801 2243 2854 enos
2306 2793 2307 2796 ’

143 2864 283 2924 mira
313 2864 582 2925 arborum
614 2873 832 2926 natura.
883 2884 1129 2945 namque
1163 2884 1375 2930 erosae
1403 2866 1526 2927 sale
1557 2868 1805 2926 invectis
1835 2864 2158 2925 derelictis·
2306 2875 2307 2880 ’

147 2965 262 3027 que
286 2949 506 3009 similes
537 2951 700 3009 sicco
733 2950 907 3010 litere
936 2947 1229 3012 radicibus
1259 2950 1427 3011 nudis
1459 2950 1813 3028 polyporum
1838 2949 2013 3009 modo
2042 2965 2158 3008 am·-

75 3073 78 3078 -
143 3032 355 3111 plexae
389 3033 614 3096 sterilis
655 3034 903 3095 harenas
937 3039 1289 3112 spectantur.
1356 3034 1600 3096 eaedem
1629 3035 1771 3096 mari
1812 3033 2160 3096 adveniente

74 3137 126 3181 ss
146 3116 412 3177 fluctibus
452 3117 722 3195 pulsatae
759 3120 1039 3179 resistunt
1072 3118 1400 3180 inmobiles.
1478 3119 1614 3197 quin
1667 3126 1727 3179 et
1771 3118 1947 3195 pleno
1991 3125 2158 3177 aestu

146 3202 481 3278 operiuntur
528 3210 724 3278 totae,
780 3203 1139 3281 adparetque
1183 3219 1377 3264 rerum
1432 3203 1783 3280 argumentis
1838 3203 2155 3280 asperitate

19 3285 20 3318 ¹
146 3300 413 3362 aquarum
434 3285 568 3345 illas
589 3287 685 3346 ali.
731 3286 1061 3364 magnitudo
1084 3285 1340 3347 miranda
1371 3295 1494 3362 est,
1527 3287 1761 3365 species
1790 3286 1991 3346 similis
2017 3302 2155 3345 une·

146 3368 277 3428 doni
291 3413 317 3446 ‚.
346 3384 582 3449 pomum
605 3370 927 3448 amygdalis
950 3380 1114 3433 extra
1130 3415 1149 3448 ,
1179 3372 1332 3431 intus
1348 3374 1645 3433 ‘contortis
1675 3370 1947 3432 nucleis>

2120 3509 2308 3581 Λ
