<?xml version="1.0" encoding="UTF-8"?>
<!DOCTYPE html PUBLIC "-//W3C//DTD XHTML 1.0 Transitional//EN"
    "http://www.w3.org/TR/xhtml1/DTD/xhtml1-transitional.dtd">
<html xmlns="http://www.w3.org/1999/xhtml" xml:lang="en" lang="en">
 <head>
  <title>
</title>
<meta http-equiv="Content-Type" content="text/html;charset=utf-8" />
  <meta name='ocr-system' content='tesseract 3.04.00' />
  <meta name='ocr-capabilities' content='ocr_page ocr_carea ocr_par ocr_line ocrx_word'/>
</head>
<body>
  <div class='ocr_page' id='page_1' title='image "./cplinisecundina00eldegoog_0411.png"; bbox 0 0 2320 3650; ppageno 0'>
   <div class='ocr_carea' id='block_1_1' title="bbox 150 119 1556 180">
    <p class='ocr_par' dir='ltr' id='par_1_1' title="bbox 150 119 1556 180">
     <span class='ocr_line' id='line_1_1' title="bbox 150 119 1556 180; baseline 0.001 -3"><span class='ocrx_word' id='word_1_1' title='bbox 150 119 229 179; x_wconf 86' lang='lat'><strong>70</strong></span> <span class='ocrx_word' id='word_1_2' title='bbox 846 131 905 178; x_wconf 83' lang='grc' dir='ltr'><strong>ο.</strong></span> <span class='ocrx_word' id='word_1_3' title='bbox 938 134 1125 179; x_wconf 76' lang='lat' dir='ltr'><strong>mm</strong></span> <span class='ocrx_word' id='word_1_4' title='bbox 1151 132 1449 180; x_wconf 64' lang='lat' dir='ltr'><strong>securim</strong></span> <span class='ocrx_word' id='word_1_5' title='bbox 1551 165 1556 172; x_wconf 93' lang='lat'><em>.</em></span> 
     </span>
    </p>
   </div>
   <div class='ocr_carea' id='block_1_2' title="bbox 55 283 2234 3281">
    <p class='ocr_par' dir='ltr' id='par_1_2' title="bbox 149 283 2156 446">
     <span class='ocr_line' id='line_1_2' title="bbox 149 283 2156 359; baseline 0.001 -17"><span class='ocrx_word' id='word_1_6' title='bbox 149 286 322 342; x_wconf 86' lang='lat' dir='ltr'><strong>etiam</strong></span> <span class='ocrx_word' id='word_1_7' title='bbox 348 284 698 359; x_wconf 86' lang='lat' dir='ltr'><strong>magisteria.</strong></span> <span class='ocrx_word' id='word_1_8' title='bbox 764 283 996 343; x_wconf 82' lang='lat' dir='ltr'><strong>Certum</strong></span> <span class='ocrx_word' id='word_1_9' title='bbox 1037 295 1126 343; x_wconf 88' lang='lat' dir='ltr'><strong>est</strong></span> <span class='ocrx_word' id='word_1_10' title='bbox 1169 288 1323 345; x_wconf 85' lang='lat' dir='ltr'><strong>iuxta</strong></span> <span class='ocrx_word' id='word_1_11' title='bbox 1365 283 1552 344; x_wconf 88' lang='lat' dir='ltr'><strong>Nilum</strong></span> <span class='ocrx_word' id='word_1_12' title='bbox 1598 301 1820 344; x_wconf 85' lang='lat' dir='ltr'><strong>amnem</strong></span> <span class='ocrx_word' id='word_1_13' title='bbox 1860 287 2156 345; x_wconf 84' lang='lat' dir='ltr'><strong>currentis</strong></span> 
     </span>
     <span class='ocr_line' id='line_1_3' title="bbox 149 366 2152 446; baseline 0.001 -22"><span class='ocrx_word' id='word_1_14' title='bbox 149 366 439 440; x_wconf 78' lang='lat' dir='ltr'><strong>lambere,</strong></span> <span class='ocrx_word' id='word_1_15' title='bbox 488 385 562 425; x_wconf 89' lang='lat' dir='ltr'><strong>ne</strong></span> <span class='ocrx_word' id='word_1_16' title='bbox 615 368 1041 427; x_wconf 79' lang='lat' dir='ltr'><strong>crocodilorum</strong></span> <span class='ocrx_word' id='word_1_17' title='bbox 1098 369 1350 428; x_wconf 87' lang='lat' dir='ltr'><strong>aviditati</strong></span> <span class='ocrx_word' id='word_1_18' title='bbox 1392 372 1758 428; x_wconf 80' lang='lat' dir='ltr'><strong>occasionem</strong></span> <span class='ocrx_word' id='word_1_19' title='bbox 1800 368 2152 446; x_wconf 83' lang='lat' dir='ltr'><strong>praebeant.</strong></span> 
     </span>
    </p>

    <p class='ocr_par' dir='ltr' id='par_1_3' title="bbox 71 449 2195 1029">
     <span class='ocr_line' id='line_1_4' title="bbox 71 449 2156 528; baseline -0 -15"><span class='ocrx_word' id='word_1_20' title='bbox 71 459 171 513; x_wconf 84' lang='lat'><strong>149</strong></span> <span class='ocrx_word' id='word_1_21' title='bbox 188 449 400 508; x_wconf 84' lang='lat' dir='ltr'>Indiam</span> <span class='ocrx_word' id='word_1_22' title='bbox 447 451 665 527; x_wconf 88' lang='lat' dir='ltr'><strong>petenti</strong></span> <span class='ocrx_word' id='word_1_23' title='bbox 689 450 1025 510; x_wconf 87' lang='lat' dir='ltr'><strong>Alexandro</strong></span> <span class='ocrx_word' id='word_1_24' title='bbox 1050 450 1260 528; x_wconf 78' lang='lat' dir='ltr'><strong>Magno</strong></span> <span class='ocrx_word' id='word_1_25' title='bbox 1278 470 1382 511; x_wconf 85' lang='lat' dir='ltr'><strong>rex</strong></span> <span class='ocrx_word' id='word_1_26' title='bbox 1407 451 1689 512; x_wconf 84' lang='lat' dir='ltr'><strong>Albaniae</strong></span> <span class='ocrx_word' id='word_1_27' title='bbox 1724 452 1877 511; x_wconf 87' lang='lat' dir='ltr'><strong>dono</strong></span> <span class='ocrx_word' id='word_1_28' title='bbox 1901 452 2156 512; x_wconf 80' lang='lat' dir='ltr'><strong>dederat</strong></span> 
     </span>
     <span class='ocr_line' id='line_1_5' title="bbox 148 534 2157 613; baseline 0.002 -22"><span class='ocrx_word' id='word_1_29' title='bbox 148 534 454 592; x_wconf 73' lang='lat' dir='ltr'><strong>inusitatae</strong></span> <span class='ocrx_word' id='word_1_30' title='bbox 493 535 892 610; x_wconf 75' lang='lat' dir='ltr'><strong>magnitudinis</strong></span> <span class='ocrx_word' id='word_1_31' title='bbox 938 553 1135 608; x_wconf 88' lang='lat' dir='ltr'><strong>unum,</strong></span> <span class='ocrx_word' id='word_1_32' title='bbox 1176 538 1337 594; x_wconf 87' lang='lat' dir='ltr'><strong>cuius</strong></span> <span class='ocrx_word' id='word_1_33' title='bbox 1381 538 1584 613; x_wconf 84' lang='lat' dir='ltr'><strong>specie</strong></span> <span class='ocrx_word' id='word_1_34' title='bbox 1626 534 1949 597; x_wconf 86' lang='lat' dir='ltr'><strong>delectatus</strong></span> <span class='ocrx_word' id='word_1_35' title='bbox 1983 538 2157 595; x_wconf 87' lang='lat' dir='ltr'><strong>iussit</strong></span> 
     </span>
     <span class='ocr_line' id='line_1_6' title="bbox 148 618 2195 696; baseline 0.002 -21"><span class='ocrx_word' id='word_1_36' title='bbox 148 630 507 692; x_wconf 83' lang='lat' dir='ltr'><strong>ursos,-mox</strong></span> <span class='ocrx_word' id='word_1_37' title='bbox 535 635 712 695; x_wconf 83' lang='lat' dir='ltr'><strong>apros</strong></span> <span class='ocrx_word' id='word_1_38' title='bbox 752 628 810 676; x_wconf 92' lang='lat' dir='ltr'><strong>et</strong></span> <span class='ocrx_word' id='word_1_39' title='bbox 836 619 1047 677; x_wconf 89' lang='lat' dir='ltr'><strong>deinde</strong></span> <span class='ocrx_word' id='word_1_40' title='bbox 1081 618 1276 678; x_wconf 81' lang='lat' dir='ltr'><strong>damas</strong></span> <span class='ocrx_word' id='word_1_41' title='bbox 1308 620 1484 677; x_wconf 87' lang='lat' dir='ltr'><strong>emitti</strong></span> <span class='ocrx_word' id='word_1_42' title='bbox 1523 620 2153 696; x_wconf 82' lang='lat' dir='ltr'><strong>contemptu.inmobili</strong></span> <span class='ocrx_word' id='word_1_43' title='bbox 2173 641 2195 680; x_wconf 69' lang='lat' dir='ltr'><strong>s</strong></span> 
     </span>
     <span class='ocr_line' id='line_1_7' title="bbox 144 702 2154 780; baseline 0.001 -21"><span class='ocrx_word' id='word_1_44' title='bbox 144 702 369 760; x_wconf 80' lang='lat' dir='ltr'><strong>iacente</strong></span> <span class='ocrx_word' id='word_1_45' title='bbox 419 718 524 773; x_wconf 90' lang='lat' dir='ltr'><strong>eo,</strong></span> <span class='ocrx_word' id='word_1_46' title='bbox 584 719 697 778; x_wconf 83' lang='lat' dir='ltr'><strong>qua</strong></span> <span class='ocrx_word' id='word_1_47' title='bbox 726 703 973 777; x_wconf 78' lang='lat' dir='ltr'><strong>segnitia</strong></span> <span class='ocrx_word' id='word_1_48' title='bbox 1030 704 1170 778; x_wconf 80' lang='lat' dir='ltr'><strong>tanti</strong></span> <span class='ocrx_word' id='word_1_49' title='bbox 1220 704 1484 780; x_wconf 86' lang='lat' dir='ltr'><strong>corporis</strong></span> <span class='ocrx_word' id='word_1_50' title='bbox 1529 703 1786 761; x_wconf 81' lang='lat' dir='ltr'><strong>offensus</strong></span> <span class='ocrx_word' id='word_1_51' title='bbox 1830 704 2154 780; x_wconf 81' lang='lat' dir='ltr'><strong>imperator</strong></span> 
     </span>
     <span class='ocr_line' id='line_1_8' title="bbox 144 785 2149 862; baseline 0 -20"><span class='ocrx_word' id='word_1_52' title='bbox 144 786 422 860; x_wconf 84' lang='lat' dir='ltr'><strong>generosi</strong></span> <span class='ocrx_word' id='word_1_53' title='bbox 454 786 684 862; x_wconf 88' lang='lat' dir='ltr'><strong>spiritus</strong></span> <span class='ocrx_word' id='word_1_54' title='bbox 711 786 952 843; x_wconf 78' lang='lat' dir='ltr'><strong>interimi</strong></span> <span class='ocrx_word' id='word_1_55' title='bbox 987 803 1112 843; x_wconf 89' lang='lat' dir='ltr'><strong>eum</strong></span> <span class='ocrx_word' id='word_1_56' title='bbox 1137 787 1317 844; x_wconf 83' lang='lat' dir='ltr'><strong>iussit.</strong></span> <span class='ocrx_word' id='word_1_57' title='bbox 1377 788 1650 845; x_wconf 88' lang='lat' dir='ltr'><strong>nuntiavit</strong></span> <span class='ocrx_word' id='word_1_58' title='bbox 1675 786 1789 845; x_wconf 86' lang='lat' dir='ltr'><strong>hoc</strong></span> <span class='ocrx_word' id='word_1_59' title='bbox 1818 785 1970 845; x_wconf 80' lang='lat' dir='ltr'><strong>fama</strong></span> <span class='ocrx_word' id='word_1_60' title='bbox 2002 788 2149 862; x_wconf 85' lang='lat' dir='ltr'><strong>regi.</strong></span> 
     </span>
     <span class='ocr_line' id='line_1_9' title="bbox 144 868 2149 947; baseline 0.002 -23"><span class='ocrx_word' id='word_1_61' title='bbox 144 869 343 945; x_wconf 87' lang='lat' dir='ltr'><strong>itaque</strong></span> <span class='ocrx_word' id='word_1_62' title='bbox 376 868 883 927; x_wconf 76' lang='lat' dir='ltr'><strong>aiterummittens</strong></span> <span class='ocrx_word' id='word_1_63' title='bbox 927 870 1140 928; x_wconf 76' lang='lat' dir='ltr'><strong>addidit</strong></span> <span class='ocrx_word' id='word_1_64' title='bbox 1179 869 1471 943; x_wconf 87' lang='lat' dir='ltr'><strong>mandata,</strong></span> <span class='ocrx_word' id='word_1_65' title='bbox 1516 888 1589 928; x_wconf 90' lang='lat' dir='ltr'><strong>ne</strong></span> <span class='ocrx_word' id='word_1_66' title='bbox 1636 870 1693 926; x_wconf 92' lang='lat' dir='ltr'><strong>in</strong></span> <span class='ocrx_word' id='word_1_67' title='bbox 1736 871 1931 947; x_wconf 84' lang='lat' dir='ltr'><strong>parvis</strong></span> <span class='ocrx_word' id='word_1_68' title='bbox 1961 888 2149 946; x_wconf 86' lang='lat' dir='ltr'><strong>expe·</strong></span> 
     </span>
     <span class='ocr_line' id='line_1_10' title="bbox 145 951 2154 1029; baseline 0.001 -20"><span class='ocrx_word' id='word_1_69' title='bbox 145 953 243 1010; x_wconf 89' lang='lat' dir='ltr'><strong>riri</strong></span> <span class='ocrx_word' id='word_1_70' title='bbox 284 952 479 1010; x_wconf 69' lang='lat' dir='ltr'><strong>vellet·</strong></span> <span class='ocrx_word' id='word_1_71' title='bbox 499 953 604 1010; x_wconf 90' lang='lat' dir='ltr'><strong>sed</strong></span> <span class='ocrx_word' id='word_1_72' title='bbox 647 953 704 1009; x_wconf 90' lang='lat' dir='ltr'><strong>in</strong></span> <span class='ocrx_word' id='word_1_73' title='bbox 748 951 918 1010; x_wconf 89' lang='lat' dir='ltr'><strong>leone</strong></span> <span class='ocrx_word' id='word_1_74' title='bbox 960 952 1365 1029; x_wconf 85' lang='lat' dir='ltr'><strong>elephantove.</strong></span> <span class='ocrx_word' id='word_1_75' title='bbox 1423 954 1568 1012; x_wconf 89' lang='lat' dir='ltr'><strong>duos</strong></span> <span class='ocrx_word' id='word_1_76' title='bbox 1609 952 1722 1011; x_wconf 90' lang='lat' dir='ltr'><strong>sibi</strong></span> <span class='ocrx_word' id='word_1_77' title='bbox 1771 953 1989 1027; x_wconf 84' lang='lat' dir='ltr'><strong>fuisse,</strong></span> <span class='ocrx_word' id='word_1_78' title='bbox 2035 953 2154 1012; x_wconf 79' lang='lat' dir='ltr'><strong>hoc</strong></span> 
     </span>
    </p>

    <p class='ocr_par' dir='ltr' id='par_1_4' title="bbox 62 1036 2212 1680">
     <span class='ocr_line' id='line_1_11' title="bbox 62 1036 2212 1111; baseline -0.001 -16"><span class='ocrx_word' id='word_1_79' title='bbox 62 1036 525 1111; x_wconf 76' lang='lat' dir='ltr'><strong>lsointerempto</strong></span> <span class='ocrx_word' id='word_1_80' title='bbox 574 1044 887 1111; x_wconf 79' lang='lat' dir='ltr'><strong>praeterea</strong></span> <span class='ocrx_word' id='word_1_81' title='bbox 914 1036 1126 1095; x_wconf 91' lang='lat' dir='ltr'><strong>nullum</strong></span> <span class='ocrx_word' id='word_1_82' title='bbox 1168 1037 1316 1094; x_wconf 88' lang='lat' dir='ltr'><strong>fore.</strong></span> <span class='ocrx_word' id='word_1_83' title='bbox 1373 1054 1482 1095; x_wconf 90' lang='lat' dir='ltr'><strong>nec</strong></span> <span class='ocrx_word' id='word_1_84' title='bbox 1525 1037 1744 1095; x_wconf 81' lang='lat' dir='ltr'><strong>distulit</strong></span> <span class='ocrx_word' id='word_1_85' title='bbox 1782 1036 2147 1111; x_wconf 82' lang='lat' dir='ltr'><strong>Alexander,</strong></span> <span class='ocrx_word' id='word_1_86' title='bbox 2167 1053 2212 1092; x_wconf 76' lang='grc' dir='ltr'><strong>ιο</strong></span> 
     </span>
     <span class='ocr_line' id='line_1_12' title="bbox 146 1118 2150 1197; baseline 0.001 -22"><span class='ocrx_word' id='word_1_87' title='bbox 146 1119 494 1195; x_wconf 81' lang='lat' dir='ltr'><strong>leonemque</strong></span> <span class='ocrx_word' id='word_1_88' title='bbox 549 1118 791 1177; x_wconf 86' lang='lat' dir='ltr'><strong>fractum</strong></span> <span class='ocrx_word' id='word_1_89' title='bbox 835 1122 1092 1196; x_wconf 85' lang='lat' dir='ltr'><strong>protinus</strong></span> <span class='ocrx_word' id='word_1_90' title='bbox 1150 1120 1309 1178; x_wconf 79' lang='lat' dir='ltr'><strong>vidit.</strong></span> <span class='ocrx_word' id='word_1_91' title='bbox 1370 1130 1576 1197; x_wconf 89' lang='lat' dir='ltr'><strong>postea</strong></span> <span class='ocrx_word' id='word_1_92' title='bbox 1605 1119 1991 1197; x_wconf 54' lang='lat' dir='ltr'><strong>*elephantum</strong></span> <span class='ocrx_word' id='word_1_93' title='bbox 2034 1122 2150 1178; x_wconf 86' lang='lat' dir='ltr'><strong>ins-</strong></span> 
     </span>
     <span class='ocr_line' id='line_1_13' title="bbox 148 1201 2152 1281; baseline 0.002 -23"><span class='ocrx_word' id='word_1_94' title='bbox 148 1202 224 1258; x_wconf 87' lang='lat' dir='ltr'><strong>sit</strong></span> <span class='ocrx_word' id='word_1_95' title='bbox 253 1201 479 1275; x_wconf 85' lang='lat' dir='ltr'><strong>induci,</strong></span> <span class='ocrx_word' id='word_1_96' title='bbox 519 1202 655 1260; x_wconf 86' lang='lat' dir='ltr'><strong>haut</strong></span> <span class='ocrx_word' id='word_1_97' title='bbox 693 1203 807 1261; x_wconf 89' lang='lat' dir='ltr'><strong>alio</strong></span> <span class='ocrx_word' id='word_1_98' title='bbox 841 1205 1023 1280; x_wconf 88' lang='lat' dir='ltr'><strong>magis</strong></span> <span class='ocrx_word' id='word_1_99' title='bbox 1069 1204 1413 1281; x_wconf 88' lang='lat' dir='ltr'><strong>spectaculo</strong></span> <span class='ocrx_word' id='word_1_100' title='bbox 1445 1203 1707 1263; x_wconf 85' lang='lat' dir='ltr'><strong>laetatus.</strong></span> <span class='ocrx_word' id='word_1_101' title='bbox 1776 1203 2152 1262; x_wconf 78' lang='lat' dir='ltr'><strong>horrentibus</strong></span> 
     </span>
     <span class='ocr_line' id='line_1_14' title="bbox 148 1284 2148 1364; baseline 0.002 -23"><span class='ocrx_word' id='word_1_102' title='bbox 148 1284 362 1362; x_wconf 79' lang='lat' dir='ltr'><strong>quippe</strong></span> <span class='ocrx_word' id='word_1_103' title='bbox 393 1285 545 1343; x_wconf 84' lang='lat' dir='ltr'><strong>villis</strong></span> <span class='ocrx_word' id='word_1_104' title='bbox 582 1303 689 1362; x_wconf 91' lang='lat' dir='ltr'><strong>per</strong></span> <span class='ocrx_word' id='word_1_105' title='bbox 729 1296 904 1345; x_wconf 88' lang='lat' dir='ltr'><strong>totum</strong></span> <span class='ocrx_word' id='word_1_106' title='bbox 954 1305 1167 1364; x_wconf 87' lang='lat' dir='ltr'><strong>corpus</strong></span> <span class='ocrx_word' id='word_1_107' title='bbox 1200 1289 1415 1362; x_wconf 81' lang='lat' dir='ltr'><strong>ingenti</strong></span> <span class='ocrx_word' id='word_1_108' title='bbox 1452 1289 1695 1364; x_wconf 86' lang='lat' dir='ltr'><strong>primum</strong></span> <span class='ocrx_word' id='word_1_109' title='bbox 1727 1287 1953 1347; x_wconf 76' lang='lat' dir='ltr'><strong>,latratu</strong></span> <span class='ocrx_word' id='word_1_110' title='bbox 2001 1288 2148 1345; x_wconf 86' lang='lat' dir='ltr'><strong>into·</strong></span> 
     </span>
     <span class='ocr_line' id='line_1_15' title="bbox 142 1368 2148 1447; baseline 0.001 -22"><span class='ocrx_word' id='word_1_111' title='bbox 142 1368 283 1442; x_wconf 87' lang='lat' dir='ltr'><strong>nuit,</strong></span> <span class='ocrx_word' id='word_1_112' title='bbox 308 1385 561 1446; x_wconf 83' lang='lat' dir='ltr'><strong>moxque</strong></span> <span class='ocrx_word' id='word_1_113' title='bbox 592 1371 835 1429; x_wconf 84' lang='lat' dir='ltr'><strong>increvit</strong></span> <span class='ocrx_word' id='word_1_114' title='bbox 865 1372 1155 1430; x_wconf 86' lang='lat' dir='ltr'><strong>adsultans</strong></span> <span class='ocrx_word' id='word_1_115' title='bbox 1187 1379 1506 1447; x_wconf 85' lang='lat' dir='ltr'><strong>contraque</strong></span> <span class='ocrx_word' id='word_1_116' title='bbox 1536 1370 1790 1429; x_wconf 86' lang='lat' dir='ltr'><strong>membra</strong></span> <span class='ocrx_word' id='word_1_117' title='bbox 1817 1389 2148 1446; x_wconf 83' lang='lat' dir='ltr'><strong>exsurgens</strong></span> 
     </span>
     <span class='ocr_line' id='line_1_16' title="bbox 144 1451 2210 1531; baseline 0.001 -21"><span class='ocrx_word' id='word_1_118' title='bbox 144 1451 275 1510; x_wconf 88' lang='lat' dir='ltr'><strong>hinc</strong></span> <span class='ocrx_word' id='word_1_119' title='bbox 320 1462 378 1510; x_wconf 85' lang='lat' dir='ltr'><strong>et</strong></span> <span class='ocrx_word' id='word_1_120' title='bbox 433 1452 590 1511; x_wconf 90' lang='lat' dir='ltr'><strong>illinc</strong></span> <span class='ocrx_word' id='word_1_121' title='bbox 645 1454 851 1512; x_wconf 81' lang='lat' dir='ltr'><strong>artifici</strong></span> <span class='ocrx_word' id='word_1_122' title='bbox 896 1456 1259 1514; x_wconf 88' lang='lat' dir='ltr'><strong>dimicatione</strong></span> <span class='ocrx_word' id='word_1_123' title='bbox 1313 1472 1423 1531; x_wconf 90' lang='lat' dir='ltr'><strong>qua</strong></span> <span class='ocrx_word' id='word_1_124' title='bbox 1466 1471 1726 1512; x_wconf 83' lang='lat' dir='ltr'><strong>maxume</strong></span> <span class='ocrx_word' id='word_1_125' title='bbox 1783 1470 1932 1530; x_wconf 89' lang='lat' dir='ltr'><strong>opus</strong></span> <span class='ocrx_word' id='word_1_126' title='bbox 1984 1463 2210 1512; x_wconf 73' lang='lat' dir='ltr'><strong>essetis</strong></span> 
     </span>
     <span class='ocr_line' id='line_1_17' title="bbox 146 1535 2145 1613; baseline 0.003 -21"><span class='ocrx_word' id='word_1_127' title='bbox 146 1535 424 1594; x_wconf 82' lang='lat' dir='ltr'><strong>infestans</strong></span> <span class='ocrx_word' id='word_1_128' title='bbox 456 1546 630 1613; x_wconf 84' lang='lat' dir='ltr'><strong>atque</strong></span> <span class='ocrx_word' id='word_1_129' title='bbox 656 1539 909 1611; x_wconf 77' lang='lat' dir='ltr'><strong>evitans,</strong></span> <span class='ocrx_word' id='word_1_130' title='bbox 942 1538 1133 1597; x_wconf 85' lang='lat' dir='ltr'><strong>donec</strong></span> <span class='ocrx_word' id='word_1_131' title='bbox 1170 1538 1405 1596; x_wconf 84' lang='lat' dir='ltr'><strong>adsidua</strong></span> <span class='ocrx_word' id='word_1_132' title='bbox 1445 1546 1687 1596; x_wconf 82' lang='lat' dir='ltr'><strong>rotatum</strong></span> <span class='ocrx_word' id='word_1_133' title='bbox 1725 1538 2011 1612; x_wconf 87' lang='lat' dir='ltr'><strong>vertigine</strong></span> <span class='ocrx_word' id='word_1_134' title='bbox 2045 1538 2145 1597; x_wconf 87' lang='lat' dir='ltr'><strong>ad·</strong></span> 
     </span>
     <span class='ocr_line' id='line_1_18' title="bbox 146 1617 1346 1680; baseline 0.003 -5"><span class='ocrx_word' id='word_1_135' title='bbox 146 1617 287 1676; x_wconf 83' lang='lat' dir='ltr'><strong>flixit</strong></span> <span class='ocrx_word' id='word_1_136' title='bbox 319 1619 387 1677; x_wconf 90' lang='lat' dir='ltr'><strong>ad</strong></span> <span class='ocrx_word' id='word_1_137' title='bbox 422 1637 616 1678; x_wconf 88' lang='lat' dir='ltr'><strong>casum</strong></span> <span class='ocrx_word' id='word_1_138' title='bbox 647 1622 771 1679; x_wconf 88' lang='lat' dir='ltr'><strong>eius</strong></span> <span class='ocrx_word' id='word_1_139' title='bbox 801 1620 1011 1680; x_wconf 91' lang='lat' dir='ltr'><strong>tellure</strong></span> <span class='ocrx_word' id='word_1_140' title='bbox 1043 1637 1346 1679; x_wconf 87' lang='lat' dir='ltr'><strong>concussa.</strong></span> 
     </span>
    </p>

    <p class='ocr_par' dir='ltr' id='par_1_5' title="bbox 59 1701 2210 2449">
     <span class='ocr_line' id='line_1_19' title="bbox 59 1701 2146 1785; baseline 0.001 -25"><span class='ocrx_word' id='word_1_141' title='bbox 59 1710 161 1763; x_wconf 85' lang='lat'><strong>151</strong></span> <span class='ocrx_word' id='word_1_142' title='bbox 299 1701 465 1779; x_wconf 82' lang='lat'>(62.)</span> <span class='ocrx_word' id='word_1_143' title='bbox 509 1701 722 1762; x_wconf 81' lang='lat' dir='ltr'><strong>Canum</strong></span> <span class='ocrx_word' id='word_1_144' title='bbox 752 1706 955 1785; x_wconf 76' lang='lat' dir='ltr'><strong>generi</strong></span> <span class='ocrx_word' id='word_1_145' title='bbox 986 1704 1074 1762; x_wconf 90' lang='lat' dir='ltr'><strong>bis</strong></span> <span class='ocrx_word' id='word_1_146' title='bbox 1107 1705 1256 1763; x_wconf 83' lang='lat' dir='ltr'><strong>anno</strong></span> <span class='ocrx_word' id='word_1_147' title='bbox 1279 1713 1493 1781; x_wconf 87' lang='lat' dir='ltr'><strong>partus.</strong></span> <span class='ocrx_word' id='word_1_148' title='bbox 1538 1705 1681 1762; x_wconf 89' lang='lat' dir='ltr'><strong>iusta</strong></span> <span class='ocrx_word' id='word_1_149' title='bbox 1712 1703 1783 1763; x_wconf 86' lang='lat' dir='ltr'><strong>ad</strong></span> <span class='ocrx_word' id='word_1_150' title='bbox 1806 1703 2146 1780; x_wconf 88' lang='lat' dir='ltr'><strong>pariendum</strong></span> 
     </span>
     <span class='ocr_line' id='line_1_20' title="bbox 143 1786 2143 1864; baseline 0.001 -19"><span class='ocrx_word' id='word_1_151' title='bbox 143 1803 327 1847; x_wconf 77' lang='lat' dir='ltr'><strong>annua</strong></span> <span class='ocrx_word' id='word_1_152' title='bbox 358 1794 538 1844; x_wconf 89' lang='lat' dir='ltr'><strong>aetas.</strong></span> <span class='ocrx_word' id='word_1_153' title='bbox 589 1796 797 1863; x_wconf 88' lang='lat' dir='ltr'><strong>gerunt</strong></span> <span class='ocrx_word' id='word_1_154' title='bbox 841 1795 1062 1846; x_wconf 87' lang='lat' dir='ltr'><strong>uterum</strong></span> <span class='ocrx_word' id='word_1_155' title='bbox 1101 1788 1415 1864; x_wconf 81' lang='lat' dir='ltr'><strong>sexagenis</strong></span> <span class='ocrx_word' id='word_1_156' title='bbox 1452 1786 1673 1846; x_wconf 87' lang='lat' dir='ltr'><strong>diebus.</strong></span> <span class='ocrx_word' id='word_1_157' title='bbox 1735 1788 1977 1864; x_wconf 87' lang='lat' dir='ltr'><strong>gignunt</strong></span> <span class='ocrx_word' id='word_1_158' title='bbox 2010 1804 2143 1847; x_wconf 82' lang='lat' dir='ltr'><strong>cae-</strong></span> 
     </span>
     <span class='ocr_line' id='line_1_21' title="bbox 144 1869 2207 1946; baseline 0 -19"><span class='ocrx_word' id='word_1_159' title='bbox 144 1886 269 1941; x_wconf 89' lang='lat' dir='ltr'><strong>cos,</strong></span> <span class='ocrx_word' id='word_1_160' title='bbox 309 1877 367 1926; x_wconf 91' lang='lat' dir='ltr'><strong>et</strong></span> <span class='ocrx_word' id='word_1_161' title='bbox 402 1886 516 1946; x_wconf 89' lang='lat' dir='ltr'><strong>quo</strong></span> <span class='ocrx_word' id='word_1_162' title='bbox 548 1869 802 1945; x_wconf 86' lang='lat' dir='ltr'><strong>largiore</strong></span> <span class='ocrx_word' id='word_1_163' title='bbox 833 1871 1058 1930; x_wconf 88' lang='lat' dir='ltr'><strong>aluntur</strong></span> <span class='ocrx_word' id='word_1_164' title='bbox 1101 1871 1253 1930; x_wconf 88' lang='lat' dir='ltr'><strong>lacte</strong></span> <span class='ocrx_word' id='word_1_165' title='bbox 1300 1889 1374 1930; x_wconf 91' lang='lat' dir='ltr'><strong>eo</strong></span> <span class='ocrx_word' id='word_1_166' title='bbox 1408 1872 1718 1931; x_wconf 84' lang='lat' dir='ltr'><strong>tardiorem</strong></span> <span class='ocrx_word' id='word_1_167' title='bbox 1762 1872 1943 1928; x_wconf 87' lang='lat' dir='ltr'><strong>visum</strong></span> <span class='ocrx_word' id='word_1_168' title='bbox 1988 1873 2207 1932; x_wconf 74' lang='lat' dir='ltr'><strong>acci-2⁰</strong></span> 
     </span>
     <span class='ocr_line' id='line_1_22' title="bbox 141 1953 2144 2032; baseline 0.002 -23"><span class='ocrx_word' id='word_1_169' title='bbox 141 1953 324 2029; x_wconf 74' lang='lat' dir='ltr'><strong>piunt,</strong></span> <span class='ocrx_word' id='word_1_170' title='bbox 358 1969 472 2010; x_wconf 88' lang='lat' dir='ltr'><strong>non</strong></span> <span class='ocrx_word' id='word_1_171' title='bbox 507 1961 695 2012; x_wconf 87' lang='lat' dir='ltr'><strong>tamen</strong></span> <span class='ocrx_word' id='word_1_172' title='bbox 732 1972 991 2032; x_wconf 87' lang='lat' dir='ltr'><strong>umquam</strong></span> <span class='ocrx_word' id='word_1_173' title='bbox 1023 1957 1170 2013; x_wconf 85' lang='lat' dir='ltr'><strong>ultra</strong></span> <span class='ocrx_word' id='word_1_174' title='bbox 1202 1957 1534 2014; x_wconf 85' lang='lat' dir='ltr'><strong>vicesimum</strong></span> <span class='ocrx_word' id='word_1_175' title='bbox 1568 1956 1806 2032; x_wconf 84' lang='lat' dir='ltr'><strong>primum</strong></span> <span class='ocrx_word' id='word_1_176' title='bbox 1841 1954 1994 2013; x_wconf 88' lang='lat' dir='ltr'><strong>diem</strong></span> <span class='ocrx_word' id='word_1_177' title='bbox 2029 1973 2144 2014; x_wconf 86' lang='lat' dir='ltr'><strong>nec</strong></span> 
     </span>
     <span class='ocr_line' id='line_1_23' title="bbox 145 2038 2141 2115; baseline 0.002 -22"><span class='ocrx_word' id='word_1_178' title='bbox 145 2043 276 2093; x_wconf 82' lang='lat' dir='ltr'><strong>ante</strong></span> <span class='ocrx_word' id='word_1_179' title='bbox 310 2045 646 2113; x_wconf 84' lang='lat' dir='ltr'><strong>septumum.</strong></span> <span class='ocrx_word' id='word_1_180' title='bbox 712 2038 937 2115; x_wconf 90' lang='lat' dir='ltr'><strong>quidam</strong></span> <span class='ocrx_word' id='word_1_181' title='bbox 968 2039 1224 2112; x_wconf 84' lang='lat' dir='ltr'><strong>tradunt,</strong></span> <span class='ocrx_word' id='word_1_182' title='bbox 1269 2040 1318 2097; x_wconf 89' lang='lat' dir='ltr'><strong>si</strong></span> <span class='ocrx_word' id='word_1_183' title='bbox 1354 2057 1495 2097; x_wconf 87' lang='lat' dir='ltr'><strong>unus</strong></span> <span class='ocrx_word' id='word_1_184' title='bbox 1538 2039 1827 2114; x_wconf 82' lang='lat' dir='ltr'><strong>gignatur,</strong></span> <span class='ocrx_word' id='word_1_185' title='bbox 1859 2054 2013 2095; x_wconf 87' lang='lat' dir='ltr'><strong>nono</strong></span> <span class='ocrx_word' id='word_1_186' title='bbox 2047 2038 2141 2097; x_wconf 88' lang='lat' dir='ltr'><strong>die</strong></span> 
     </span>
     <span class='ocr_line' id='line_1_24' title="bbox 144 2120 2141 2197; baseline 0.001 -19"><span class='ocrx_word' id='word_1_187' title='bbox 144 2136 411 2192; x_wconf 84' lang='lat' dir='ltr'><strong>cernere,</strong></span> <span class='ocrx_word' id='word_1_188' title='bbox 448 2121 496 2177; x_wconf 90' lang='lat' dir='ltr'><strong>si</strong></span> <span class='ocrx_word' id='word_1_189' title='bbox 527 2121 769 2196; x_wconf 86' lang='lat' dir='ltr'><strong>gemini,</strong></span> <span class='ocrx_word' id='word_1_190' title='bbox 803 2122 1077 2195; x_wconf 89' lang='lat' dir='ltr'><strong>decumo,</strong></span> <span class='ocrx_word' id='word_1_191' title='bbox 1130 2122 1383 2197; x_wconf 80' lang='lat' dir='ltr'><strong>itemque</strong></span> <span class='ocrx_word' id='word_1_192' title='bbox 1422 2125 1477 2192; x_wconf 84' lang='lat' dir='ltr'><strong>in</strong></span> <span class='ocrx_word' id='word_1_193' title='bbox 1508 2120 1768 2196; x_wconf 88' lang='lat' dir='ltr'><strong>singulos</strong></span> <span class='ocrx_word' id='word_1_194' title='bbox 1811 2122 1964 2179; x_wconf 83' lang='lat' dir='ltr'><strong>adici</strong></span> <span class='ocrx_word' id='word_1_195' title='bbox 2008 2122 2141 2180; x_wconf 88' lang='lat' dir='ltr'><strong>toti-</strong></span> 
     </span>
     <span class='ocr_line' id='line_1_25' title="bbox 140 2202 2210 2283; baseline 0.001 -21"><span class='ocrx_word' id='word_1_196' title='bbox 140 2202 272 2262; x_wconf 87' lang='lat' dir='ltr'><strong>dem</strong></span> <span class='ocrx_word' id='word_1_197' title='bbox 314 2202 596 2262; x_wconf 87' lang='lat' dir='ltr'><strong>tarditatis</strong></span> <span class='ocrx_word' id='word_1_198' title='bbox 640 2204 712 2264; x_wconf 88' lang='lat' dir='ltr'><strong>ad</strong></span> <span class='ocrx_word' id='word_1_199' title='bbox 758 2204 946 2264; x_wconf 89' lang='lat' dir='ltr'><strong>lucem</strong></span> <span class='ocrx_word' id='word_1_200' title='bbox 976 2206 1134 2279; x_wconf 88' lang='lat' dir='ltr'><strong>dies,</strong></span> <span class='ocrx_word' id='word_1_201' title='bbox 1182 2214 1240 2264; x_wconf 92' lang='lat' dir='ltr'><strong>et</strong></span> <span class='ocrx_word' id='word_1_202' title='bbox 1269 2205 1340 2264; x_wconf 84' lang='lat' dir='ltr'><strong>ab</strong></span> <span class='ocrx_word' id='word_1_203' title='bbox 1384 2223 1454 2264; x_wconf 87' lang='lat' dir='ltr'><strong>ea</strong></span> <span class='ocrx_word' id='word_1_204' title='bbox 1506 2223 1653 2283; x_wconf 89' lang='lat' dir='ltr'><strong>quae</strong></span> <span class='ocrx_word' id='word_1_205' title='bbox 1698 2204 1909 2263; x_wconf 80' lang='lat' dir='ltr'><strong>femina</strong></span> <span class='ocrx_word' id='word_1_206' title='bbox 1953 2206 2028 2263; x_wconf 87' lang='lat' dir='ltr'><strong>sit</strong></span> <span class='ocrx_word' id='word_1_207' title='bbox 2065 2224 2142 2265; x_wconf 83' lang='lat' dir='ltr'><strong>ex</strong></span> <span class='ocrx_word' id='word_1_208' title='bbox 2205 2240 2210 2245; x_wconf 89' lang='lat'><strong>·</strong></span> 
     </span>
     <span class='ocr_line' id='line_1_26' title="bbox 139 2287 2207 2365; baseline 0.005 -22"><span class='ocrx_word' id='word_1_209' title='bbox 139 2287 452 2362; x_wconf 82' lang='lat' dir='ltr'><strong>primipara</strong></span> <span class='ocrx_word' id='word_1_210' title='bbox 481 2290 680 2363; x_wconf 82' lang='lat' dir='ltr'><strong>genita</strong></span> <span class='ocrx_word' id='word_1_211' title='bbox 709 2287 940 2347; x_wconf 87' lang='lat' dir='ltr'><strong>Faunos</strong></span> <span class='ocrx_word' id='word_1_212' title='bbox 985 2290 1163 2348; x_wconf 90' lang='lat' dir='ltr'><strong>cerni.</strong></span> <span class='ocrx_word' id='word_1_213' title='bbox 1237 2298 1500 2365; x_wconf 88' lang='lat' dir='ltr'><strong>optumus</strong></span> <span class='ocrx_word' id='word_1_214' title='bbox 1540 2290 1595 2347; x_wconf 90' lang='lat' dir='ltr'><strong>in</strong></span> <span class='ocrx_word' id='word_1_215' title='bbox 1643 2288 1763 2346; x_wconf 85' lang='lat' dir='ltr'><strong>fetu</strong></span> <span class='ocrx_word' id='word_1_216' title='bbox 1799 2289 1896 2364; x_wconf 88' lang='lat' dir='ltr'><strong>qui</strong></span> <span class='ocrx_word' id='word_1_217' title='bbox 1944 2291 2139 2348; x_wconf 83' lang='lat' dir='ltr'><strong>novis·</strong></span> <span class='ocrx_word' id='word_1_218' title='bbox 2158 2314 2207 2352; x_wconf 77' lang='lat'><strong>2⁵</strong></span> 
     </span>
     <span class='ocr_line' id='line_1_27' title="bbox 143 2370 2096 2470; baseline 0.002 -44"><span class='ocrx_word' id='word_1_219' title='bbox 143 2370 286 2427; x_wconf 90' lang='lat' dir='ltr'><strong>sime</strong></span> <span class='ocrx_word' id='word_1_220' title='bbox 310 2387 559 2428; x_wconf 80' lang='lat' dir='ltr'><strong>cernere</strong></span> <span class='ocrx_word' id='word_1_221' title='bbox 592 2371 794 2448; x_wconf 86' lang='lat' dir='ltr'><strong>incipit</strong></span> <span class='ocrx_word' id='word_1_222' title='bbox 822 2381 917 2431; x_wconf 90' lang='lat' dir='ltr'><strong>aut</strong></span> <span class='ocrx_word' id='word_1_223' title='bbox 948 2390 1119 2470; x_wconf 77' lang='lat' dir='ltr'><strong>quem</strong></span> <span class='ocrx_word' id='word_1_224' title='bbox 1141 2374 1381 2448; x_wconf 83' lang='lat' dir='ltr'><strong>primum</strong></span> <span class='ocrx_word' id='word_1_225' title='bbox 1414 2374 1527 2431; x_wconf 82' lang='lat' dir='ltr'><strong>fert</strong></span> <span class='ocrx_word' id='word_1_226' title='bbox 1558 2372 1611 2429; x_wconf 90' lang='lat' dir='ltr'><strong>in</strong></span> <span class='ocrx_word' id='word_1_227' title='bbox 1645 2370 1837 2430; x_wconf 88' lang='lat' dir='ltr'><strong>cubile</strong></span> <span class='ocrx_word' id='word_1_228' title='bbox 1870 2371 2007 2430; x_wconf 86' lang='lat' dir='ltr'><strong>feta.</strong></span> <span class='ocrx_word' id='word_1_229' title='bbox 2093 2414 2096 2421; x_wconf 83' lang='lat'><em>-</em></span> 
     </span>
    </p>

    <p class='ocr_par' dir='ltr' id='par_1_6' title="bbox 58 2451 2141 2532">
     <span class='ocr_line' id='line_1_28' title="bbox 58 2451 2141 2532; baseline 0 -18"><span class='ocrx_word' id='word_1_230' title='bbox 58 2462 160 2515; x_wconf 81' lang='lat'><strong>152</strong></span> <span class='ocrx_word' id='word_1_231' title='bbox 304 2451 472 2528; x_wconf 86' lang='lat'>(63.)</span> <span class='ocrx_word' id='word_1_232' title='bbox 520 2452 735 2513; x_wconf 88' lang='lat' dir='ltr'><strong>Rabies</strong></span> <span class='ocrx_word' id='word_1_233' title='bbox 779 2473 977 2514; x_wconf 89' lang='lat' dir='ltr'><strong>canum</strong></span> <span class='ocrx_word' id='word_1_234' title='bbox 1022 2457 1160 2514; x_wconf 88' lang='lat' dir='ltr'><strong>sirio</strong></span> <span class='ocrx_word' id='word_1_235' title='bbox 1197 2455 1436 2514; x_wconf 84' lang='lat' dir='ltr'><strong>ardente</strong></span> <span class='ocrx_word' id='word_1_236' title='bbox 1475 2456 1685 2514; x_wconf 89' lang='lat' dir='ltr'><strong>homini</strong></span> <span class='ocrx_word' id='word_1_237' title='bbox 1722 2454 2028 2532; x_wconf 74' lang='lat' dir='ltr'><strong>pestifera,</strong></span> <span class='ocrx_word' id='word_1_238' title='bbox 2083 2464 2141 2514; x_wconf 89' lang='lat' dir='ltr'><strong>ut</strong></span> 
     </span>
    </p>

    <p class='ocr_par' dir='ltr' id='par_1_7' title="bbox 57 2535 2207 2866">
     <span class='ocr_line' id='line_1_29' title="bbox 57 2535 2141 2623; baseline 0.001 -29"><span class='ocrx_word' id='word_1_239' title='bbox 57 2534 548 2609; x_wconf 62' lang='lat' dir='ltr'><strong>,07d1x1musita</strong></span> <span class='ocrx_word' id='word_1_240' title='bbox 590 2539 799 2596; x_wconf 85' lang='lat' dir='ltr'><strong>morsis</strong></span> <span class='ocrx_word' id='word_1_241' title='bbox 845 2538 1003 2598; x_wconf 89' lang='lat' dir='ltr'><strong>letali</strong></span> <span class='ocrx_word' id='word_1_242' title='bbox 1049 2556 1233 2623; x_wconf 89' lang='lat' dir='ltr'><strong>aquae</strong></span> <span class='ocrx_word' id='word_1_243' title='bbox 1279 2549 1450 2598; x_wconf 88' lang='lat' dir='ltr'><strong>metu.</strong></span> <span class='ocrx_word' id='word_1_244' title='bbox 1513 2548 1869 2617; x_wconf 88' lang='lat' dir='ltr'><strong>quapropter</strong></span> <span class='ocrx_word' id='word_1_245' title='bbox 1910 2537 2141 2598; x_wconf 77' lang='lat' dir='ltr'><strong>obviam</strong></span> 
     </span>
     <span class='ocr_line' id='line_1_30' title="bbox 137 2615 2138 2698; baseline 0.002 -21"><span class='ocrx_word' id='word_1_246' title='bbox 137 2619 253 2677; x_wconf 90' lang='lat' dir='ltr'><strong>itur</strong></span> <span class='ocrx_word' id='word_1_247' title='bbox 283 2635 391 2695; x_wconf 89' lang='lat' dir='ltr'><strong>per</strong></span> <span class='ocrx_word' id='word_1_248' title='bbox 423 2632 571 2678; x_wconf 84' lang='lat' dir='ltr'><strong>xxx</strong></span> <span class='ocrx_word' id='word_1_249' title='bbox 607 2637 710 2679; x_wconf 89' lang='lat' dir='ltr'><strong>eos</strong></span> <span class='ocrx_word' id='word_1_250' title='bbox 748 2621 910 2695; x_wconf 87' lang='lat' dir='ltr'><strong>dies,</strong></span> <span class='ocrx_word' id='word_1_251' title='bbox 948 2615 1272 2698; x_wconf 86' lang='lat' dir='ltr'><strong>gallinaceo</strong></span> <span class='ocrx_word' id='word_1_252' title='bbox 1305 2640 1567 2683; x_wconf 84' lang='lat' dir='ltr'><strong>maxume</strong></span> <span class='ocrx_word' id='word_1_253' title='bbox 1604 2622 1736 2680; x_wconf 83' lang='lat' dir='ltr'><strong>limo</strong></span> <span class='ocrx_word' id='word_1_254' title='bbox 1776 2622 2014 2681; x_wconf 84' lang='lat' dir='ltr'><strong>inmixto</strong></span> <span class='ocrx_word' id='word_1_255' title='bbox 2044 2639 2138 2681; x_wconf 83' lang='lat' dir='ltr'><strong>ca·</strong></span> 
     </span>
     <span class='ocr_line' id='line_1_31' title="bbox 138 2701 2207 2781; baseline 0.002 -23"><span class='ocrx_word' id='word_1_256' title='bbox 138 2719 271 2763; x_wconf 87' lang='lat' dir='ltr'><strong>num</strong></span> <span class='ocrx_word' id='word_1_257' title='bbox 298 2701 443 2761; x_wconf 86' lang='lat' dir='ltr'><strong>cibis</strong></span> <span class='ocrx_word' id='word_1_258' title='bbox 472 2712 596 2777; x_wconf 88' lang='lat' dir='ltr'><strong>aut,</strong></span> <span class='ocrx_word' id='word_1_259' title='bbox 637 2705 686 2762; x_wconf 90' lang='lat' dir='ltr'><strong>si</strong></span> <span class='ocrx_word' id='word_1_260' title='bbox 719 2708 1087 2781; x_wconf 84' lang='lat' dir='ltr'><strong>praevenerit</strong></span> <span class='ocrx_word' id='word_1_261' title='bbox 1133 2704 1387 2780; x_wconf 88' lang='lat' dir='ltr'><strong>morbus,</strong></span> <span class='ocrx_word' id='word_1_262' title='bbox 1420 2714 1674 2765; x_wconf 80' lang='lat' dir='ltr'><strong>veratro·</strong></span> <span class='ocrx_word' id='word_1_263' title='bbox 1722 2705 1824 2763; x_wconf 89' lang='grc'><strong>41.</strong></span> <span class='ocrx_word' id='word_1_264' title='bbox 1874 2723 1909 2764; x_wconf 85' lang='lat' dir='ltr'><strong>a</strong></span> <span class='ocrx_word' id='word_1_265' title='bbox 1938 2722 2139 2765; x_wconf 84' lang='lat' dir='ltr'><strong>morsu</strong></span> <span class='ocrx_word' id='word_1_266' title='bbox 2158 2722 2207 2769; x_wconf 70' lang='lat' dir='ltr'><strong>aa</strong></span> 
     </span>
     <span class='ocr_line' id='line_1_32' title="bbox 138 2787 2139 2866; baseline 0.003 -24"><span class='ocrx_word' id='word_1_267' title='bbox 138 2802 281 2843; x_wconf 87' lang='lat' dir='ltr'><strong>vero</strong></span> <span class='ocrx_word' id='word_1_268' title='bbox 326 2787 554 2844; x_wconf 89' lang='lat' dir='ltr'><strong>unicum</strong></span> <span class='ocrx_word' id='word_1_269' title='bbox 591 2787 903 2846; x_wconf 88' lang='lat' dir='ltr'><strong>remedium</strong></span> <span class='ocrx_word' id='word_1_270' title='bbox 933 2789 1171 2849; x_wconf 90' lang='lat' dir='ltr'><strong>oraculo</strong></span> <span class='ocrx_word' id='word_1_271' title='bbox 1220 2790 1464 2865; x_wconf 91' lang='lat' dir='ltr'><strong>quodam</strong></span> <span class='ocrx_word' id='word_1_272' title='bbox 1506 2806 1691 2866; x_wconf 90' lang='lat' dir='ltr'><strong>nuper</strong></span> <span class='ocrx_word' id='word_1_273' title='bbox 1722 2796 2017 2865; x_wconf 87' lang='lat' dir='ltr'><strong>repertum</strong></span> <span class='ocrx_word' id='word_1_274' title='bbox 2043 2806 2139 2853; x_wconf 76' lang='lat' dir='ltr'><strong>ra-</strong></span> 
     </span>
    </p>

    <p class='ocr_par' dir='ltr' id='par_1_8' title="bbox 55 2867 2204 3281">
     <span class='ocr_line' id='line_1_33' title="bbox 55 2867 2141 2950; baseline 0.002 -24"><span class='ocrx_word' id='word_1_275' title='bbox 55 2876 157 2928; x_wconf 85' lang='lat'><strong>153</strong></span> <span class='ocrx_word' id='word_1_276' title='bbox 175 2867 272 2927; x_wconf 81' lang='lat' dir='ltr'><strong>dix</strong></span> <span class='ocrx_word' id='word_1_277' title='bbox 298 2868 588 2927; x_wconf 84' lang='lat' dir='ltr'><strong>silvestris</strong></span> <span class='ocrx_word' id='word_1_278' title='bbox 634 2886 806 2929; x_wconf 89' lang='lat' dir='ltr'><strong>rosae</strong></span> <span class='ocrx_word' id='word_1_279' title='bbox 839 2888 987 2947; x_wconf 86' lang='lat' dir='ltr'><strong>quae</strong></span> <span class='ocrx_word' id='word_1_280' title='bbox 1031 2872 1357 2945; x_wconf 76' lang='lat' dir='ltr'><strong>cynorroda</strong></span> <span class='ocrx_word' id='word_1_281' title='bbox 1399 2872 1746 2950; x_wconf 85' lang='lat' dir='ltr'><strong>appellatur.</strong></span> <span class='ocrx_word' id='word_1_282' title='bbox 1812 2869 2141 2931; x_wconf 84' lang='lat' dir='ltr'><strong>Columella</strong></span> 
     </span>
     <span class='ocr_line' id='line_1_34' title="bbox 137 2953 2143 3034; baseline 0.005 -25"><span class='ocrx_word' id='word_1_283' title='bbox 137 2961 338 3010; x_wconf 88' lang='lat' dir='ltr'><strong>auctor</strong></span> <span class='ocrx_word' id='word_1_284' title='bbox 383 2961 506 3026; x_wconf 87' lang='lat' dir='ltr'><strong>est,</strong></span> <span class='ocrx_word' id='word_1_285' title='bbox 558 2953 608 3010; x_wconf 90' lang='lat' dir='ltr'><strong>si</strong></span> <span class='ocrx_word' id='word_1_286' title='bbox 666 2955 1109 3030; x_wconf 86' lang='lat' dir='ltr'><strong>quadragesimo</strong></span> <span class='ocrx_word' id='word_1_287' title='bbox 1166 2955 1257 3015; x_wconf 90' lang='lat' dir='ltr'><strong>die</strong></span> <span class='ocrx_word' id='word_1_288' title='bbox 1301 2973 1466 3034; x_wconf 84' lang='lat' dir='ltr'><strong>quam</strong></span> <span class='ocrx_word' id='word_1_289' title='bbox 1507 2956 1581 3015; x_wconf 89' lang='lat' dir='ltr'><strong>sit</strong></span> <span class='ocrx_word' id='word_1_290' title='bbox 1643 2963 1807 3013; x_wconf 86' lang='lat' dir='ltr'><strong>natus</strong></span> <span class='ocrx_word' id='word_1_291' title='bbox 1851 2964 2143 3019; x_wconf 75' lang='lat' dir='ltr'><strong>castretur</strong></span> 
     </span>
     <span class='ocr_line' id='line_1_35' title="bbox 135 3035 2140 3115; baseline 0.003 -24"><span class='ocrx_word' id='word_1_292' title='bbox 135 3051 327 3093; x_wconf 89' lang='lat' dir='ltr'><strong>morsu</strong></span> <span class='ocrx_word' id='word_1_293' title='bbox 354 3035 533 3095; x_wconf 89' lang='lat' dir='ltr'><strong>cauda</strong></span> <span class='ocrx_word' id='word_1_294' title='bbox 558 3050 937 3115; x_wconf 87' lang='lat' dir='ltr'><strong>summusque</strong></span> <span class='ocrx_word' id='word_1_295' title='bbox 942 3039 1066 3097; x_wconf 86' lang='lat' dir='ltr'><strong>eius</strong></span> <span class='ocrx_word' id='word_1_296' title='bbox 1097 3039 1371 3099; x_wconf 85' lang='lat' dir='ltr'><strong>articulus</strong></span> <span class='ocrx_word' id='word_1_297' title='bbox 1403 3040 1717 3112; x_wconf 82' lang='lat' dir='ltr'><strong>auferatur,</strong></span> <span class='ocrx_word' id='word_1_298' title='bbox 1752 3038 1980 3115; x_wconf 78' lang='lat' dir='ltr'><strong>insequi</strong></span> <span class='ocrx_word' id='word_1_299' title='bbox 2006 3057 2140 3097; x_wconf 86' lang='lat' dir='ltr'><strong>uer-</strong></span> 
     </span>
     <span class='ocr_line' id='line_1_36' title="bbox 135 3121 2234 3195; baseline 0.003 -24"><span class='ocrx_word' id='word_1_300' title='bbox 135 3132 286 3172; x_wconf 85' lang='lat' dir='ltr'><strong>vom.</strong></span> <span class='ocrx_word' id='word_1_301' title='bbox 337 3128 633 3195; x_wconf 85' lang='lat' dir='ltr'><strong>exempto</strong></span> <span class='ocrx_word' id='word_1_302' title='bbox 638 3138 748 3178; x_wconf 88' lang='lat' dir='ltr'><strong>nec</strong></span> <span class='ocrx_word' id='word_1_303' title='bbox 785 3121 1023 3181; x_wconf 82' lang='lat' dir='ltr'><strong>caudam</strong></span> <span class='ocrx_word' id='word_1_304' title='bbox 1056 3141 1333 3182; x_wconf 85' lang='lat' dir='ltr'><strong>crescere</strong></span> <span class='ocrx_word' id='word_1_305' title='bbox 1363 3142 1474 3182; x_wconf 88' lang='lat' dir='ltr'><strong>nec</strong></span> <span class='ocrx_word' id='word_1_306' title='bbox 1506 3140 1684 3181; x_wconf 87' lang='lat' dir='ltr'><strong>canes</strong></span> <span class='ocrx_word' id='word_1_307' title='bbox 1718 3121 1953 3180; x_wconf 75' lang='lat' dir='ltr'><strong>rabidos</strong></span> <span class='ocrx_word' id='word_1_308' title='bbox 1986 3122 2136 3181; x_wconf 82' lang='lat' dir='ltr'><strong>lieri.</strong></span> <span class='ocrx_word' id='word_1_309' title='bbox 2157 3137 2234 3177; x_wconf 68' lang='lat' dir='ltr'><strong>ss·</strong></span> 
     </span>
     <span class='ocr_line' id='line_1_37' title="bbox 140 3193 2138 3281; baseline 0.007 -30"><span class='ocrx_word' id='word_1_310' title='bbox 140 3193 352 3254; x_wconf 88' lang='lat' dir='ltr'><strong>Canem</strong></span> <span class='ocrx_word' id='word_1_311' title='bbox 388 3198 683 3260; x_wconf 88' lang='lat' dir='ltr'><strong>locutum</strong></span> <span class='ocrx_word' id='word_1_312' title='bbox 666 3222 725 3267; x_wconf 80' lang='grc' dir='ltr'><strong>ιη</strong></span> <span class='ocrx_word' id='word_1_313' title='bbox 751 3204 1053 3280; x_wconf 88' lang='lat' dir='ltr'><strong>prodigiis,</strong></span> <span class='ocrx_word' id='word_1_314' title='bbox 1093 3206 1245 3280; x_wconf 84' lang='lat' dir='ltr'><strong>quod</strong></span> <span class='ocrx_word' id='word_1_315' title='bbox 1283 3206 1549 3281; x_wconf 88' lang='lat' dir='ltr'><strong>equidem</strong></span> <span class='ocrx_word' id='word_1_316' title='bbox 1590 3204 2006 3276; x_wconf 72' lang='lat' dir='ltr'><strong>adnotayerim,</strong></span> <span class='ocrx_word' id='word_1_317' title='bbox 2031 3222 2138 3264; x_wconf 82' lang='lat' dir='ltr'><strong>ac-</strong></span> 
     </span>
    </p>
   </div>
   <div class='ocr_carea' id='block_1_3' title="bbox 133 3279 2134 3433">
    <p class='ocr_par' dir='ltr' id='par_1_9' title="bbox 133 3279 2134 3433">
     <span class='ocr_line' id='line_1_38' title="bbox 138 3279 2134 3383; baseline 0.007 -50"><span class='ocrx_word' id='word_1_318' title='bbox 138 3279 394 3372; x_wconf 85' lang='lat' dir='ltr'><strong>cepimus</strong></span> <span class='ocrx_word' id='word_1_319' title='bbox 434 3290 493 3338; x_wconf 90' lang='lat' dir='ltr'><strong>et</strong></span> <span class='ocrx_word' id='word_1_320' title='bbox 509 3295 865 3383; x_wconf 84' lang='lat' dir='ltr'><strong>serpentem</strong></span> <span class='ocrx_word' id='word_1_321' title='bbox 905 3287 1181 3360; x_wconf 85' lang='lat' dir='ltr'><strong>latrasse,</strong></span> <span class='ocrx_word' id='word_1_322' title='bbox 1233 3306 1358 3346; x_wconf 90' lang='lat' dir='ltr'><strong>cum</strong></span> <span class='ocrx_word' id='word_1_323' title='bbox 1393 3289 1595 3366; x_wconf 83' lang='lat' dir='ltr'><strong>pulsus</strong></span> <span class='ocrx_word' id='word_1_324' title='bbox 1639 3296 1731 3347; x_wconf 87' lang='lat' dir='ltr'><strong>est</strong></span> <span class='ocrx_word' id='word_1_325' title='bbox 1764 3303 1948 3363; x_wconf 85' lang='lat' dir='ltr'><strong>regno</strong></span> <span class='ocrx_word' id='word_1_326' title='bbox 1987 3287 2134 3347; x_wconf 87' lang='lat' dir='ltr'><strong>Tar·</strong></span> 
     </span>
     <span class='ocr_line' id='line_1_39' title="bbox 133 3357 372 3433; baseline 0.009 -20"><span class='ocrx_word' id='word_1_327' title='bbox 133 3357 372 3433; x_wconf 90' lang='lat' dir='ltr'><strong>quinius.</strong></span> 
     </span>
    </p>
   </div>
  </div>
 </body>
</html>
