2320 3650
632 74 792 119 NAT.
824 72 1006 120 fflsr.
1038 72 1189 119 v111.
1229 66 1467 121 17—21.
1502 55 1796 141 (22-30.)
2127 57 2209 118 55

213 245 455 305 genera,
492 226 754 292 Bactriae
798 235 857 285 et
890 225 1176 300 Arabiae,
1231 224 1528 297 differunt,
1573 224 1728 302 quod
1770 224 1908 284 illae
1946 224 2082 283 bina
2114 223 2210 283 ha-

214 313 356 371 bent
382 311 584 370 tubera
615 312 671 369 in
700 311 909 386 dorso,
945 310 1054 370 hae
1085 310 1313 385 singula
1346 317 1405 367 et
1434 307 1538 366 sub
1573 316 1816 385 pectore
1846 309 2088 368 alterum
2123 308 2214 367 cui

213 394 556 455 incumbant.
618 395 868 454 dentium
902 394 1206 472 superiore
1239 392 1440 453 ordine
1460 402 1520 451 ut
1549 391 1736 450 boves
1761 401 1957 452 carent
1980 394 2033 450 in
2057 401 2211 451 utro-

208 478 342 558 ‘que'
359 497 598 556 genere.
656 495 854 538 omues
886 485 1075 537 autem
1105 475 1483 536 iumentorum
1514 477 1841 535 ministeriis
1873 476 2047 535 dorso
2089 477 2212 535 fuu-

157 586 184 625 5
210 572 423 640 guntur
453 573 626 642 atque
659 563 827 622 etiam
852 562 1109 640 equitatu
1132 562 1188 619 in
1218 560 1479 638 proeliis.
1515 560 1798 619 velocitas
1819 561 1966 619 inter
1997 576 2205 638 equos,
2229 565 2297 621 68

214 648 319 706 sed
380 665 483 706 sua
529 648 738 726 cuique
768 663 1049 704 mensura
1111 646 1277 703 sicuti
1318 645 1494 703 vires,
1569 661 1681 703 nec
1723 643 1873 703 ultra
1917 643 2215 702 adsuetum

102 774 107 778 <
211 731 485 809 procedit
516 733 779 809 spatium,
815 747 928 788 nec
957 728 1085 807 plus
1116 730 1375 788 instituto
1402 745 1581 787 onere
1617 728 1845 805 recipit.
1883 725 2094 792 Odium
2117 727 2213 786 ad-

210 833 421 873 versus
465 831 648 892 equos
691 821 901 891 gerunt
955 812 1233 871 naturale.
1300 813 1449 872 sitim
1492 820 1549 871 et
1591 811 1890 890 quatriduo
1936 810 2209 885 tolerant,

211 898 656 977 inplenturque,
692 916 817 976 cum
856 895 1089 955 bibendi
1126 898 1361 956 occasio
1399 904 1520 970 est,
1566 904 1626 953 et
1662 897 1719 954 in
1750 895 2122 973 praeteritum
2155 903 2216 952 et

137 984 272 1047 min
317 982 565 1042 futurum
596 980 914 1041 >obturbata
963 980 1403 1058 proculcatione
1446 980 1604 1057 prius
1651 996 1817 1057 aqua.
1880 979 2048 1038 aliter
2073 986 2217 1055 potu

139 1099 147 1106 ·
214 1084 332 1125 non
361 1066 632 1143 gaudent.
697 1065 912 1123 Vivont
951 1065 1367 1143 quinquagenis
1404 1064 1584 1138 annis,
1615 1063 1894 1142 quaedam
1930 1071 1987 1121 et
2019 1070 2214 1121 cente-

156 1145 161 1150 ‘
215 1152 338 1224 nis,¹
398 1159 704 1227 utcumque
764 1148 981 1207 rabiem
1021 1157 1079 1206 et
1134 1149 1298 1226 ipsae
1357 1148 1622 1206 sentiunt.
1687 1148 1973 1206 castrandi
2030 1162 2215 1222 genus

220 1236 388 1293 etiam
423 1233 666 1292 feminas
701 1250 850 1310 quae
880 1231 1041 1290 bello
1075 1240 1494 1310 praeparentur
1532 1231 1818 1290 inventum
1860 1240 1968 1289 est.
2014 1230 2213 1289 fortio-

218 1336 316 1377 res
348 1318 421 1376 ita
456 1317 593 1375 fiunt
626 1317 780 1375 coitu
813 1324 1045 1391 negato.

142 1419 192 1458 15
347 1400 513 1480 (27.)
560 1400 770 1459 Harum
812 1399 1003 1476 aliqua
1033 1397 1343 1457 similitudo
1380 1398 1437 1457 in
1481 1399 1593 1457 duo
1628 1398 1972 1458 transfertur
2003 1397 2210 1457 anima·
2230 1407 2299 1463 69

214 1487 310 1545 lia.
370 1484 559 1544 nabun
588 1483 915 1560 Aethiopes
946 1490 1155 1541 vocant
1191 1480 1347 1541 collo
1388 1481 1629 1541 similem
1661 1500 1834 1559 equ0,
1869 1481 2114 1559 pedibus
2159 1489 2217 1538 et

217 1567 478 1628 cruribus
514 1568 671 1641 bovi,
713 1567 935 1625 camelo
970 1567 1196 1643 capite,
1243 1565 1392 1624 albis
1422 1565 1661 1625 maculis
1692 1566 1918 1646 rutilum
1955 1565 2215 1623 colorem

206 1651 726 1727 distinguentibus,
790 1650 936 1709 unde
990 1649 1283 1727 appellata
1338 1634 1856 1727 camelopardaliS‚
1919 1649 2215 1717 dictatoris

216 1733 484 1794 Caesaris
534 1733 894 1794 circensibus
937 1734 1086 1793 ludis
1129 1735 1369 1811 primum
1410 1734 1535 1793 visa
1582 1733 1817 1793 Romae.
1851 1751 1927 1792 ex
1968 1750 2039 1791 eo
2083 1731 2213 1790 sub-

134 1838 191 1879 20
211 1820 346 1880 inde
371 1819 632 1880 cernitur
656 1818 935 1896 adspectu
969 1819 1153 1895 magis
1181 1836 1349 1916 quam
1379 1816 1610 1878 feritate
1644 1820 1978 1897 conspicua,
2035 1833 2214 1895 quare

213 1906 384 1964 etiam
420 1905 546 1962 ovis
579 1903 742 1962 ferae
788 1920 999 1962 nomen
1028 1904 1261 1961 invenit.

341 1987 437 2047 19.
473 1967 633 2059 (28.)
678 1980 917 2065 Pompei
941 1985 1134 2063 Magni
1172 1988 1410 2064 primum
1432 1985 1549 2045 ludi
1584 1954 1960 2045 ostenderunt
1991 1985 2211 2061 chama,
2232 1992 2302 2046 ‘lo

213 2090 388 2151 quem
424 2070 571 2131 Galli
598 2070 812 2129 rufium
841 2069 1150 2145 vocabant,
1184 2070 1380 2145 effigie
1418 2070 1569 2147 lupi,
1618 2070 1923 2147 pardorum
1951 2068 2215 2128 maculis.

213 2156 389 2216 iidem
432 2173 507 2214 ex
553 2153 867 2232 Aethiopia
897 2171 1040 2232 quas
1070 2162 1283 2212 vocant
1324 2153 1577 2230 cephu5‚
1613 2170 1848 2229 quarum
1882 2152 2065 2230 pedes
2110 2168 2215 2228 po-

134 2262 195 2303 25
216 2241 497 2300 steriores
525 2237 769 2316 pedibus
798 2238 1056 2298 humanis
1088 2246 1146 2296 et
1182 2237 1463 2310 cruribus,
1498 2236 1726 2313 priores
1760 2234 2019 2296 manibus
2052 2235 2219 2294 fuere

215 2323 453 2383 similes.
516 2321 632 2381 hoc
661 2320 866 2382 animal
898 2329 1107 2400 postea
1138 2320 1320 2379 Roma
1351 2336 1466 2377 non
1510 2319 1669 2379 vidit.

344 2406 444 2467 20.
495 2405 659 2484 (29.)
707 2404 918 2464 lisdem
953 2405 1101 2464 ludis
1133 2413 1194 2463 et
1227 2404 1570 2462 rhinoceros
1613 2406 1777 2463 unius
1817 2405 1874 2463 in
1915 2423 2053 2463 nare
2087 2420 2215 2463 cor·
2233 2413 2300 2466 71

213 2509 354 2565 nus,
402 2491 588 2569 qualis
617 2507 800 2566 saepe
841 2488 1018 2561 visus.
1081 2488 1231 2548 alter
1275 2487 1371 2546 hic
1410 2488 1637 2562 genitus
1679 2487 1864 2547 hostis
1904 2481 2216 2566 elephanto

216 2591 397 2634 cornu
442 2575 513 2633 ad
561 2591 701 2632 saxa
748 2574 941 2632 limato
986 2580 1298 2650 praeparat
1342 2589 1408 2629 se
1454 2587 1716 2647 pugnae
1766 2573 1822 2629 in
1851 2573 2220 2633 dimicatione

135 2676 196 2719 3ο
217 2658 408 2719 alvom
441 2674 706 2717 maxume
737 2665 1168 2734 petens‚,quam
1198 2655 1309 2714 scit
1343 2671 1477 2712 esse
1510 2655 1855 2715 molliorem.
1919 2656 2218 2731 longitudo

216 2760 345 2822 par,
378 2759 546 2802 crura
576 2742 753 2800 multo
789 2740 1081 2814 breviora,
1116 2738 1283 2799 color
1312 2734 1556 2797 buxeus.

345 2825 443 2884 21.
495 2826 661 2904 (30.)
707 2824 947 2899 Lyncas‘
974 2823 1155 2900 volgo
1204 2823 1525 2902 frequentis
1576 2833 1635 2882 et
1692 2823 2002 2902 sphingas,
2049 2823 2304 2885 fusco72

217 2910 360 2989 pilo,
398 2910 653 2969 mammis
686 2908 743 2966 in
776 2916 1019 2986 pectore
1050 2908 1328 2984 geminis,
1363 2905 1674 2986 Aethiopia
1704 2916 1984 2984 generat,
2016 2907 2218 2966 multa-

219 3012 331 3073 que
368 2994 478 3052 alia
512 2993 748 3051 monstri
777 2991 1001 3067 similia,
1036 2993 1302 3069 pinnatos
1345 3007 1531 3067 equos
1575 3000 1634 3050 et
1665 2991 1938 3051 cornibus
1970 2999 2219 3050 armatos

141 3097 197 3137 35
220 3095 368 3155 quos
399 3093 655 3155 pegasos
687 3085 928 3150 vocant,
968 3083 1263 3134 crocottas
1302 3073 1464 3133 velut
1506 3092 1582 3134 ex
1613 3093 1756 3134 cane
1792 3075 2048 3154 lupoque
2081 3092 2218 3134 con·

221 3170 477 3239 ceptoS‚
488 3162 674 3219 omnia
711 3159 976 3218 dentibus
1006 3159 1323 3235 frangentis
1354 3145 1735 3255 protinusque
1766 3160 2043 3220 devorata
2084 3177 2219 3218 con-

218 3245 466 3303 ficientis
507 3248 743 3317 ventre,
818 3243 1268 3321 cercopithecos
1311 3240 1492 3318 nigris
1545 3243 1860 3322 capitibuS‚
1912 3245 2033 3323 pilo
2078 3244 2221 3303 asini

219 3338 279 3389 et
319 3327 610 3389 dissimilis
642 3327 857 3387 ceteris
886 3343 1058 3403 voce,
1094 3325 1329 3393 Indicos
1369 3325 1557 3387 boves
1601 3328 1891 3389 unicornis
1925 3328 2221 3389 tricornis-
