2320 3650
170 75 287 137 192
849 86 909 134 c,
950 86 1144 134 Pmm
1188 84 1505 137 summm.

167 251 226 301 et
269 240 500 299 easdem
547 238 729 314 gignit
771 239 1065 298 animantis
1108 238 1424 317 iisdemque
1463 236 1822 314 temporibus
1869 238 2155 312 augescit.

76 374 83 383 .
169 325 345 383 oritur
376 324 523 381 inter
555 321 886 381 Tarraelios
916 320 1238 398 Aethiopas
1269 330 1326 380 et
1356 319 1681 380 Oecalicas.
1737 319 1950 380 Horum
1988 323 2158 399 oppi-

168 408 297 467 dum
337 405 586 482 Magium
635 405 860 481 quidam
909 403 1309 463 solitudinibus
1351 405 1845 482 interposuerunt,
1891 402 2159 464 Atlantas

166 492 322 549 iuxta
355 506 490 564 eos,
539 488 872 564 Aegipanas
904 486 1210 545 semiferos
1241 495 1299 546 et
1327 486 1650 561 Blemmyas
1682 495 1738 545 et
1771 485 2156 564 Gamphasan-

167 583 258 632 tas
302 581 359 631 et
404 573 647 646 Satyros
693 579 750 628 et
789 569 1258 647 Himantopodas.
1345 569 1608 629 Atlantes
1654 570 1983 646 degeneres
2023 579 2207 631 sunt⁵

83 665 150 718 45
167 656 389 716 humani
420 657 591 729 rituS,
641 654 688 711 si
721 654 1024 713 credimus.
1082 670 1211 712 uam
1249 670 1437 731 neque
1470 654 1751 711 nominum
1779 653 2023 712 ullorum
2054 671 2155 731 ap-

169 740 405 819 pellatio
437 747 556 812 est,
602 745 659 796 et
691 736 874 795 solem
915 736 1197 794 orientem
1224 735 1699 814 occidentemque
1741 736 1862 796 dira
1895 738 2156 814 inpreca·.

164 825 323 884 tione
348 829 685 881 contuentur
717 828 777 877 ut
809 819 1097 878 exitialem
1128 819 1271 896 ipsis
1303 820 1603 896 agrisque,
1649 836 1838 896 neque
1868 821 1925 879 in
1954 836 2155 878 somno

165 908 353 965 visunt
385 903 574 982 qualia
603 903 812 981 reliqui
839 902 1131 961 mortales.
1202 901 1573 977 Trogodytae
1608 920 1822 980 specus
1852 909 2152 963 excavant.

165 990 275 1049 hae
313 988 426 1046 illis
459 986 693 1060 domus,
746 987 928 1044 victus
958 986 1308 1063 serpentium
1351 1003 1586 1062 carues,
1634 985 1993 1064 stridorque,
2039 1003 2228 1048 nonio

166 1089 302 1130 vox.
378 1070 525 1128 adeo
571 1069 851 1128 sermonis
894 1070 1225 1128 conmercio
1266 1078 1482 1128 carent.
1563 1069 1934 1130 Garamantes
1965 1070 2152 1131 matri·
2190 1132 2206 1136 ,

167 1154 483 1213 moniorum
515 1160 782 1211 exsortes
816 1154 1029 1229 passim
1061 1170 1189 1210 cum
1229 1151 1453 1211 feminis
1484 1153 1718 1229 degunt.
1796 1153 2041 1229 Augilae
2072 1153 2153 1210 in·

168 1238 330 1297 feros
373 1245 583 1303 tantum
619 1236 833 1294 colunt.
906 1234 1357 1312 Gamphasantes
1392 1236 1525 1297 nudi
1556 1236 2022 1314 proeliorumque
2054 1252 2153 1294 ex-

84 1333 154 1387 46
170 1329 368 1400 pertes
415 1319 552 1378 nulli
596 1328 841 1378 externo
881 1326 1326 1395 congregantur.
1394 1318 1703 1394 Blemmyis
1732 1320 2026 1380 traduntur
2060 1335 2153 1378 ca-

170 1405 286 1483 pita
336 1402 546 1461 abesse
597 1419 701 1461 ore
746 1411 804 1461 et
849 1402 1034 1460 oculis
1077 1402 1304 1479 pectori
1345 1402 1568 1463 adfixis.
1655 1401 1877 1476 Satyris
1919 1410 2225 1480 praetera

168 1489 407 1564 figuram
441 1485 576 1544 nihil
608 1485 783 1544 moris
813 1483 1056 1544 humani.
1132 1484 1494 1563 Aegipanum
1538 1486 1723 1564 qualis
1753 1486 1932 1562 volgo
1972 1487 2153 1564 pingi-

118 1607 125 1612 ·
167 1580 256 1630 tur
291 1570 492 1628 forma.
557 1567 1008 1644 Himantopodes
1042 1567 1340 1644 loripedes
1372 1569 1599 1647 quidam
1634 1568 1841 1648 quibus
1865 1568 2152 1646 serpendo

168 1653 390 1730 ingredi
422 1661 618 1711 natura
651 1652 739 1710 sit.
800 1650 1079 1725 Pharusii,
1114 1651 1399 1726 quondam
1429 1652 1667 1727 Persae,
1702 1653 1942 1711 comites
1974 1652 2152 1710 fuisse

169 1737 427 1796 dicuntur
462 1733 729 1793 Herculis
772 1733 843 1793 ad
876 1732 1233 1811 Hesperidas
1280 1736 1583 1796 tendentis.
1668 1734 1797 1795 Nec
1843 1735 1915 1796 de
1956 1734 2155 1797 Africa

168 1819 334 1899 plura
366 1836 514 1896 quae
544 1825 931 1876 memorentur
967 1827 1295 1877 occurrunt.
2169 1832 2238 1874 20·

84 1908 151 1964 47
291 1902 349 1962 9.
391 1901 515 1999 (9.)
551 1900 844 1961 Adhaeret
874 1900 1035 1975 Asia,
1070 1919 1237 1978 quam
1267 1911 1467 1980 patere
1500 1920 1532 1964 a
1567 1855 1861 1963 Canobico
1893 1902 2045 1963 ostio
2082 1901 2154 1961 ad

168 1985 331 2046 Ponti
361 1985 563 2043 ostium
596 1982 999 2044 Timosthenes
1031 2004 1219 2053 xxvi.
1260 1985 1506 2046 XXXIX
1535 1985 1607 2045 .M
1644 2004 1913 2063 passuum
1962 1985 2153 2059 tradit,

169 2070 241 2128 ab
279 2086 382 2127 ore
415 2071 601 2126 autem
639 2066 802 2125 Ponti
833 2067 904 2126 ad
941 2085 1006 2127 os
1041 2069 1285 2130 Maeotis
1322 2067 1738 2129 Eratosthenes
1772 2087 1891 2141 XV.
1921 2068 2070 2128 XLV
2098 2029 2156 2127 M

168 2169 358 2230 pass,
401 2151 725 2210 universam
753 2168 896 2209 vero
930 2149 1055 2211 cum'
1088 2154 1362 2231 Aegypto
1390 2152 1460 2212 ad
1496 2152 1727 2213 Tanaim
1754 2152 2154 2214 Artemidorus

173 2236 257 2313 [et
297 2233 576 2312 Isidorus]
620 2252 797 2305 LXIII,
846 2233 1051 2295 LXXV
1081 2236 1139 2296 M
1171 2255 1327 2315 pass,
1371 2234 1550 2295 Maria
1597 2237 1719 2295 eius
1762 2237 2038 2314 conplura
2081 2233 2224 2293 ah2⁵

86 2337 155 2390 48
173 2318 393 2377 adcolis
424 2326 655 2378 traxere
687 2320 944 2394 nomina,
996 2338 1174 2398 quare
1206 2319 1370 2379 simul
1401 2318 1812 2378 indicabuntur.
1874 2319 2156 2378 Proxuma

170 2400 406 2460 Africae
436 2401 701 2461 incolitur
730 2403 1065 2480 Aegyptus,
1107 2404 1386 2463 introrsus
1420 2401 1493 2461 ad
1522 2403 1819 2463 meridiem
1847 2401 2153 2473 recedens,

172 2485 358 2544 donec
411 2501 442 2541 a
498 2493 665 2561 tergo
720 2486 1167 2563 praetendantur
1213 2486 1555 2561 Aethiopes.
1646 2484 1983 2546 Inferiorem
2033 2484 2156 2542 eius

172 2575 391 2645 partem
424 2564 585 2625 Nilus
616 2569 855 2628 dextera
887 2568 1170 2647 laevaque
1205 2570 1420 2629 divisus
1453 2568 1719 2645 amplexu
1755 2586 1868 2629 suo*
1891 2566 2155 2628 determi-

170 2659 300 2725 nat,
343 2647 635 2709 Canobico
670 2652 819 2710 ostio
853 2651 924 2710 ah
953 2651 1184 2727 Africa,
1224 2652 1295 2711 ab
1334 2651 1474 2722 Asia
1505 2650 1828 2726 Pelusiaco,
1868 2648 2066 2732 CLXX
2093 2647 2226 2707 Mac

171 2751 439 2812 passuum
483 2733 811 2793 intervallo.
886 2733 1066 2806 Quam
1110 2736 1186 2795 ob
1230 2752 1457 2800 causam
1499 2736 1647 2793 iuter
1685 2735 1899 2794 insulas
1931 2733 2155 2811 quidam
2203 2799 2204 2802 Ἴ

170 2817 499 2893 Aegyptum
523 2817 819 2891 retulere,
855 2817 931 2875 ita
962 2835 1026 2876 se
1059 2818 1310 2878 findente
1339 2816 1471 2876 Nilo
1507 2826 1566 2876 ut
1596 2818 1931 2895 triquetram
1959 2822 2153 2875 terrae

170 2901 409 2976 figuram
451 2899 684 2958 efficiat.
758 2899 1011 2976 ideoque
1068 2901 1226 2960 multi
1272 2900 1530 2960 Graecae
1584 2900 1810 2960 litterae
1865 2897 2153 2959 vocabulo

169 2982 342 3041 Delta
374 2982 751 3059 appellavere
781 2982 1132 3059 Aegyptum.
1194 2982 1462 3042 Mensura
1497 2982 1568 3041 ab
1600 2984 1811 3043 unitate
1844 2982 2017 3055 alvei,
2054 3000 2154 3040 un-

158 3064 244 3123 'de
281 3082 346 3123 se
379 3066 618 3141 primum
647 3065 825 3124 fundit
856 3067 911 3123 in
950 3064 1128 3125 latera
1146 3107 1176 3141 ‚.
1214 3066 1285 3125 ad
1317 3063 1666 3125 Canobicum
1695 3067 1899 3126 ostium
1928 3062 2158 3123 CXLVI
2176 3073 2229 3116 8⁵

171 3145 248 3220 M,
295 3146 366 3205 ad
413 3147 770 3207 Pelusiacum
815 3146 1040 3207 CLXVI
1082 3147 1139 3207 M
1182 3157 1288 3207 est.
1374 3165 1587 3207 summa
1631 3166 1766 3226 pars
1804 3147 2157 3222 contermina

88 3233 155 3286 49
174 3227 517 3307 Aethiopiae
548 3229 801 3290 Thebais
835 3239 1092 3290 vocatur.
1166 3231 1447 3290 Dividitur
1475 3233 1532 3290 iu
1562 3231 1960 3308 praefecturas
1990 3230 2156 3307 oppi-

175 3310 372 3369 dorum
415 3329 557 3389 quas
596 3329 798 3372 nomos
841 3322 1080 3373 vocant:
1120 3311 1441 3388 ΔΟιῐὼίῑθῐι,
1491 3313 1967 3392 Apollopoliten,
2012 3310 2157 3371 Her-
