2320 3650
541 111 699 157 NAT.
736 109 917 157 msr.
950 110 1024 157 11.
1060 104 1298 160 73—79.
1336 94 1633 179 (vx—81.)
1708 107 1718 115 ·
2029 97 2145 157 107

133 264 339 327 Umbri
373 284 407 325 a
439 264 681 324 meridie
715 263 771 321 in
811 263 1141 342 meridiem,
1185 250 1395 338 volgus
1436 279 1603 322 omne
1645 281 1679 325 a
1709 264 1842 323 luce
1876 262 1947 322 ad
1983 274 2143 323 tene-

135 350 308 423 braS,
363 347 712 407 sacerdotes
744 345 985 406 Romani
1028 355 1086 406 et
1129 342 1227 424 qui
1271 347 1422 407 diem
1467 347 1669 406 finiere
1703 346 1962 421 civilem,
2010 348 2145 406 item

137 432 423 511 Aegyptii
449 440 510 490 et
532 429 920 508 Hipparchus,
952 447 984 488 a
1009 430 1197 489 media
1221 438 1393 489 nocte
1417 430 1474 488 in
1496 430 1757 490 mediam.
1804 428 2023 490 Minora
2048 447 2144 489 au·

136 525 254 575 tem
282 514 599 574 intervalla
632 531 767 572 esse
799 513 946 572 lucis
974 514 1123 572 inter
1152 522 1312 572 ortus
1344 513 1488 572 solis
1519 515 1673 574 iuxta
1704 514 1948 573 solstitia
1979 532 2146 591 quam

96 598 514 696 saequiwctia
556 597 833 673 adparet,
891 598 1021 675 quia
1068 598 1279 674 positio
1331 597 1593 673 signiferi
1628 598 1785 657 circa
1826 596 2015 656 media
2061 598 2146 656 sui

138 680 440 760 obliquior
468 689 592 756 est,
625 680 779 739 iuxta
815 679 1117 740 solstitium
1146 688 1337 743 autem
1367 682 1602 740 rectior.

260 765 366 827 78.
408 762 589 845 (80.)
625 761 1001 825 Contexenda
1043 772 1171 823 sunt
1201 763 1288 823 his
1323 763 1676 824 caelestibus
1709 770 1858 824 nexa
1888 763 2102 822 causis.
2131 770 2231 825 189

134 850 420 927 Namque,
439 855 499 906 et
528 845 852 925 Aethiopas
878 846 1051 906 vicini
1081 847 1290 907 sideris
1319 864 1538 925 vapore
1574 847 1785 907 torreri
1814 847 2146 925 adustisque

137 933 344 993 similis
374 931 536 1007 gigni
567 928 748 989 barba
778 938 837 989 et
867 930 1080 1007 capillo
1112 930 1338 990 vibrato
1370 948 1484 990 non
1520 940 1617 991 est
1651 930 1911 1005 dubium,
1959 939 2018 989 et
2049 930 2146 989 ad·

74 1025 315 1079 inversa
365 1015 541 1093 plaga
593 1012 783 1073 muudi
830 1013 1071 1073 candida
1109 1022 1282 1092 atque
1325 1014 1560 1091 glaciali
1604 1024 1735 1075 cute
1779 1032 1914 1074 esse
1957 1014 2148 1090 gentis

137 1100 307 1160 flavis
357 1098 677 1175 promissas
724 1096 1009 1173 crinibus,
1056 1098 1236 1159 trucis
1279 1115 1425 1158 vero
1468 1116 1544 1158 ex
1587 1098 1736 1159 caeli
1776 1098 1974 1175 rigore
2021 1098 2146 1173 has,

135 1184 272 1243 illas
306 1180 643 1241 mobilitate·
676 1179 953 1256 hebetes,
999 1181 1250 1260 ipsoque
1288 1198 1513 1242 crurum
1553 1191 1890 1257 argumento
1936 1177 2051 1243 illis
2092 1182 2150 1240 in

140 1266 361 1344 supera
391 1282 593 1324 sucum
622 1264 906 1323 revocari.
930 1272 1128 1325 natura
1158 1265 1427 1342 vaporis,
1477 1267 1565 1325 his
1612 1269 1668 1327 in
1709 1269 1924 1326 inferas
1968 1266 2148 1343 partis

141 1349 370 1428 depelli
400 1365 604 1407 umore
643 1346 909 1406 deciduo.
966 1346 1061 1406 hic
1089 1348 1286 1424 gravis
1316 1348 1505 1424 ferae,
1541 1347 1666 1412 fluo
1698 1350 1886 1410 varias
1919 1347 2151 1425 effigies

77 1452 126 1493 15
143 1432 473 1494 animalium
496 1431 829 1509 provenire,
865 1439 923 1490 et
942 1449 1206 1491 maxume
1231 1431 1421 1491 alitum
1449 1436 1501 1490 in
1527 1434 1730 1494 multas
1756 1429 1968 1508 figuras
1991 1431 2152 1509 gigni

140 1517 441 1577 volucres.
470 1529 780 1592 corporum
803 1522 991 1574 autem
1008 1515 1419 1593 proceritatem
1443 1518 1768 1594 utrobique,
1795 1515 1915 1575 illic
1939 1516 2151 1592 ignium

140 1602 307 1673 nisu,
342 1600 437 1659 hic
468 1598 683 1657 umoris
714 1597 1004 1657 alimento.
1046 1598 1240 1658 medio
1263 1616 1407 1659 vero
1438 1608 1631 1660 terrae
1657 1598 1874 1660 salubri
1918 1598 2107 1659 utrim-
2131 1605 2236 1661 190

144 1702 260 1763 que
290 1683 537 1742 mixtura
571 1681 781 1741 fertilis
826 1682 897 1741 ad
928 1683 1113 1743 omnia
1155 1690 1375 1742 tractus
1418 1682 1681 1743 modicos
1714 1700 2020 1761 corporum
2051 1682 2149 1742 ha-

143 1766 299 1828 bitus
330 1783 537 1844 magna
567 1774 625 1825 et
654 1766 713 1824 in
742 1764 943 1825 colore
976 1766 1282 1845 temperie,
1315 1767 1456 1827 ritus
1484 1766 1716 1844 molles,
1754 1784 1959 1827 sensus
1984 1766 2149 1847 liqui-

75 1851 278 1928 πρᾶος,
313 1851 546 1927 ingenia
576 1849 823 1909 fecunda
853 1850 1143 1929 totiusque
1175 1859 1412 1911 naturae
1445 1851 1704 1930 capacia,
1738 1851 1941 1912 iisdem
1972 1853 2150 1930 impe-

142 1938 264 2010 ria,
314 1951 466 2012 quae
506 1951 809 2012 numquam
858 1935 1085 1994 extimis
1125 1933 1399 2010 gentihus
1433 1935 1676 2011 fuerint,
1723 1937 1872 1995 sicut
1908 1954 1983 1995 ne
2014 1936 2151 1995 illae

146 2019 383 2097 quidem
414 2017 504 2076 his
536 2016 830 2097 paruerint
858 2016 1095 2078 avolsae
1143 2036 1214 2078 ac
1244 2034 1350 2096 pro
1384 2020 1596 2079 unitate
1640 2028 1877 2080 naturae
1908 2037 2150 2097 urguen-

144 2102 219 2161 tis
248 2101 385 2161 illas
417 2100 732 2160 solitariae.
801 2129 807 2134 ·
2067 2143 2086 2166 „X

275 2184 379 2245 79.
416 2181 581 2262 (81.)
615 2182 1063 2258 Babyloniorum
1106 2184 1318 2262 placita
1350 2193 1409 2244 et
1449 2193 1869 2246 motus.terrae
1901 2184 2111 2245 hiatus·
2133 2194 2235 2250 191

76 2295 128 2335 25
150 2286 266 2348 que
301 2275 362 2326 et
392 2277 590 2327 cetera
623 2269 809 2328 omnia
839 2268 1090 2328 siderum
1119 2269 1179 2327 vi
1215 2270 1556 2330 existumant
1586 2269 1744 2344 fleri,
1790 2269 1894 2328 sed
1926 2269 2153 2328 illorum

145 2353 318 2412 trium
364 2347 847 2430 quibus‘fulmiua
891 2352 1228 2429 adsignant,
1280 2353 1405 2413 fieri
1441 2361 1629 2413 autem
1676 2354 1981 2413 meantium
2027 2371 2154 2412 cum
2222 2350 2228 2354 “

147 2435 278 2496 sole
303 2444 401 2495 aut
428 2436 865 2511 congruentium
890 2444 946 2495 et
969 2454 1232 2496 maxume
1261 2436 1416 2495 circa
1442 2436 1717 2514 quadrata
1740 2438 1950 2497 mundi.
1981 2435 2152 2495 Prae-

148 2519 309 2578 clara
340 2518 624 2597 quaedam
656 2527 714 2577 et
744 2519 1056 2579 inmortalis
1086 2520 1142 2578 in
1175 2536 1270 2594 e0,
1304 2521 1352 2578 si
1385 2519 1693 2595 credimus,
1727 2521 1989 2581 divinitas
2021 2537 2153 2598 per-

147 2601 381 2663 hibetur
409 2601 837 2662 Anaximandro
868 2601 1097 2663 Milesio
1131 2602 1398 2681 physion,
1434 2621 1603 2680 quem
1637 2603 1828 2663 ferunt
1862 2603 2153 2663 Lacedae-

84 2685 357 2748 somoniis
380 2685 747 2763 praedixisse
772 2694 833 2746 ut
856 2685 1057 2745 urbem
1082 2704 1151 2745 ac
1174 2696 1328 2747 tecta
1350 2687 1725 2762 custodirent,
1759 2688 1974 2746 instare
2006 2686 2157 2744 enim

148 2780 361 2829 motum
393 2778 611 2844 terrae,
650 2777 842 2828 et‘tum
871 2769 1008 2829 urbs
1036 2778 1154 2829 tota
1183 2787 1382 2829 eorum
1407 2772 1629 2829 conruit
1654 2779 1711 2829 et
1731 2770 1975 2846 Taygeti
1998 2785 2155 2827 mon-

148 2854 221 2912 tis
261 2870 468 2929 magna
512 2870 648 2929 pars
690 2852 763 2912 ad
803 2853 1313 2932 formamsppuppis'
1346 2855 1603 2913 eminens
1651 2852 1893 2931 abrupta
1931 2852 2156 2912 cladem

152 2954 282 2996 eam
321 2936 563 3012 iusuper
598 2936 755 2995 ruina
798 2937 1032 3013 pressit.
1094 2936 1438 2997 Perhibetur
1487 2946 1545 2996 et
1582 2935 1905 3010 Pherecydi
1949 2934 2155 3010 Pytha-

149 3037 333 3097 gorae
359 3018 590 3079 doctori
610 3018 721 3079 alia
745 3021 1114 3094 coniectatio,
1154 3020 1260 3080 sed
1285 3029 1342 3079 et
1368 3020 1465 3080 illa
1491 3020 1700 3093 divina,
1733 3016 1938 3078 haustu
1969 3036 2154 3097 aquae

82 3120 185 3162 sse
218 3111 397 3181 puteo
417 3102 835 3180 praesensisse
868 3121 938 3162 ac
968 3104 1333 3181 praedixisse
1362 3111 1554 3162 terrae
1584 3111 1815 3161 motum.
1871 3100 2034 3174 Quae
2063 3104 2112 3161 si
2138 3110 2240 3166 192

147 3204 292 3246 vera
325 3194 478 3260 sunt,
514 3193 779 3263 quantum
810 3204 842 3246 a
876 3187 988 3246 deo
1023 3186 1253 3247 tandem
1281 3186 1467 3246 videri
1505 3195 1745 3264 possunt
1767 3186 1915 3245 tales
1941 3185 2156 3245 distare

150 3268 281 3328 dum
310 3265 547 3328 vivant?
605 3267 679 3329 Et
719 3268 867 3329 haec
896 3269 1128 3348 quidem
1162 3269 1400 3329 arbitrio
1451 3269 1727 3347 cuiusque
1765 3269 2156 3330 existumanda

147 3351 561 3432 relinquantur.
611 3361 822 3433 ventos
850 3354 909 3413 in
940 3371 1124 3414 causa
1152 3370 1288 3413 esse
1319 3368 1434 3412 non
1473 3350 1704 3413 dubium
1745 3369 1901 3413 reor.
1965 3366 2154 3428 neque

2202 3542 2246 3580 Α
2310 3514 2311 3517 ,
