2320 3650
181 63 298 123 114
437 47 445 56 ⁸
861 72 921 120 ο.
965 72 1156 120 rum
1202 71 1507 120 succum

173 232 423 292 trahunt.
486 231 636 291 hunc
666 227 979 303 dimicans,
1010 234 1072 285 ιιι
1098 227 1174 285 sit
1202 227 1449 304 periculi
1480 228 1742 304 signum,
1786 229 1964 289 laeva
1996 229 2198 307 quatit,

180 314 421 375 dextera
443 312 815 394 adprehenso
835 312 1010 370 stilo
994 328 1050 368 ιιι
1078 327 1287 409 pugna·
1297 319 1407 370 est.
1439 311 1701 371 modicus
1723 313 1877 373 alias
1898 322 2198 372 tractatus.

95 407 198 462 153
212 409 274 459 ut
306 416 495 478 prope
525 399 775 459 carinam
807 404 1041 455 ventum
1076 404 1201 470 est,
1231 394 1341 454 nisi
1372 389 1753 494 praeceleri
1737 399 1797 456 vi
1828 407 2084 476 repente
2116 415 2200 456 ra-

176 484 368 561 piunt,
414 482 639 544 absumi
680 488 965 559 spectant.
1027 495 1100 537 ac
1150 496 1334 557 saepe
1387 481 1498 538 iam
1543 480 1816 541 subducti
1862 500 1900 541 e
1938 481 2202 541 manibus

178 567 547 642 auferuntur,
591 567 641 626 si
681 581 797 624 non
836 563 1184 639 trahentium
1224 580 1398 640 opem
1433 563 1795 641 conglobato
1842 583 2104 644 corpore
2150 566 2240 623 ins

180 651 336 730 pilae
364 652 595 712 modum
631 650 743 727 ipsi
777 648 1074 708 adiuvere.
1138 645 1489 725 protendunt
1518 649 1751 727 quidem
1782 651 2059 710 tridentis
2085 649 2200 722 alii,

177 736 285 796 scd
316 746 576 796 monstro
621 732 883 793 sollertia
915 741 1008 791 est
1036 732 1327 809 navigium
1356 731 1644 792 subeundi
1687 742 1868 812 atque
1902 736 1983 794 ita
2018 753 2055 792 e
2081 743 2202 793 tuto

177 820 520 899 proeliandi.
582 818 766 878 omnis
801 833 948 894 crgo
982 833 1119 876 cura
1160 815 1233 875 ad
1262 816 1682 904 speculandum
1725 818 1843 877 hoc
1874 818 2090 878 malum
2126 819 2200 876 ’m-

177 906 435 964 sumitur.
522 906 624 964 47.
674 901 998 961 certissima
1041 909 1135 959 est
1177 901 1487 960 securitas
1505 900 1723 960 vidisse
1769 902 1983 982 planos
2027 904 2201 980 piscis

177 990 275 1066 qui
306 1005 610 1066 numquam
650 995 783 1045 sunt
826 984 923 1044 ubi
950 984 1268 1043 maleficae
1302 983 1564 1060 bestiae,
1610 1003 1724 1062 qua
1764 987 1842 1046 de
1875 1004 2058 1046 causa
2094 988 2248 1045 uri-10

174 1081 381 1132 nantes
411 1088 621 1148 sacros
653 1070 956 1147 appellant
988 1085 1115 1128 eos.

94 1163 201 1219 154
312 1157 482 1234 (71.)
541 1154 758 1215 Silicea
800 1162 956 1214 testa
999 1153 1239 1213 inclusis
1292 1119 1590 1212 fatendum
1646 1162 1740 1212 est
1788 1155 2017 1213 unllam
2068 1172 2199 1213 esse

178 1247 433 1315 sensum,
467 1249 527 1299 ut
558 1240 795 1299 ostreis.
863 1237 1055 1296 multis
1094 1237 1299 1297 eadem
1330 1247 1532 1296 natura
1568 1253 1721 1316 quae
1751 1237 1976 1314 frutici,
2013 1248 2076 1298 ιιι
2100 1238 2196 1297 ho·

177 1323 472 1400 lothuriis,
513 1321 912 1402 pulmonibus,
946 1321 1153 1381 stellis.
1214 1321 1493 1398 adeoque
1526 1321 1666 1380 nihil
1709 1339 1828 1381 non
1859 1324 2122 1399 gignitur
2148 1324 2198 1380 in

176 1410 319 1468 mari
371 1418 434 1468 ut
477 1415 870 1487 cauponarum
916 1407 1088 1466 etiam
1136 1407 1361 1466 aestiva
1397 1405 1664 1465 animalia
1693 1408 1921 1484 pernici
1954 1407 2196 1466 molesta
2212 1425 2248 1464 ιι

176 1492 326 1553 saltu
361 1502 457 1552 aut
485 1510 636 1570 quae
672 1490 920 1569 capillus
948 1505 1215 1550 maxume
1253 1490 1408 1549 celat
1438 1491 1721 1549 exsistant
1752 1500 1814 1550 et
1850 1491 2194 1567 circumglo-

175 1575 311 1636 bata
354 1594 532 1637 escae
571 1593 754 1654 saepe
797 1574 1203 1648 extrahantur,
1243 1591 1393 1652 quae
1435 1590 1613 1634 causa
1656 1591 1923 1634 somnum
1956 1577 2195 1653 piscium
2268 1575 2270 1584 ’

178 1660 236 1719 in
262 1662 405 1720 mari
436 1660 705 1721 noctibus
737 1659 1018 1719 infestare
1049 1659 1447 1718 existumatur.
1512 1657 1856 1736 quibusdam
1883 1677 2036 1719 ¹vero
2062 1661 2194 1738 ipsis

177 1744 580 1816 innascuntur,
614 1760 731 1822 qno
762 1744 822 1802 in
850 1739 1091 1803 numero
1123 1742 1345 1822 chalcis
1379 1743 1682 1820 accipitur.
2268 1691 2269 1776 1

97 1838 198 1891 155
320 1825 420 1888 48.
467 1828 639 1906 (72.)
696 1827 825 1888 Nec
866 1846 1094 1888 venena
1127 1837 1363 1887 cessant
1401 1825 1558 1901 dira,
1589 1836 1651 1886 ιιι
1680 1828 1740 1886 iu
1770 1829 1985 1906 lepore
2020 1831 2113 1907 qui
2140 1830 2245 1888 ins

178 1911 384 1973 Iudico
426 1914 568 1972 mari
601 1915 775 1972 etiam
806 1921 963 1972 tactu
999 1912 1287 1990 pestilens
1315 1913 1593 1971 vomitum
1633 1911 2191 1992 dissolutionemque
2266 1950 2267 1961 ι

178 1996 463 2056 stomachi
491 1997 754 2076 protinus
787 2005 989 2070 creat,
1027 1998 1084 2055 in
1119 2005 1327 2056 ¹nostro
1374 1996 1493 2056 offa
1539 1995 1803 2057 informis
1816 1997 2050 2057 *colore
2080 2007 2190 2056 tan·

177 2089 296 2141 tum
326 2080 517 2159 lepori
559 2080 799 2156 similis,
841 2083 899 2140 in
945 2079 1105 2141 ludis
1148 2089 1209 2140 et
1239 2080 1629 2158 magnitudine
1666 2089 1728 2140 et
1765 2080 1926 2159 pilo,
1968 2082 2190 2141 duriore
2266 2066 2267 2129 Ὗ

177 2174 407 2225 tantum.
471 2183 584 2225 nec
612 2167 779 2224 vivos
814 2164 894 2224 ibi
926 2166 1170 2244 capitur.
1224 2164 1435 2243 Aeque
1461 2164 1802 2242 pestiferum
1835 2166 2050 2225 animal
2077 2182 2189 2224 ara·
2266 2140 2267 2185 ¹

177 2264 323 2309 neus
353 2251 556 2328 spinae
587 2251 646 2309 ἰιι
677 2249 855 2309 dorso
888 2249 1099 2309 aculeo
1132 2250 1361 2327 noxius.
1429 2248 1536 2309 sed
1565 2248 1781 2308 nullum
1824 2266 2071 2328 usquam
2097 2261 2238 2308 ιιι-ιδ

178 2332 529 2393 secr-abilius
580 2351 751 2412 quam
800 2332 997 2392 radius
1053 2351 1235 2411 super
1295 2332 1536 2393 caudam
1599 2335 1862 2393 eminens
1912 2335 2186 2411 trygona,

173 2412 350 2496 ¹quam
394 2419 578 2478 nostri
607 2419 963 2496 pastinacam
1003 2417 1332 2496 appellant,
1368 2418 1756 2496 quincunciali
1785 2419 2185 2496 magnitudm.

179 2501 425 2563 arbores
454 2502 664 2563 infixus
696 2502 878 2562 radici
916 2511 1119 2577 necat,
1150 2519 1308 2561 arma
1337 2510 1399 2560 ιιι
1436 2502 1616 2561 telum
1646 2501 1917 2579 perforat
1957 2505 2018 2562 vi
2062 2500 2188 2569 ferri
2264 2518 2265 2591 1

180 2596 244 2648 et
269 2587 480 2646 veneni
512 2586 686 2648 malo.

94 2679 198 2735 156
308 2671 413 2732 49.
471 2670 642 2748 (73.)
708 2670 952 2732 Morbos
990 2670 1261 2730 universa
1299 2669 1522 2745 genera
1560 2670 1841 2747 piscium,
1896 2630 1958 2731 ut
2002 2664 2236 2730 cetera⁸

181 2755 446 2816 animalia
481 2758 654 2816 etiam
689 2755 857 2829 fera,
907 2772 1022 2814 non
1059 2755 1379 2831 accipimus
1420 2755 1658 2813 sentire.
1745 2772 1953 2814 verum
1991 2770 2183 2832 aegro·

87 2894 96 2897 t
177 2848 307 2900 tare
341 2840 606 2916 singulos
635 2840 998 2899 manifestum
1030 2838 1174 2898 facit
1202 2838 1529 2916 aliquorum
1559 2838 1814 2913 macies,
1850 2856 1982 2899 cun
2010 2841 2070 2897 in
2095 2855 2183 2897 eo·
2262 2858 2263 2913 j

178 2922 312 2983 dem
339 2940 563 3001 genere
597 2925 996 3002 praepingues
1024 2922 1122 2982 alii
1155 2923 1475 3000 capiantur.
2262 2916 2263 3001 1

98 3013 198 3069 157
314 3008 416 3068 50.
463 3009 632 3086 (74.)
678 3006 938 3081 Quonam
978 3007 1152 3068 modo
1191 3016 1510 3084 generent,
1542 3006 1994 3067 desiderium-et
2028 3005 2181 3067 adn?-

181 3090 330 3147 ratio
367 3091 653 3151 hominum
695 3091 912 3152 differri
953 3107 1068 3150 non
1117 3092 1349 3170 patitur.
1430 3090 1633 3150 Pisces
1670 3092 1874 3151 attritu
1921 3089 2227 3151 venuit-⁸

185 3181 398 3229 coeunt
441 3182 593 3233 tanta
628 3175 930 3235 celeritate
973 3185 1033 3235 ut
1072 3177 1257 3234 visum
1297 3175 1536 3250 fallant,
1585 3174 1845 3252 delphini
1883 3184 1946 3235 et
1976 3175 2180 3253 reliqua

186 3258 321 3308 cete
351 3253 519 3311 simili
552 3257 725 3316 modo
756 3267 816 3317 et
848 3259 1021 3335 paulo
1063 3260 1294 3319 diutius.
1359 3259 1574 3319 femina
1614 3258 1797 3337 piscis
1836 3262 2029 3320 coitus
2058 3267 2178 3318 ten-
2260 3282 2261 3335 ς

185 3346 334 3408 pore
363 3349 576 3393 marem
607 3342 868 3416 sequitur
893 3351 1156 3402 ventrem
1188 3344 1313 3402 eius
1343 3343 1835 3422 rostroffpulsans.
1874 3343 2009 3405 :suh
2035 3349 2177 3422 part·
2260 3346 2261 3407 l

721 3502 736 3513 ‘
829 3496 864 3557 :3
