2320 3650
630 77 791 123 NAT.
822 76 1003 124 ms'r.
1036 76 1156 123 v11.
1194 71 1433 127 44—48.
1469 62 1761 145 (45-49.)
2049 117 2060 122 ,
2111 62 2192 126 29

203 230 687 294 cnraPerusinae
723 221 1127 304 contentionis,
1166 228 1495 289 sollicitudo
1532 229 1730 288 Martis
1760 230 2017 307 Actiaci,
2052 230 2192 290 Pan·

201 315 426 382 nonicis
460 313 633 372 bellis
667 314 826 371 ruina
869 331 901 370 e
936 314 1111 387 turri,
1155 321 1241 371 tot
1270 314 1584 374 seditiones
1615 312 1883 387 militum,
1927 322 2011 372 tot
2043 315 2194 373 anci-

201 400 354 478 pites
378 396 560 456 morbi
587 397 875 473 corporiS,
903 399 1176 474 suspecta
1195 395 1457 458 Marcelli
1482 406 1634 470 vota,
1659 395 1922 474 pudenda
1950 396 2158 474 Agrip·
2177 404 2279 458 149

206 500 317 560 pac
352 480 666 556 ablegatio,
698 481 910 538 totiens
940 482 1114 557 petita
1144 479 1360 538 insidiis
1393 482 1527 554 vita,
1560 480 1853 539 incusatae
1883 479 2195 539 liberorum

146 580 176 620 5
201 574 420 628 mortes
449 564 752 642 luctusque
777 580 889 621 non
913 572 1124 623 tantum
1156 562 1402 626 orbitate
1432 564 1644 637 tristis,
1675 562 2013 624 adulterium
2042 563 2194 623 filiae

203 657 277 708 et.
311 647 552 708 consilia
607 647 930 725 parricidae
984 646 1172 724 palam
1211 647 1402 719 facta,
1457 645 1905 712 contumeliosus
1949 648 2198 723 privigni

201 732 453 792 Neronis
477 748 771 804 secessus,
797 729 949 789 aliud
979 732 1036 790 iu
1058 739 1234 807 nepte
1267 729 1625 805 adulterium,
1658 730 1846 788 iuncta
1879 729 2197 790 deinde-tot

200 816 383 889 mala,
418 815 612 892 inopia
642 812 915 891 stipendi,
948 812 1198 872 rebellio
1232 813 1471 888 Illyrici,
1510 814 1876 874 servitiorum
1905 812 2194 887 delectus,

199 899 510 974 iuventutis
545 898 805 976 penuria,
837 897 1168 973 pestilentia
1199 896 1376 972 urbiS,
1409 896 1591 957 fames
1624 896 1855 971 Italiae,
1892 897 2196 956 destinatio

130 1000 181 1041 ιο
202 981 533 1065 exspirandi
567 990 622 1040 et
657 980 938 1059 quatridui
969 981 1155 1040 inedia
1184 982 1366 1041 maior
1396 999 1531 1057 pars
1562 982 1759 1040 mortis
1784 981 1840 1039 in
1864 997 2075 1058 corpus
2105 999 2195 1040 re—

202 1074 394 1143 cepta.
452 1066 605 1123 iuxta
646 1064 792 1123 haec
826 1063 1072 1123 Variana
1113 1063 1309 1124 clades
1355 1073 1413 1123 et
1455 1065 1768 1123 maiestatis
1816 1065 1937 1122 eius
1984 1064 2160 1125 foeda
2182 1075 2283 1125 150

201 1148 571 1225 suggillatiO,
621 1147 905 1210 abdicatio
960 1147 1214 1208 Postumi
1266 1145 1566 1225 Agrippae
1620 1157 1755 1224 post
1807 1147 2194 1239 adoptionem,

201 1232 552 1298 desiderium
588 1241 719 1309 post
750 1230 1201 1306 relegationem,
1234 1230 1366 1290 inde
1401 1231 1656 1308 suspicio
1688 1233 1745 1289 in
1773 1229 2023 1292 Fabium·
2037 1250 2195 1291 arca-

202 1332 519 1393 nurumque
564 1315 980 1392 proditionem,
1031 1314 1164 1373 hinc
1204 1314 1402 1372 uxoris
1452 1324 1507 1372 et
1546 1313 1741 1373 Tiberi
1790 1314 2194 1390 cogitationes,

132 1414 467 1476 15-suprema
512 1400 636 1460 eius
683 1415 837 1457 cura.
912 1399 969 1458 in
1015 1416 1230 1457 summa
1271 1397 1414 1456 deus
1466 1397 1566 1456 ille
1612 1398 1953 1475 caelumque
1991 1400 2194 1457 nescio

200 1482 442 1560 adeptus
473 1484 655 1558 magis
690 1500 759 1540 an
790 1483 1027 1540 meritus
1063 1481 1282 1542 herede
1313 1481 1497 1540 hostis
1522 1482 1607 1542 sui
1644 1482 1761 1540 filio
1790 1483 2064 1540 excessit.

321 1566 420 1626 46.
467 1566 632 1644 (47.)
697 1565 954 1626 Subeunt
984 1567 1040 1634 in
1067 1564 1177 1624 hac
1210 1566 1572 1642 reputatione
1604 1564 1886 1642 Delphica
1925 1565 2160 1625 oracula
2184 1577 2278 1629 151

201 1648 361 1710 velut
388 1649 462 1712 ad
505 1647 893 1725 castigandam
908 1648 1208 1708 -hominum
1245 1650 1553 1719 vanitatem
1583 1666 1615 1708 a
1648 1648 1760 1708 deo
1794 1650 2020 1709 emissa.
2084 1649 2195 1709 duo

201 1741 331 1792 sunt
366 1732 541 1792 haec:
578 1731 814 1791 Pedium
842 1731 1267 1807 felicissimum,
1305 1733 1400 1810 qui
1432 1750 1537 1809 pro
1574 1733 1757 1809 patria
1790 1749 2067 1811 proxume
2100 1751 2197 1792 oc-

127 1837 183 1891 πρ
203 1815 516 1891 cubuisset,
546 1817 751 1874 iterum
781 1835 814 1875 a
843 1814 1004 1893 Gyge
1037 1836 1182 1894 rege
1214 1827 1347 1877 tunc
1376 1817 1727 1895 amplissimo
1752 1827 2030 1876 terrarum
2063 1836 2196 1877 con·

203 1900 368 1974 sulti,
402 1899 651 1976 Aglaum
679 1898 1051 1977 Psophidium
1082 1920 1217 1960 esse
1247 1901 1591 1961 feliciorem.
1659 1903 1854 1961 senior
1888 1902 1981 1962 hic
2011 1904 2067 1960 in
2102 1920 2197 1961 an-

200 1985 533 2062 gustissimo
564 1983 849 2043 Arcadiae
883 1985 1094 2061 angulo
1124 2002 1368 2063 ,parvom
1393 1985 1497 2044 sed
1528 1986 1725 2045 annuis
1754 1984 1999 2045 victibus
2033 1986 2197 2062 large

202 2067 496 2131 sufficiens
531 2067 822 2145 praedium
855 2067 1121 2142 colebat,
1153 2086 1452 2146 numquam
1484 2087 1558 2126 ex
1590 2086 1661 2127 eo
1697 2087 1972 2145 egressus
2004 2078 2196 2146 atque,

200 2161 337 2217 ute
381 2152 534 2215 vitae
576 2168 796 2227 genere
837 2151 1197 2213 manifestum
1237 2160 1361 2226 est,
1402 2153 1645 2211 minuma
1679 2152 1991 2229 cupiditate
2023 2154 2196 2210 miuu-

128 2253 347 2311 25mum
376 2236 435 2299 iu
462 2236 576 2294 vita
605 2234 738 2295 mali
773 2243 1066 2313 expertus.
1790 2280 1793 2287 .

325 2319 428 2378 47.
469 2317 635 2397 (48.)
702 2313 1092 2381 Consecratus
1145 2327 1235 2377 est
1278 2318 1443 2376 vivos
1487 2319 1857 2396 sentiensque
1906 2317 2163 2377 eiusdem
2181 2328 2281 2380 152

204 2402 425 2463 oraculi
463 2404 622 2460 iussu
671 2410 727 2460 et
769 2399 922 2460 Iovis
969 2402 1207 2465 deorum
1252 2402 1448 2461 summi
1495 2401 1837 2478 adstipulatu
1884 2400 2197 2476 Euthymus

202 2495 396 2565 pycta,
432 2502 665 2562 semper
698 2483 999 2562 Olympiae
1030 2487 1218 2547 victor
1250 2494 1308 2544 et
1334 2485 1515 2544 semel
1546 2486 1750 2544 victus.
1804 2487 1985 2563 patria
2011 2488 2065 2549 ei
2091 2485 2197 2543 Lo-

203 2572 286 2635 cri
306 2571 364 2630 in
390 2568 572 2629 Italia.
617 2567 695 2626 ibi
722 2570 1025 2645 imaginem
1053 2571 1178 2627 eius
1203 2579 1260 2627 et
1284 2566 1584 2646 Olympiae
1608 2568 1844 2628 alteram
1874 2570 2082 2628 eodem
2105 2568 2197 2628 die

132 2663 421 2721 aotactam
445 2652 680 2714 fulmine
715 2650 1123 2720 Callimachum
1153 2662 1214 2711 ut
1256 2652 1394 2713 nihil
1428 2652 1579 2712 aliud
1623 2653 1879 2711 miratum
1915 2652 2199 2711 videoad

205 2755 447 2815 eumque
492 2737 755 2797 iussisse.
776 2736 1123 2810 sacrificari,
1154 2736 1326 2813 quod
1365 2745 1421 2796 et
1453 2737 1584 2794 vivo
1617 2736 1931 2795 factitatum
1961 2744 2021 2793 et
2049 2751 2197 2797 mor-

203 2830 338 2897 tue,
370 2820 628 2897 nihilque
661 2820 808 2879 adeo
845 2820 1045 2882 mirum
1075 2820 1228 2878 aliud
1263 2838 1428 2898 quam
1463 2820 1753 2898 placuisse
1786 2820 1891 2879 dis.

230 2962 237 2965 ,
326 2902 426 2964 48.
475 2903 640 2982 (49.)
704 2902 794 2962 De
826 2905 1012 2980 spatio
1043 2911 1213 2980 atque
1248 2903 1663 2982 longinquitate
1694 2906 1846 2962 vitae
1879 2902 2164 2961 homiuum
2182 2912 2284 2964 153

204 3004 320 3053 non
361 2986 622 3047 locorum
659 2987 830 3047 modo
871 2987 1012 3045 situs
1042 3005 1242 3045 verum
1274 2987 1541 3064 exempla
1573 3005 1640 3046 ac
1683 3005 1785 3046 sua
1831 2988 2038 3064 cuique
2072 3002 2200 3044 sors
2317 2992 2318 2997 ’

135 3070 478 3135 asuascendi
522 3073 799 3129 incertum
849 3069 1069 3129 fecere.
1136 3068 1459 3146 Hesiodus,
1505 3071 1602 3149 qui
1647 3071 1859 3147 primus
1905 3069 2094 3147 aliqua
2126 3068 2197 3127 de

202 3156 318 3219 hoc
352 3155 633 3233 prodidit,
671 3154 971 3229 fabulose,
1006 3163 1065 3212 ut
1095 3171 1265 3228 reor,
1305 3152 1479 3213 multa
1511 3154 1583 3213 de
1615 3152 1897 3213 hominum
1930 3171 2076 3213 aevo
2107 3170 2196 3210 re-

204 3240 403 3303 ferens
451 3237 668 3307 cornici
712 3254 921 3303 novem
976 3246 1204 3307 nostras
1249 3236 1498 3296 attribuit
1541 3238 1777 3312 aetatis,
1824 3236 2197 3314 quadruplum

211 3322 597 3401 eiuscervis,
644 3321 703 3380 id
748 3321 1091 3399 triplicatum
1139 3322 1361 3396 corvis,
1413 3329 1470 3378 et
1509 3320 1731 3399 reliqua
1774 3321 2093 3381 fabulosius
2141 3320 2197 3376 in
2307 3352 2318 3385 ἦ
