2320 3650
550 82 710 127 NAT.
752 81 933 130 111s'r.
972 80 1119 125 v111.
1159 75 1399 129 29—32.
1440 65 1735 149 (43—50.)
2053 69 2132 130 63

254 236 424 315 (49.)
473 234 687 294 Similis
734 243 793 293 et
836 234 1014 293 vitulo
1052 235 1271 294 marino
1309 235 1501 310 victus,
1544 235 1601 291 in
1647 237 1883 302 mariae
1922 248 2216 311 terra,111

122 322 311 381 simile
345 320 504 378 fibris
535 328 594 377 et
633 320 944 394 ingenium.
988 320 1201 378 evomit
1232 318 1312 377 fel
1358 335 1520 375 suum
1554 317 1625 376 ad
1665 318 1837 377 multa
1882 321 2129 380 medica·

122 415 319 480 menta
364 404 537 477 utile,
585 403 719 460 item
764 403 1068 479 coagulum
1101 402 1172 461 ad
1204 402 1505 461 comitialis
1538 402 1805 476 morbos,
1857 405 1931 462 ob
1967 423 2131 477 ease
2206 457 2214 470 .

123 491 245 569 peti
277 488 548 566 prudens.
596 485 1033 565 Theophrastus
1077 496 1290 545 auctor
1315 495 1405 544 est
1446 488 1649 563 anguis
1687 488 1857 547 modo
1896 498 1952 547 et
1994 490 2131 549 stel-

70 595 94 632 5
123 576 314 634 liones
361 580 724 632 senectutem
772 589 992 630 exuere
1026 572 1219 648 itaque
1273 571 1531 648 protinus
1591 571 1875 630 devorare
1914 577 2130 649 praeri-

72 657 75 658 ’
122 659 340 737 pientis
380 655 653 716 comitiali
685 655 888 714 morbo
925 655 1204 714 remedia.
1240 654 1477 714 eosdem
1507 654 1770 732 pestiferi
1803 658 1857 714 in
1891 655 2132 715 Graecia

119 759 353 801 morsus
386 742 671 799 innocuos
706 757 841 798 esse
867 741 922 798 in
954 739 1173 799 Sicilia.
1677 743 1680 748 ’

251 824 350 885 32.
389 825 561 903 (50.)
608 821 814 883 Cervis
852 841 1087 903 quoque
1115 832 1207 882 est
1237 841 1341 882 sua
1376 823 1725 900 malignitaS,
1761 836 2218 902 quamquamlffi

123 909 520 989 placidissimo
555 907 898 988 animalium.
962 916 1247 984 urguente
1277 910 1334 967 vi
1367 923 1568 967 canum
1600 908 1751 967 ultro
1799 908 2134 984 confugiunt

54 1011 102 1049 ιο
121 995 202 1055 ad
241 993 564 1067 hominem,
601 1001 660 1062 et
700 994 759 1050 in
801 992 1081 1069 pariendo
1126 994 1362 1051 semitas
1399 994 1581 1051 minus
1626 1001 1833 1051 cavent
1876 992 2132 1051 humanis

100 1077 393 1153 'vestigiis
423 1078 585 1142 tritas
631 1093 799 1153 quam
834 1086 1065 1135 secreta
1106 1094 1176 1135 ac
1216 1076 1356 1134 feris
1405 1087 1750 1154 opportuna.
1808 1085 2132 1154 conceptus

125 1180 324 1224 earum
355 1162 734 1239 post-arcturi
766 1161 941 1219 siduS.
1000 1162 1225 1219 octonis
1256 1159 1550 1219 mensibus
1580 1161 1770 1220 ferunt
1800 1170 2017 1238 partnS,
2051 1163 2129 1219 in·

84 1248 89 1253 ’
124 1248 295 1306 terim
321 1255 381 1305 et
422 1246 706 1322 geminos.
774 1263 806 1303 a
836 1254 1127 1322 conceptu
1172 1254 1448 1321 separant
1477 1263 1567 1319 se,
1612 1254 1668 1304 at
1710 1262 1898 1303 mares
1941 1244 2130 1304 relicti

50 1434 102 1474 15
124 1417 483 1491 nigrescunt,
517 1413 706 1480 donec
733 1410 909 1490 aliqui
942 1412 1175 1473 abluant
1204 1413 1439 1472 imbres.
1504 1412 1750 1471 feminae
1782 1422 1971 1471 autem
2002 1423 2132 1471 ante

123 1508 351 1578 partum
399 1506 715 1576 purgantur
755 1496 935 1556 herba
980 1497 1221 1575 quadam
1254 1514 1401 1574 quae
1454 1497 1665 1556 seselis
1709 1497 1934 1570 dicitur,
1986 1497 2131 1555 faci·

124 1583 277 1643 liore
313 1583 390 1642 ita
419 1590 650 1641 utentes
682 1590 870 1640 utero.
930 1599 962 1640 a
994 1589 1159 1659 partu
1193 1582 1370 1656 duaS,
1420 1599 1568 1659 quae
1602 1589 1823 1639 tamnus
1864 1589 1923 1639 et
1970 1598 2130 1640 sese-

125 1667 202 1726 lis
234 1665 622 1743 appellantur,
662 1674 865 1743 pastae
888 1664 1136 1724 redeunt
1157 1665 1230 1725 ad
1254 1666 1447 1725 fetum.
1481 1665 1596 1725 illis
1629 1664 1782 1723 inbui
1818 1665 1986 1724 lactis
2016 1666 2129 1742 pri-

123 1768 255 1810 mos
280 1750 481 1809 volunt
510 1767 686 1811 sucos
722 1767 1081 1829 quacumque
1114 1749 1188 1809 de
1221 1768 1415 1810 causa.
1480 1749 1667 1809 editos
1704 1759 1899 1828 partus
1933 1760 2217 1812 exer-113

51 1859 104 1899 20
126 1845 263 1897 cent
305 1853 487 1894 cursus
520 1844 586 1894 et
620 1835 812 1911 fugam
853 1835 1118 1895 meditari
1162 1835 1406 1910 docent,
1447 1835 1525 1895 ad
1563 1844 1874 1912 praerupta
1921 1834 2134 1894 ducunt

125 2003 297 2064 avide
333 2012 535 2080 petunt
564 2002 801 2080 pabula.
861 2003 959 2062 ubi
1005 2021 1071 2062 se
1123 2005 1497 2081 praepinguis
1546 2021 1837 2079 sensere„
1876 2002 2132 2063 latebras

127 2097 412 2167 quaerunt
451 2087 703 2146 fatentes
743 2087 1162 2146 incommodum
1205 2087 1474 2164 pondus„
1517 2095 1577 2145 et
1621 2087 1765 2147 alias
1812 2105 2046 2166 semper
2075 2089 2131 2145 in

18 2227 24 2235 .
124 2172 266 2248 fuga
317 2172 697 2249 adquiescunt
741 2179 1077 2247 stantesque
1121 2172 1472 2248 respiciunt,
1518 2187 1646 2229 cum
1685 2189 1873 2249 prope
1903 2179 2132 2229 ventum
2221 2166 2224 2173 ’

55 2276 104 2316 25
126 2265 255 2330 est,
287 2274 488 2314 rursus
521 2255 695 2331 fugae
731 2254 1022 2332 praesidia
1057 2262 1417 2333 repetentes.
1482 2253 1596 2312 boc
1638 2255 1700 2313 fit
1745 2256 1998 2313 intestini
2030 2255 2130 2314 do·

124 2342 258 2401 lore
306 2349 420 2398 tam
461 2339 687 2413 infirmi,
719 2349 780 2398 ut
809 2340 925 2397 ictu
956 2338 1072 2397 levi
1102 2347 1396 2416 rumpatur
1430 2339 1597 2397 intus.
1657 2338 1880 2414 fugiunt
1914 2348 2101 2398 autem
2117 2351 2217 2402 114

124 2425 337 2484 latratu
354 2441 554 2482 canum
570 2422 760 2483 audito
794 2423 1047 2482 secunda
1072 2440 1307 2500 semper
1321 2440 1480 2497 aura,
1505 2431 1565 2480 ut
1580 2424 1826 2498 vestigia
1848 2441 1972 2483 cum
1989 2425 2129 2500 ipsis

126 2508 358 2567 abeant.
420 2506 741 2566 mulcentur
794 2505 984 2565 fistula
1028 2507 1309 2583 pastorali
1354 2515 1413 2566 et
1461 2515 1648 2566 cantu.
1711 2524 1836 2566 cum
1883 2505 2164 2566 erexere'

127 2609 324 2663 aures,
351 2592 616 2650 acerrimi
641 2599 772 2649 sunt
792 2589 1040 2665 audituS,
1069 2609 1200 2652 cum
1218 2592 1522 2665 remisere,
1550 2589 1725 2649 surdi.
1778 2601 1980 2650 cetero
2014 2594 2130 2650 ani·

59 2690 105 2730 3ο
124 2675 244 2734 mal
273 2675 522 2752 simplex
575 2683 634 2733 et
666 2676 913 2733 omnium
947 2691 1139 2734 rerum
1169 2675 1448 2734 miraculo
1481 2684 1720 2752 stupens
1741 2677 2038 2734 intantum
2071 2685 2129 2734 ut

18 2800 21 2815 ,
129 2775 288 2836 equo
326 2767 421 2817 aut
448 2757 659 2817 bucula
692 2757 1014 2818 accedente
1048 2761 1288 2837 propius
1322 2759 1610 2819 hominem
1643 2761 1799 2818 iuxta
1830 2768 2132 2818 venantem

125 2859 247 2902 non
279 2851 514 2900 cernant
539 2851 655 2917 aut,
702 2843 750 2900 si
781 2851 1037 2917 cernant,
1080 2860 1276 2902 arcum
1319 2846 1505 2921 ipsum
1539 2844 1893 2920 sagittasque
1924 2842 2130 2901 miren-

125 2937 241 2988 tur.
303 2927 481 2986 maria
518 2935 801 2986 trameant
831 2927 1117 3002 gregatim
1147 2937 1349 2988 nantes
1399 2935 1676 3004 porrecto
1710 2928 1912 2986 ordine
1948 2935 2005 2984 et
2041 2944 2131 2985 ca·

129 3011 251 3089 pita
291 3012 639 3087 inponentes
680 3011 1151 3094 praecedentium
1186 3011 1447 3071 clunibus
1491 3011 1830 3090 vicibusque
1868 3000 1936 3070 ad
1967 3021 2131 3087 terga

57 3112 109 3152 35
127 3094 465 3154 redeuntes.
522 3095 636 3153 hoc
681 3113 942 3154 maxume
974 3104 1204 3155 notatur
1231 3115 1261 3155 a
1300 3094 1501 3155 Cilicia
1544 3093 1794 3172 Cyprum
1826 3095 2130 3155 traicienti·

128 3177 260 3237 bus.
309 3179 650 3238 necvident
684 3186 893 3253 terras,
927 3179 1031 3239 sed
1061 3181 1117 3237 in
1148 3178 1331 3239 odore
1366 3197 1560 3238 earum
1591 3188 1802 3239 natant.
1868 3177 2093 3238 Cornua
2117 3190 2217 3241 115

127 3280 323 3323 mares
355 3261 599 3335 habent,
636 3263 864 3340 solique
909 3263 1230 3323 animalium
1278 3263 1536 3323 omnibus
1590 3265 1747 3322 annis
1792 3273 1940 3322 stato
1977 3265 2130 3321 veris

128 3355 400 3424 tempore
433 3345 708 3404 amittunt.
774 3347 907 3431 ideo
946 3339 1051 3406 sub
1081 3350 1191 3408 ista
1236 3348 1329 3408 die
1368 3366 1532 3426 quam
1556 3366 1816 3408 maxume
1849 3349 1998 3407 invia
2032 3365 2130 3425 pe-

2155 3474 2301 3564 A
