2320 3650
554 147 716 192 ΝΑΤ.
754 146 934 193 H1s'r.
968 147 1092 194 xu..
1126 132 1369 198 22-2-25.
1406 136 1700 217 (48—54.)
2011 138 2134 199 227

245 299 348 359 25.
405 300 574 379 (54.)
618 299 753 359 ”Sed
793 300 1053 361 omnibus
1097 302 1375 363 odoribus
1417 304 1748 382 praefertur
1792 305 2133 382 balsamum,

111 387 208 446 uni
240 393 529 444 terrarum
557 382 807 443 Iudaeae
844 402 1223 461 concessum,
1258 388 1543 464 quondam
1572 390 1630 447 in
1664 388 1891 449 duobus
1918 399 2135 450 tautum

109 470 324 544 hortis,
363 478 615 546 utroque
637 471 837 544 regio,
873 468 1058 528 altero
1083 472 1346 546 iugerum
1371 485 1467 530 xx
1499 488 1613 531 nou
1637 472 1912 550 amplius,
1945 475 2133 534 altero

111 553 475 634 pauciorum.
530 553 844 612 ostendere
876 553 1136 612 arbutum
1168 554 1314 614 hanc
1342 555 1468 614 urbi
1495 556 1879 634 imperatores
1904 557 2131 636 Vespa·

65 639 285 698 seiani.
347 636 681 713 clarumque
715 636 903 712 dictu,
936 655 968 696 a
988 637 1269 716 Pompeio
1303 638 1516 716 Magno
1550 643 1607 699 in
1642 640 1930 719 triumpho
1962 641 2131 701 arbo·

107 741 211 781 res
247 737 485 801 quoque
518 720 797 780 duximus.
847 722 1028 780 servit
1058 740 1209 781 nunc
1239 723 1388 783 haec
1411 742 1479 783 ac
1509 724 1717 784 tributa
1742 724 1944 803 pendit
1967 735 2217 789 cumll2

108 824 216 866 sua
253 814 463 883 gente,
512 806 583 863 ἰιι
604 813 782 863 totum
813 804 922 864 alia
957 813 1159 864 natura
1204 825 1373 885 quam
1402 810 1586 867 nostri
1616 810 1962 886 externique
1996 826 2129 886 pro-

108 891 398 951 diderant.
455 891 672 967 quippe
706 890 807 947 viti
828 889 1080 948 similior
1112 899 1204 948 est
1239 908 1407 969 quam
1441 902 1645 967 myrto,
1697 892 1988 952 malleolis
2014 893 2133 951 seri

105 975 314 1035 didicit
361 977 546 1052 nuper
576 975 769 1031 vincta
798 982 860 1031 ut
889 975 1056 1048 vitis,
1097 983 1156 1032 et
1186 975 1369 1052 inplet
1405 977 1576 1036 collis
1608 977 1904 1036 vinearum
1934 976 2128 1036 modo.

38 1069 88 1109 ιθ
105 1074 265 1138 quae
300 1058 429 1116 sine
456 1057 816 1117 adminiculis
846 1075 910 1115 se
949 1060 1075 1134 ipsa
1106 1060 1352 1118 sustinet
1399 1062 1672 1121 tondetur
1716 1062 1980 1120 similiter
2012 1060 2130 1126 fru-

100 1146 298 1203 ticans
330 1160 401 1202 ac
433 1142 635 1200 rastris
669 1141 902 1200 nitescit
934 1151 1332 1221 properatque
1364 1145 1559 1220 nasci,
1593 1146 1739 1204 intra
1769 1147 1997 1204 tertium
2032 1162 2129 1204 an·

38 1266 39 1293 ι
98 1244 239 1288 ιιιιιιι
264 1226 588 1286 fructifera.
620 1225 829 1295 'folium
852 1243 1194 1303 proxumum
1221 1235 1407 1302 rutae,
1434 1239 1719 1307 perpetua
1746 1234 1930 1289 colna.
1967 1247 2095 1289 sae·
2115 1237 2217 1291 113

98 1314 274 1372 viere
325 1311 383 1370 in
438 1329 565 1370 eam
620 1309 818 1369 Iudaei
871 1311 1022 1368 sicut
1062 1312 1119 1369 iu
1164 1311 1337 1369 vitam
1370 1329 1606 1390 quoque
1653 1331 1835 1374 suam.
1927 1322 2131 1372 contra

38 1436 39 1461 ;
100 1395 434 1457 defendere
464 1394 708 1454 Romani
740 1403 799 1452 et
825 1393 1149 1461 dimicatum
1173 1394 1511 1472 profrutice
1538 1405 1648 1455 est.
1699 1398 1957 1474 seritque
1979 1412 2131 1455 nunc

38 1491 84 1557 ,15
103 1499 239 1542 eum
283 1480 497 1553 fiscus,
539 1497 651 1538 nec
693 1484 955 1556 umquam
1001 1479 1106 1537 fuit
1155 1481 1539 1538 numerosior.
1609 1482 1940 1558 proceritas
1983 1481 2131 1538 iutra

38 1610 39 1631 1
102 1568 243 1626 bina
292 1562 487 1623 cubita
533 1562 815 1622 subsistit.
873 1562 1086 1621 Arbori
1133 1564 1243 1622 tria
1285 1582 1538 1640 genera:
1599 1573 1773 1623 tenue
1810 1573 1869 1623 et
1913 1563 2090 1642 capil-
2114 1570 2217 1625 114

101 1653 277 1710 lacea
325 1665 524 1722 coma,
572 1648 729 1725 quod
763 1655 1005 1705 vocatur
1048 1646 1429 1707 eutheriston.
1494 1648 1740 1708 alterum
1785 1647 2000 1707 scabro
2034 1646 2130 1706 ad-

38 1778 41 1809 [
99 1741 354 1813 spectu,
387 1733 685 1790 incurvom
705 1777 722 1805 ‚
753 1731 1127 1806 fruticosum,
1166 1731 1484 1791 odoratius.
1549 1732 1665 1793 hoc
1692 1731 1900 1808 trachy
1924 1731 2129 1813 appel-

38 1863 41 1864 .
100 1820 243 1879 lant.
310 1817 542 1875 tertium
576 1834 880 1890 eumeceS‚
921 1817 1052 1894 quia
1085 1825 1177 1875 est
1209 1817 1451 1897 reliquis
1482 1819 1825 1897 procerius,
1856 1816 1976 1877 levi
2000 1834 2129 1876 cor·

40 1920 79 1960 »ο
96 1906 240 1964 tice
307 1902 442 1960 huic
501 1901 762 1960 secunda
808 1901 1070 1975 bonitas
1133 1902 1444 1962 novissima
1489 1902 1830 1963 eutheristo.
1892 1919 2094 1961 semen
2115 1910 2214 1963 115

97 1990 231 2047 eius
277 1986 416 2045 vino
459 2002 798 2062 proxumum
841 1994 1049 2060 gustu,
1095 1986 1298 2045 colore
1328 1986 1549 2062 rufum,
1597 2005 1709 2046 nec
1750 1987 1874 2045 sine
1906 1985 2125 2064 pingui

38 2073 275 2152 peius
317 2071 376 2127 in
418 2086 598 2145 grano
653 2069 806 2148 quod
849 2069 1036 2128 levius
1083 2078 1259 2146 atque
1303 2070 1563 2130 viridiuS.
1635 2085 1830 2129 ramus
1873 2070 2131 2129 crassior

40 2203 41 2206 ι
94 2174 275 2235 quam
308 2162 519 2227 myrt0.
579 2154 846 2213 inciditur
876 2153 1028 2210 vitro
1047 2152 1294 2230 ‚lapide
1327 2156 1596 2213 osseisve
1640 2145 1916 2213 cultellis.
1967 2153 2129 2212 ferro

40 2289 41 2302 ι
91 2240 275 2301 laedi
296 2237 495 2296 vitalia
531 2237 682 2312 odit,
729 2236 1004 2295 emoritur
1027 2238 1322 2326 protinus,
1374 2237 1581 2297 eodem
1613 2237 1896 2314 amputari
1926 2253 2127 2314 super-

44 2338 75 2376 25
96 2341 293 2385 vacua
348 2323 597 2399 patiens,
679 2321 982 2380 incidentis
1034 2335 1233 2379 manus
1292 2319 1534 2379 libratur
1584 2322 1790 2380 artifici
1839 2331 2129 2399 tempera·

38 2475 39 2480 γ
88 2416 335 2482 meatu,
373 2424 448 2464 ne
481 2406 615 2485 quid
646 2405 794 2463 ultra
829 2405 1109 2463 corticem
1158 2404 1359 2463 violet.
1418 2423 1593 2464 sucus
1628 2424 1660 2464 e
1694 2405 1869 2482 plaga
1904 2412 2092 2463 manat
2114 2411 2215 2465 116

38 2529 41 2560 ς.
90 2510 275 2572 quem
322 2489 764 2568 opobalsamum
807 2496 1050 2561 vocant,
1107 2489 1408 2547 suavitatis
1468 2490 1715 2548 eximiae
1743 2533 1761 2564 ,
1822 2488 1929 2547 sed
1973 2488 2129 2547 tenui

38 2565 41 2572 ¹
90 2576 320 2657 [gutta]
357 2574 621 2652 ploratu,
660 2574 806 2632 lanis
837 2590 1018 2650 parva
1052 2574 1349 2649 colligitur
1376 2574 1433 2631 in
1459 2589 1696 2632 cornua.
1752 2591 1827 2632 ex
1856 2573 1944 2632 his
1975 2587 2130 2630 novo

86 2662 263 2722 fictili
297 2659 598 2733 conditur,
634 2657 909 2716 crassiori
941 2656 1142 2717 similis
1165 2658 1300 2716 oleo
1338 2665 1395 2714 et
1424 2658 1479 2715 in
1507 2665 1698 2715 musto
1734 2656 1995 2716 candida.
2035 2672 2126 2712 ru-

38 2746 273 2834 ιιιέεοίτ
305 2743 520 2803 deinde
570 2742 854 2830 simulque
887 2740 1143 2800 durescit
1176 2761 1208 2799 e
1242 2741 1548 2800 tralucido.
1615 2739 1953 2799 Alexandro
1983 2737 2213 2799 bia-117

38 2847 210 2912 .gno
246 2846 355 2888 res
398 2826 479 2885 ibi
524 2825 769 2904 gerente
825 2832 948 2883 toto
990 2812 1084 2884 die
1128 2828 1355 2884 aestivo
1389 2843 1558 2884 unam
1602 2823 1881 2884 concham
1918 2815 2130 2900 inpleri

40 2981 41 2988 χ
81 2918 313 2975 iustum
347 2921 505 2985 erat
550 2912 702 2969 omni
732 2927 878 2967 vero
928 2907 1282 2968 fecunditate
1333 2927 1365 2967 e
1406 2911 1628 2968 maiore
1667 2908 1839 2968 horto
1886 2907 2129 2983 congios

38 3052 42 3090 ³
85 3015 318 3072 senos,
359 3013 392 3054 e
429 2985 649 3055 minore
686 2992 981 3070 singulos,
1023 3010 1151 3053 cum
1184 3002 1242 3052 et
1267 2991 1442 3070 duplo
1470 2992 1898 3071 rependebatur
1922 3008 2129 3067 argen-

83 3095 231 3145 tum.
272 3098 428 3139 nunc
453 3080 622 3139 etiam
641 3078 992 3156 singularum
1012 3077 1281 3138 arborum
1310 3078 1531 3156 largior
1555 3095 1721 3137 vena.
1753 3086 1845 3135 ter
1870 3071 2131 3133 omnibus

38 3165 434 3248 §percutitur
473 3163 820 3239 aestatibus,
874 3166 1082 3238 postea
1118 3162 1445 3250 deputatur.
1520 3160 1595 3221 Et
1627 3168 1913 3222 sarmenta
1945 3176 2087 3240 quo·
2113 3168 2217 3223 118

84 3271 211 3332 que
277 3250 338 3308 in
381 3265 580 3307 merce
629 3257 776 3306 sunt.
841 3260 1023 3314 Dccc
1053 3246 1168 3306 HS.
1219 3241 1532 3324 amputatio
1568 3249 1697 3325 ipsa
1742 3244 2127 3323 surculusque

38 3335 350 3410 veniere
381 3332 530 3391 intra
565 3331 817 3409 quintum
858 3332 1123 3393 devictae
1172 3349 1394 3391 annum.
1455 3329 1918 3405 xylobalsamum
1950 3344 2125 3388 voca·

38 3432 185 3502 tur
214 3426 292 3480 et
328 3417 599 3494 coquitur
625 3416 683 3474 in
712 3417 1020 3492 unguentis
1043 3434 1150 3495 pro
1184 3434 1328 3475 suco
1358 3416 1511 3495 ipsc.
1573 3409 1825 3476 C'orticis
1857 3416 2026 3474 etiam
2050 3409 2122 3469 ad

1570 3501 1698 3559 15*
2203 3517 2275 3621 Δ
