2320 3650
114 71 195 130 70
680 144 688 153 .
886 83 1075 129 PLINI
1118 82 1335 135 snmus
1340 81 1415 131 131

115 241 297 297 cietas
336 237 637 298 nobiscum
680 245 770 296 est
818 244 878 297 ut
924 246 1122 297 nostro
1169 237 1288 297 fato
1332 188 1590 298 mortalis
1634 237 1706 295 sit
1733 232 1827 297 ibi
1871 257 2114 321 quoque

116 322 366 382 siderum
410 321 621 397 fulgor.
686 320 787 380 illa
828 323 998 380 nimio
1041 319 1311 380 alimento
1363 322 1530 379 tracti
1572 322 1787 380 umoris
1837 323 2011 400 ignea
2053 329 2115 385 vi

115 405 513 466 abundantiam
536 404 801 480 reddunt,
837 423 962 477 cum
987 404 1263 464 decidere
1297 404 1623 464 creduntur.
1658 405 1809 483 apud
1832 424 1941 466 nos
1965 427 2114 486 quo·

115 507 227 570 que
284 489 342 548 id
398 487 702 548 luminibus
758 476 1044 548 accensis
1068 486 1298 566 liquore
1343 487 1461 546 olei
1507 498 1767 547 notamus
1815 492 2114 552 accidere.

29 586 98 638 30
112 574 384 637 Ceterum
414 581 649 632 aeterna
682 572 1038 631 caelestibus
1071 581 1160 631 est
1191 579 1391 632 natura
1423 571 1811 632 intexentibus
1842 577 2114 636 mundum
2139 599 2166 637 5

115 662 450 735 intextuque
487 656 810 732 concretis,
854 656 1110 733 potentia
1156 664 1345 715 autem
1387 655 1462 715 ad
1501 664 1719 715 terram
1751 675 2118 738 magnopere

54 778 58 783 ’
119 759 318 803 eorum
373 741 705 818 pertinens,
769 757 917 817 quae
970 748 1217 817 propter
1267 738 1514 798 effectus
1574 739 2013 840 claritatemque
2057 752 2120 804 et

32 826 182 912 ¹⁸35&
203 824 690 902 magnitudinem
675 840 731 880 ιιι
759 830 914 882 tanta
938 822 1250 899 subtilitate
1280 825 1444 882 nosci
1466 831 1794 900 potuerunt,
1833 827 1992 886 sicut
2006 845 2117 887 suo

117 907 631 971 demonstrabimus
662 905 816 965 loco.
877 903 1237 965 Circulorum
1272 924 1505 985 quoque
1541 907 1691 967 caeli
1724 908 1871 968 ratio
1907 911 1965 969 in
1994 921 2115 970 ter·

31 996 65 1033 ⁶
54 994 159 1079 35¹¹
203 1012 304 1052 rae
335 993 624 1051 mentione
657 990 844 1067 aptius
876 989 1129 1064 dicetur,
1169 991 1395 1068 quando
1426 991 1499 1050 ad
1530 1009 1656 1050 eam
1686 1000 1804 1052 tota
1836 995 2117 1071 pertinet,
2141 1011 2189 1051 ιο

32 1088 98 1140 31
115 1077 377 1154 signiferi
422 1074 594 1133 modo
630 1072 1054 1133 inventionibus
1098 1091 1213 1132 non
1258 1074 1464 1134 dilatis.
1531 1073 1944 1153 Obliquitatem
1989 1080 2120 1138 eius

117 1159 514 1233 intellexisse,
566 1157 680 1217 hoc
733 1166 822 1217 est
871 1175 1064 1216 rerum
1113 1157 1261 1216 foris
1309 1158 1641 1235 aperuisse,
1687 1158 2121 1222 Anaximander

117 1244 380 1304 Milesius
424 1242 664 1301 traditur
705 1243 920 1319 primus
967 1239 1308 1320 Olympiade
1362 1243 1833 1319 quinquagesima
1883 1254 2116 1321 octava,

119 1330 284 1405 signa
316 1326 524 1386 deinde
560 1327 617 1384 in
648 1343 720 1384 eo
754 1323 1152 1400 Cleostratus«,
1197 1335 1256 1384 et
1290 1327 1470 1402 prima
1501 1327 1698 1384 arietis
1730 1345 1799 1386 ac
1832 1329 2118 1404 sagittari,

121 1413 426 1490 sphaeram
457 1411 641 1488 ipsam
674 1419 806 1470 ante
838 1408 1015 1468 multo
1047 1408 1234 1470 Atlas.
1279 1408 1443 1467 Nunc
1474 1409 1680 1487 relicto
1712 1413 1905 1473 mundi
1936 1412 2121 1490 ipsius
2140 1429 2191 1472 15

35 1508 102 1560 32
121 1513 372 1575 corpore
410 1494 635 1574 reliqua
665 1495 813 1553 inter
844 1493 1067 1553 caelum
1101 1502 1407 1571 terrasque
1438 1499 1771 1553 tractentur.
1825 1496 2124 1555 Summum

121 1579 456 1659 essequod
488 1587 698 1637 vocant
729 1578 955 1637 Saturni
999 1578 1157 1640 sidus
1200 1577 1454 1655 ideoque
1497 1578 1799 1637 minumum
1839 1580 2031 1640 videri
2062 1589 2123 1638 et

119 1680 380 1723 maxumo
415 1661 631 1721 ambire
666 1662 884 1721 circulo
911 1679 978 1721 ac
1003 1662 1297 1720 tricesimo
1326 1679 1471 1719 anno
1500 1661 1570 1720 ad
1591 1661 1933 1722 brevissima
1960 1664 2124 1724 sedis

121 1767 260 1819 suae
290 1747 572 1825 principia
605 1747 845 1822 regredi
880 1755 1100 1805 certum
1132 1754 1257 1820 est,
1318 1746 1562 1803 omnium
1595 1755 1785 1805 autem
1810 1748 2122 1807 errantium

122 1834 372 1892 siderum
395 1839 637 1905 meatus,
671 1832 935 1908 interque
964 1848 1034 1889 ea
1060 1830 1203 1889 solis
1224 1838 1281 1889 et
1303 1830 1493 1904 lunae,
1529 1834 1877 1891 contrarium
1903 1833 2117 1893 mundo
2139 1854 2194 1894 20

123 1934 302 1993 agere
336 1925 594 1988 cursum,
638 1912 697 1973 id
740 1923 829 1974 est
870 1913 1098 1973 laevom
1128 1913 1230 1974 illo
1263 1931 1498 1992 semper
1527 1914 1583 1972 in
1615 1916 1912 1975 dexteram
1949 1934 2121 1994 prae-

39 2000 297 2079 33cipiti.
359 1997 432 2057 Et
480 1998 739 2077 quamvis
782 1998 1017 2057 adsidua
1055 1999 1440 2058 conversione
1473 1998 1766 2058 inmensae
1800 1999 2122 2060 celeritatis

123 2083 454 2145 attollantur
496 2081 567 2141 ab
614 2098 685 2140 eo
729 2083 1137 2160 rapianturque
1183 2084 1240 2139 in
1291 2099 1593 2157 occasum,
1648 2082 1895 2143 adverso
1930 2093 2126 2143 tamen

121 2171 209 2227 ire
239 2175 397 2226 motu
428 2184 535 2243 per
565 2182 704 2225 suos
741 2183 1005 2245 quaeque
1040 2184 1265 2244 passuS.
1338 2167 1415 2225 ita
1450 2165 1607 2240 fieri3
1655 2184 1727 2225 ne
1775 2168 2123 2228 convolutus

125 2270 228 2311 aer
261 2251 503 2311 eandem
540 2250 597 2308 in
632 2259 855 2327 partem
886 2259 1121 2310 aeterna
1152 2250 1342 2309 mundi
1376 2250 1659 2325 vertigine
1695 2251 1904 2326 ignavo
1935 2251 2121 2328 globo
2142 2267 2201 2309 aa

125 2344 409 2413 torpeat,·
433 2333 538 2393 sed
573 2334 838 2393 fundatur
880 2331 1128 2393 adverso
1175 2333 1426 2392 siderum
1459 2333 1711 2393 verbere
1744 2335 2035 2395 discretus
2065 2343 2126 2394 et

42 2431 113 2485 34
129 2420 407 2496 digestus.
475 2418 700 2477 Saturni
720 2425 917 2478 'autem
947 2417 1104 2476 sidus
1138 2417 1370 2493 gelidae
1395 2423 1478 2476 'ac
1516 2418 1757 2493 rigentis
1789 2437 1923 2478 esse
1960 2428 2145 2479 natu--

126 2522 252 2578 rae,
285 2502 633 2579 multumque
670 2506 746 2560 ex
777 2519 849 2560 eo
881 2500 1214 2560 inferiorem
1244 2498 1399 2564 Iovis
1425 2501 1699 2560 circulum
1727 2511 1784 2561 et
1806 2502 1941 2561 ideo
1963 2503 2128 2562 motu

126 2587 401 2647 celeriori
451 2586 745 2645 duodenis.
779 2586 1094 2661 circumagi
1138 2585 1319 2644 annis.
1386 2584 1638 2645 Tertium
1665 2583 1910 2662 *Martiffi
1966 2586 2127 2665 quod

127 2672 356 2749 quidam
388 2668 654 2729 Herculis
683 2677 927 2744 vocant,
977 2670 1148 2745 ignea
1182 2668 1435 2728 ardentis
1466 2669 1609 2727 solis
1639 2670 1932 2729 vicinitate
1973 2669 2206 2734 binisso

126 2755 254 2815 fere
298 2755 458 2814 annis
509 2755 802 2827 converti,
856 2753 1106 2831 ideoque
1149 2752 1315 2815 huius
1359 2753 1570 2812 ardore
1616 2754 1788 2813 nimio
1834 2763 1893 2813 et
1922 2754 2124 2831 rigore

128 2840 354 2898 Saturni
389 2838 747 2897 interiectum
777 2836 1056 2897 ambobus
1087 2856 1163 2895 ex
1193 2845 1436 2916 utroque
1469 2837 1780 2915 temperari
1808 2836 2007 2897 lovem
2031 2857 2125 2898 sa-

44 2922 486 2999 35lutaremque
519 2921 666 2980 fieri.
731 2919 956 2980 Deinde
989 2920 1131 2981 solis
1165 2929 1418 2980 meatum
1450 2938 1585 2979 esse
1620 2921 2127 2999 partiumquidem

132 3013 520 3064 trecentarum
541 3005 863 3080 sexaginta,
897 3004 1003 3063 sed
1034 3013 1093 3063 ut
1121 3003 1455 3079 observatio
1480 3004 1806 3064 umbrarum
1837 3006 1963 3064 eius
1984 3006 2125 3066 red-

131 3098 225 3148 eat
256 3089 327 3149 ad
358 3098 523 3148 notas
566 3090 772 3166 quinos
814 3088 973 3148 annis
1010 3088 1135 3147 dies
1179 3089 1326 3148 adici
1373 3105 1664 3166 superque
1697 3098 1956 3166 quartam
1989 3106 2203 3166 par-35

130 3181 244 3230 tem
272 3172 406 3231 diei.
454 3190 621 3249 quam
655 3170 729 3230 ob
763 3190 992 3231 causam
1027 3173 1221 3250 quinto
1254 3188 1576 3231 anno‘unus
1607 3172 1966 3232 intercalaris
1992 3173 2128 3233 dies

46 3264 114 3317 36
130 3255 372 3329 additur,
405 3263 465 3312 ut
493 3264 810 3332 temporum
842 3257 984 3315 ratio
1018 3255 1160 3313 solis
1191 3256 1379 3313 itineri
1411 3263 1705 3331 congruat.
1754 3254 1907 3332 Infra
1934 3256 2126 3316 solem

49 3393 52 3406 ,
132 3339 303 3398 ambit
332 3339 537 3415 ingens
567 3338 724 3397 sidus
756 3338 1104 3417 appellatum
1132 3338 1404 3414 Veneris,
1438 3339 1660 3412 alterno
1690 3347 1879 3400 meatu
1909 3357 2127 3418 vagum
