2320 3650
539 145 701 192 nA'r.
734 143 918 192 ms'r.
948 144 1023 192 11.
1066 139 1307 195 60—64.
1344 96 1643 215 (61464.)
2052 134 2132 194 99
2232 123 2237 134 '

95 300 394 384 quaesita
434 306 628 358 ‘morte
678 298 973 377 sepultura
1022 295 1237 375 pabulo
1285 297 1485 373 fieret,
1534 316 1607 357 ne
1655 298 1797 358 ferri
1845 298 2134 360 cruciatus

119 385 425 447 scinderet
461 400 697 460 corpus.
758 380 842 441 Ita
875 389 996 456 est,
1039 381 1296 440 miserita
1335 381 1533 458 genuit
1573 380 1630 440 id
1663 383 1823 441 cuius
1853 381 2132 442 facillimo

114 471 323 531 haustu
357 466 600 527 inlibato
637 480 889 541 corpore
921 473 981 523 et
1010 481 1136 523 cum
1160 472 1285 523 toto
1323 464 1602 540 sanguine
1629 463 2139 542 exstingueremur

117 552 276 613 nullo
310 550 545 623 labore,
578 548 901 608 sitientibus
932 547 1170 622 similes,
1204 546 1790 626 qualiter,defunctos
1821 565 1937 607 non
1965 549 2132 609 volu·

77 638 270 710 scris‘,
320 651 442 693 non
471 632 598 692 fera
641 632 985 707 attingeret,
1029 638 1341 708 terraeque
1377 639 1712 690 servaretur
1747 632 1842 710 qui
1878 630 1987 691 sibi
2017 633 2133 710 ipsi

116 720 401 799 perisset.
462 714 682 776 Verum
711 712 1006 774 fateamur.
1071 722 1227 773 terra
1261 714 1428 772 nobis
1458 713 1736 773 malorum
1771 713 2086 773 remedium
2113 728 2217 782 157

114 804 341 880 genuit,
377 816 486 859 nos
515 797 657 857 illud
686 799 839 856 vitae
870 796 1115 856 fecimus
1143 813 1448 855 venenum.
1510 795 1640 856 Non
1675 798 1823 857 enim
1857 806 1915 857 et
1945 797 2127 875 ferro,

116 902 233 966 quo
279 899 493 943 carere
527 897 643 941 non
679 883 1016 959 possumne,
1068 878 1238 938 simili
1278 880 1449 939 modo
1493 879 1739 940 utimur?
1796 899 1909 941 nec
1940 888 2132 939 tamen

115 983 507 1048 quereremur
537 964 775 1039 meritc,
811 963 1033 1023 etiamsi
1063 962 1311 1022 malefici
1344 980 1517 1023 causa
1550 963 1796 1024 tulisset.
1847 964 2131 1025 adversus

56 1068 100 1110 10
115 1045 300 1113 unam¹
338 1050 557 1128 quippe
609 1055 845 1106 naturae
888 1054 1109 1124 partem
1158 1046 1367 1122 ingrati
1414 1064 1624 1106 sumus.
1692 1046 1850 1121 Quas
1892 1064 2007 1106 non
2055 1045 2131 1124 ad

114 1134 368 1196 delicias
402 1148 661 1210 quasque
693 1146 807 1189 non
835 1129 909 1189 ad
939 1129 1316 1188 contumelias
1346 1130 1525 1189 servit
1553 1129 1806 1190 homini?
1856 1130 1921 1191 In
1950 1130 2128 1190 maria

111 1219 348 1291 iacitur,
384 1223 481 1275 aut
512 1222 572 1274 ut
600 1214 749 1273 freta
780 1212 1137 1272 admittamus
1174 1212 1447 1272 eroditur.
1506 1216 1690 1293 aquis,
1723 1213 1906 1290 ferro,
1942 1214 2125 1291 lign0,

113 1304 289 1379 igue,
323 1297 555 1376 lapide,
588 1296 789 1372 fruge,
824 1295 1085 1355 omnibus
1116 1296 1402 1355 cruciatur
1433 1295 1624 1373 horis,
1669 1293 1964 1377 multoq‘ue
1986 1298 2128 1375 plus

112 1395 175 1447 ut
222 1381 458 1444 deliciis
502 1398 668 1459 quam
714 1388 772 1438 ut
806 1379 1090 1439 alimentis
1134 1378 1441 1438 famuletur
1492 1379 1725 1440 nos'tris.
1788 1381 1862 1441 Ut
1895 1384 2217 1441 tamen‘158

52 1488 100 1527 15
118 1485 272 1549 quae
303 1481 522 1525 summa
553 1464 797 1542 patiatur
827 1472 998 1541 atque
1045 1471 1304 1523 extrema
1346 1471 1477 1522 cute
1520 1462 1850 1524 tolerabilia
1891 1464 2126 1524 videan-

114 1562 230 1625 tur,
267 1557 644 1629 penetramus
679 1547 735 1605 in
779 1546 1009 1606 viscera
1039 1547 1160 1605 auri
1192 1547 1532 1625 argentique
1565 1565 1747 1606 venas
1780 1556 1838 1606 et
1869 1547 2022 1606 aeris
2058 1562 2130 1605 ac

118 1633 344 1715 plumbi
379 1630 610 1690 metalla
643 1630 953 1704 fodienteS,
987 1639 1246 1706 gemmas
1270 1631 1440 1689 etiam
1465 1638 1523 1689 et
1546 1630 1825 1709 quosdam
1850 1628 2130 1708 parvolos

117 1717 454 1798 quaerimus
486 1713 713 1792 lapides
744 1712 1050 1773 scrobibus
1083 1714 1140 1771 in
1169 1712 1513 1790 profundum
1542 1714 1705 1773 actis.
1746 1714 1979 1774 viscera
2004 1712 2130 1771 eius

117 1798 497 1862 extrahimus.
551 1804 608 1856 ut
640 1797 816 1874 digito
862 1804 1156 1873 gestetur,
1202 1815 1426 1874 gemma
1474 1798 1705 1875 petitur.
1761 1806 1900 1877 quot
1930 1812 2131 1858 manus

46 1900 102 1941 20
116 1892 475 1956 atteruntur,
510 1889 571 1940 ut
599 1898 743 1941 unus
780 1880 956 1941 niteat
984 1880 1288 1940 articulus!
1342 1881 1389 1940 si
1419 1881 1521 1940 ulli
1554 1891 1752 1942 essent
1777 1882 1982 1957 inferi,
2019 1881 2133 1939 iam

117 1967 398 2048 profecto
447 1965 581 2024 illos
627 1965 903 2025 avaritiae
957 1972 1129 2043 atque
1163 1963 1422 2024 luxuriae
1468 1966 1714 2025 cuniculi
1743 1961 2129 2024 refudissent!

118 2061 178 2112 et
206 2051 482 2109 miramur
511 2048 559 2106 si
590 2047 794 2107 eadem
827 2047 899 2108 ad
933 2063 1140 2106 noxam
1171 2049 1369 2124 genuit
1401 2046 1636 2125 aliqua?
1696 2047 1886 2108 Ferae
1918 2048 2088 2121 enim,
2115 2050 2237 2117 159,

120 2133 342 2207 credo,
402 2131 727 2190 custodiunt
777 2130 931 2190 illam
976 2140 1292 2209 arcentque
1346 2132 1668 2210 sacrilegas
1717 2149 1936 2192 manus.
2000 2128 2134 2190 Non

118 2221 274 2277 inter
305 2214 597 2292 serpentis
627 2212 875 2273 fodimus
923 2221 981 2272 et
1026 2231 1209 2274 venas
1243 2215 1364 2273 auri
1408 2223 1715 2275 tractamus
1761 2233 1888 2275 cum
1920 2211 2134 2274 veneni

47 2299 420 2362 2⁵radicibus
437 2294 467 2355 ’ἶ
503 2297 822 2375 placatiore
845 2303 1036 2358 tamen
1059 2296 1170 2357 dea
1197 2295 1273 2356 ob
1299 2297 1468 2373 haec,
1496 2299 1651 2376 quod
1677 2315 1881 2358 omnes
1901 2297 1960 2357 hi
1978 2313 2147 2375 ,opur

111 2385 341 2445 ,lentiae
371 2381 558 2441 exitus
582 2379 909 2439 adscelera
934 2380 1251 2457 caedisque
1277 2389 1335 2439 et
1359 2380 1516 2442 bella
1548 2383 1820 2456 tendunt,
1857 2381 2132 2460 quodque

122 2467 407 2543 sanguine
438 2471 638 2522 nostro
672 2463 926 2539 rigamus
953 2463 1374 2542 insepultisque
1411 2465 1641 2525 ossibus
1682 2466 1960 2543 tegimus,
2008 2462 2129 2541 qui·

122 2551 232 2610 bus
261 2558 459 2609 tamen
497 2545 659 2605 velut
705 2544 1058 2624 exprobrato
1100 2546 1299 2606 furore
1347 2547 1576 2606 tandem
1621 2549 1749 2626 ipsa
1785 2567 1851 2608 se
1895 2545 2132 2608 obducit

124 2643 185 2693 et
221 2631 464 2692 scelera
507 2646 739 2709 quoque
772 2630 1092 2689 mortalium
1124 2630 1394 2690 occultat.
1463 2628 1620 2689 Inter
1655 2632 1889 2692 crimina
1921 2627 2128 2707 ingrati

46 2715 294 2777 soanimi
326 2723 386 2772 et
415 2713 530 2773 hoc
566 2712 829 2772 duxerim
860 2713 1012 2791 quod
1040 2722 1298 2773 naturam
1330 2715 1454 2773 eius
1483 2714 1832 2790 ignoramus,

244 2799 351 2860 64.
389 2796 556 2874 (64.)
590 2793 697 2854 Est
726 2804 913 2854 autem
944 2796 1124 2872 figura
1147 2797 1328 2875 prima
1362 2796 1434 2855 de
1467 2814 1579 2873 qua
1604 2813 1926 2856 consensus
1946 2794 2086 2854 iudi·
2115 2798 2218 2854 160

123 2890 235 2942 cat.
304 2878 524 2939 Orbem
555 2887 719 2938 certe
753 2879 991 2938 dicimus
1019 2888 1214 2939 terrae
1237 2924 1253 2953 ,
1306 2878 1660 2958 globumque
1703 2878 2020 2938 verticibus
2050 2879 2132 2937 in—

124 2965 280 3026 cludi
311 2962 579 3025 fatemur.
633 2959 841 3038 Neque
879 2962 1027 3022 enim
1070 2961 1321 3022 absoluti
1364 2963 1525 3021 orbis
1557 2971 1645 3022 est
1676 2962 1862 3021 forma
1894 2963 2134 3022 intanta

119 3047 399 3108 montium
432 3043 800 3120 excelsitate,
833 3053 985 3105 tanta
1017 3062 1348 3123 camporum
1378 3045 1638 3121 planitie,
1677 3045 1784 3105 sed
1819 3047 1981 3104 cuius
2018 3063 2132 3105 am-

38 3146 106 3187 35
121 3131 374 3212 plexus,
428 3129 478 3186 si
511 3127 701 3204 capita
736 3128 994 3187 liniarum
1026 3126 1568 3205 conprehendantur
1601 3128 1847 3204 ambitu,
1892 3129 2134 3205 liguram

120 3212 382 3274 absoluti
406 3208 569 3269 orbis
595 3209 829 3285 efficiat,
862 3210 919 3270 id
950 3211 1103 3288 quod
1133 3211 1260 3287 ipsa
1284 3227 1475 3268 rerum
1506 3219 1744 3271 naturae
1770 3213 1929 3288 cogit
1958 3213 2130 3286 ratio,

119 3314 238 3357 non
281 3293 495 3354 iisdem
540 3292 730 3350 causis
770 3309 914 3370 quas
960 3293 1248 3352 attulimus
1289 3293 1345 3350 in
1389 3293 1577 3356 caelo.
1638 3312 1884 3372 namque
1926 3296 1984 3353 in
2027 3295 2131 3353 illo

121 3392 266 3441 cava
297 3378 360 3461 iu
395 3394 464 3435 se
497 3377 837 3436 convexitas
869 3376 1094 3452 vergit,
1141 3383 1202 3434 et
1232 3373 1447 3434 cardini
1479 3393 1619 3451 suo,
1649 3376 1764 3436 hoc
1797 3385 1886 3435 est
1913 3386 2129 3459 terrae,

1699 3461 1736 3518 7
1768 3458 1800 3495 *
