2320 3650
214 97 294 159 58
900 87 961 158 c.
1006 112 1197 158 Pmm
1242 111 1541 158 saccum

127 263 397 340 84pleno
439 261 495 320 id
542 279 645 321 ore
691 262 937 338 fecerit,
992 261 1206 322 nullum
1254 260 1500 323 ominum
1527 265 1936 341 praestantius.
2003 266 2207 326 Sunt
2188 286 2236 327 ιιι

215 363 289 404 eo
330 364 550 421 genere
582 348 675 424 qui
711 348 956 406 cervarii
987 355 1289 422 vocantur,
1326 348 1556 424 qualem
1594 367 1626 407 e
1672 347 1855 408 Gallia
1896 349 1955 407 in
1987 349 2233 430 Pompei

149 447 195 480 ⁷⁰
216 429 408 505 Magni
438 430 651 490 harena
680 441 1002 508 spectatum
1036 432 1297 490 diximus,
1331 430 1476 491 Huic
1503 433 1770 509 quamvis
1792 434 1857 490 in
1890 432 2053 492 fame
2083 454 2229 495 man·

214 512 391 589 denti,
435 516 483 573 si
518 517 867 593 respexerit,
916 513 1270 578 oblivionem
1306 515 1419 574 cibi
1450 515 1777 643 subrepere
1809 518 1968 575 aiunt
2002 519 2230 596 digres-

215 615 452 676 sumque
479 617 767 677 quaerere
804 599 977 658 aliud.
2245 618 2259 654 ⁵

124 689 194 743 85
302 682 401 742 23.
453 683 621 759 (35.)
671 682 841 756 Quod
877 682 947 742 ad
981 685 1275 761 serpentis
1307 684 1540 758 attinet,
1589 683 1884 760 volgatum
1932 695 2031 745 est
2078 688 2229 748 colo-

210 784 334 825 rem
370 768 494 826 eius
532 766 846 846 plerasque
879 775 1072 825 terrae
1116 767 1335 826 habere
1368 769 1423 826 in
1478 785 1588 867 qua
1619 768 2032 831 occultentur„
2075 773 2228 831 ἰιιιιιι-

211 869 368 911 mera
401 870 535 910 esse
568 869 806 926 genera.
859 847 1071 912 cerasti
1105 868 1395 929 corpore
1409 853 1665 911 eminere
1713 852 2012 912 cornicula
2055 872 2226 933 saepe

215 936 669 1012 quadrigemina,
706 941 947 1033 quorum
985 945 1143 995 motu
1175 936 1402 1013 reliquo
1438 952 1692 1013 corpore
1736 938 2038 997 occultato
2076 939 2224 1000 solli·

214 1022 390 1078 citent
425 1020 496 1077 ad
530 1037 594 1077 se
642 1020 782 1077 avis.
845 1022 1132 1095 geminum
1178 1029 1353 1097 caput
1393 1019 1863 1097 amphisbaenae,
1896 1021 2016 1081 hoc
2053 1033 2149 1083 est
2178 1031 2273 1083 etio

124 1109 127 1116 “
211 1119 243 1161 a
276 1103 479 1176 cauda,
512 1110 798 1180 tamquam
835 1122 1033 1181 parum
1065 1114 1225 1163 esset
1253 1121 1366 1162 uno
1400 1121 1504 1162 ore
1537 1103 1694 1163 fundi
1723 1123 2036 1165 venenum.
2111 1107 2223 1167 aliis

212 1204 478 1263 squamas
520 1204 676 1261 esse,
717 1187 843 1246 aliis
875 1189 1152 1265 picturaS,
1196 1188 1455 1247 omnibus
1481 1188 1714 1247 exitiale
1738 1190 1914 1248 virne.
1980 1191 2224 1251 iaculum

213 1287 288 1328 ex
318 1270 588 1329 arborum
624 1274 797 1330 ramis
825 1272 1062 1347 vibrari,
1095 1290 1206 1331 nec
1238 1268 1486 1349 pedibu's
1515 1281 1730 1331 tantum
1764 1274 2068 1351 pavendas
2112 1294 2222 1335 ser·

211 1356 402 1431 pentis
450 1356 553 1415 sed
600 1366 656 1413 et
703 1356 904 1415 missili
943 1357 1149 1415 volare
1199 1365 1510 1415 tormento.
1574 1356 1729 1415 colla
1773 1358 2042 1435 aspidum
2090 1362 2221 1419 intu-

208 1456 477 1498 mescere
524 1440 683 1499 nullo
731 1443 885 1513 ictus.
923 1442 1184 1500 remedio
1217 1451 1627 1518 praeterquam
1661 1442 1709 1499 si
1747 1442 2080 1502 confestim
2106 1454 2266 1522 par-1⁵

122 1530 304 1585 86tes
354 1532 656 1583 contactae
698 1534 1078 1603 amputentur.
1143 1524 1304 1583 Unus
1345 1525 1478 1584 huic
1511 1534 1624 1583 tam
1666 1526 1951 1603 pestifero
1998 1526 2223 1587 animali

210 1625 414 1667 sensus
445 1609 542 1667 vel
574 1611 765 1686 potius
802 1610 1064 1668 adfectus
1096 1618 1203 1667 est.
1265 1610 1531 1685 coniugia
1566 1609 1748 1669 ferme
1779 1621 2092 1688 vagantur,
2128 1629 2223 1670 nec

208 1694 315 1750 nisi
349 1710 477 1751 cum
520 1694 646 1770 pari
686 1694 804 1773 vita
849 1702 954 1751 est.
1028 1693 1222 1770 itaque
1260 1694 1537 1752 alterutra
1581 1694 1924 1771 interempta
1979 1696 2220 1755 incredi-

208 1775 340 1835 bilis
385 1776 618 1836 ultionis
663 1776 829 1836 alteri
876 1794 1030 1836 cura.
1109 1778 1369 1855 sequitur
1420 1778 1889 1853 interfectorem,
1935 1797 2220 1859 unumque

210 1878 338 1917 eum
378 1862 433 1918 in
482 1860 844 1940 quantolibet
900 1860 1102 1939 populi
1140 1863 1387 1938 ‚agmine
1431 1863 1632 1921 notitia
1674 1863 1915 1941 quadam
1968 1865 2270 1937 infestam«)

208 1945 529 2022 perrumpit
561 1946 745 2003 omnis
777 1944 1152 2019 difficultatis,
1185 1955 1448 2024 permeat
1478 1947 1662 2024 spatia
1696 1965 1807 2006 nec
1827 1948 1936 2005 nisi
1965 1949 2224 2009 amnibus

121 2034 188 2088 87
215 2038 445 2087 arcetur
505 2038 601 2087 aut
647 2028 976 2106 praeceleri
1023 2029 1180 2106 fuga.
1261 2029 1391 2089 Non
1436 2040 1527 2088 est
1574 2031 1742 2090 fateri
1786 2049 1983 2093 rerum
2026 2043 2224 2093 natura

209 2112 428 2189 largius
464 2113 612 2171 mala
653 2131 725 2172 an
756 2114 1014 2173 remedia
1042 2115 1354 2190 genuerit..
1385 2115 1498 2173 iam
1525 2116 1765 2192 primum
1796 2114 2049 2175 hebetes
2092 2135 2221 2175 ocu·

207 2196 297 2255 los
334 2196 465 2256 huic
489 2197 642 2256 malo
668 2197 847 2272 dedit,
875 2214 1098 2276 eosque
1120 2200 1314 2258 nonin
1339 2198 1551 2274 fronte,
1576 2199 1821 2258 adversa
1844 2208 1906 2258 nt
1929 2208 2222 2275 cerneret,

208 2282 313 2340 sed
365 2283 422 2340 in
473 2281 865 2360 temporibus,
915 2317 999 2328 —·
1040 2284 1236 2362 itaque
1274 2283 1559 2342 excitatur
1591 2283 1744 2362 pede
1779 2285 2017 2361 saepius
2054 2302 2276 2362 quamn

120 2354 352 2440 88visu,
398 2399 483 2409 -—-
513 2365 613 2424 24.
649 2366 858 2425 deinde
892 2368 1311 2425 interneciuum
1336 2366 1551 2426 bellum
1577 2384 1704 2426 cum
1728 2366 2137 2427 ichneumone.

336 2448 503 2527 (36.)
551 2428 762 2509 Notum
799 2459 890 2510 est
920 2451 1128 2510 animal
1162 2451 1273 2510 hac
1302 2450 1493 2527 gloria
1516 2468 1777 2510 maxume
1808 2453 1865 2510 in
1894 2452 2105 2512 eadem
2128 2469 2219 2512 na·

207 2540 321 2590 tum
363 2532 665 2611 Aegypto.
725 2535 935 2611 mergit
980 2552 1048 2594 se
1092 2536 1229 2594 limo
1263 2536 1497 2613 saepius
1544 2537 1844 2613 siccatque
1873 2535 2029 2596 sole.
2089 2552 2221 2595 mox

208 2615 323 2674 nbi
333 2617 595 2693 pluribus
629 2618 836 2677 eodem
864 2619 1038 2678 modo
1073 2638 1138 2678 se
1174 2620 1347 2678 coriis
1383 2619 1670 2695 loricavit,
1705 2622 1760 2680 in
1792 2613 2219 2680 dimicationem

203 2701 416 2779 pergit.
476 2701 533 2759 in
569 2719 640 2760 ea
678 2703 917 2761 caudam
952 2703 1227 2762 attollens
1271 2705 1417 2762 ictus
1453 2705 1654 2763 inritos
1685 2721 1928 2764 aversus
1974 2704 2278 2787 excipit,3⁰

207 2784 395 2844 donec
429 2783 668 2862 obliquo
720 2787 914 2864 capite
962 2788 1298 2865 speculatus
1339 2787 1569 2848 invadat
1610 2789 1667 2846 in
1696 2788 1899 2849 fauciS.
1962 2806 2076 2848 nec
2109 2788 2215 2846 hoc

208 2878 512 2929 contentus
545 2870 696 2929 aliud
730 2870 865 2930 haut
894 2872 1084 2929 mitius
1112 2871 1372 2931 debellat
1405 2872 1631 2932 animal.

118 2960 188 3014 89
334 2952 435 3012 25.
469 2952 637 3031 (37.)
694 2953 1067 3013 Crocodilnm
1099 2954 1270 3014 habet
1310 2955 1495 3030 Nilus,
1555 2956 1867 3034 quadripes
1920 2956 2130 3016 malum
2162 2963 2213 3015 et

203 3045 359 3095 terra
393 3039 611 3114 pariter
646 3057 715 3097 ac
746 3037 976 3097 flumine
1005 3038 1292 3098 infestum.
1350 3058 1521 3098 unum
1550 3040 1665 3100 hoc
1696 3039 1898 3101 animal
1933 3048 2211 3099 terrestre

203 3119 438 3194 linguae
470 3140 577 3179 usu
624 3131 819 3197 caret,
877 3141 1045 3181 unum
1093 3122 1401 3202 superiore
1449 3123 1649 3183 mobili
1689 3124 1923 3184 maxilla
1967 3124 2273 3202 inprimitas

205 3217 456 3261 morsum
487 3205 632 3263 alias
660 3206 979 3266 terribilem
1002 3208 1358 3285 ‘pectinatim‘
1378 3210 1626 3285 stipante
1660 3226 1725 3267 se
1760 3209 2012 3268 dentium
2040 3209 2207 3266 serie.

205 3286 590 3359 magnitudine
639 3290 873 3349 excedit
930 3290 1272 3368 plerumque
1312 3291 1705 3367 duodeviginti
1759 3291 1971 3351 cubita.
2065 3290 2214 3368 parit

209 3382 320 3425 ova
353 3379 559 3444 quanta
586 3389 854 3449 anseres,
899 3391 1087 3452 eaque
1120 3383 1284 3433 extra
1321 3392 1448 3433 eum
1481 3375 1673 3434 locum
1705 3393 1939 3453 semper
1979 3374 2215 3435 incubat
