2320 3650
702 95 863 143 NAT.
896 94 1079 144 ms'r.
1112 96 1228 143 x-v.
1265 90 1437 148 6-8.
1473 85 1701 166 (6-8).
2078 81 2199 144 283

179 247 434 311 odorum
458 266 634 310 causa
657 249 875 310 dictum:
894 258 1003 310 est.
1057 249 1282 311 Indiex
1312 251 1601 312 castaneis
1626 260 1683 310 et
1706 253 1918 313 sesima
1942 260 2115 329 atque
2141 248 2279 324 Ἢὲο·

177 352 367 410 oryza
396 335 597 394 facere
631 334 916 410 dicuntur,
945 334 1369 414 Ichthyophagi
1403 353 1438 394 e
1470 335 1749 414 piscibus.
1804 335 2194 416 Inopia=cogit
2216 341 2279 396 29

177 419 499 498 aliquando
530 418 801 478 luminum
837 436 1017 478 cansa
1046 428 1107 478 et
1136 437 1170 478 e
1204 419 1420 497 platani
1449 418 1613 480 bacis
1648 421 1773 480 lieri
1805 438 1955 500 aqua
1988 429 2046 480 et
2076 419 2200 479 sale

174 504 511 564 maceratis.
570 501 653 562 Et
691 502 1096 563 oenanthinum
1141 503 1210 562 fit
1248 503 1320 562 de
1364 505 1495 582 ipsa
1526 504 1851 581 oenanthe,
1899 514 1958 564 ut
1990 505 2202 564 dictum

117 610 146 652 s
179 597 277 648 est
307 589 365 646 in
396 588 723 664 unguentis.
796 586 1077 647 Gleuchro
1108 596 1353 647 mustum
1390 588 1723 666 incoquitur
1751 605 1974 668 vapore
2007 589 2190 663 lento,
2216 585 2279 662 ,ᾖ

177 670 256 732 ab
305 671 432 730 aliis
480 673 605 731 sine
637 672 756 748 igni
794 671 1162 756 circumdatis
1206 672 1465 731 vinaceis
1494 672 1698 732 diebus
1728 687 1853 733 XXI
1883 673 1971 732 bis
1994 673 2198 748 singn-

104 746 113 755 “
177 757 256 816 lis
289 756 664 834 permixtum,
711 756 1182 834 consumiturque
1208 765 1455 815 uastum
1483 756 1643 816 oleo.
1696 757 1874 835 aliqui
1904 774 2020 817 non
2053 774 2200 816 sam-

177 839 467 919 psuchum
500 843 716 899 tantum
750 839 1070 899 admiscent
1097 839 1205 898 sed
1236 842 1407 900 etiam
1430 842 1781 918 pretiosiora
1803 841 2200 901 odoramenta.

177 942 313 983 nam
361 925 416 982 in
464 924 778 1000 gymnasiis
811 940 1045 1002 quoque
1089 924 1354 983 conditur
1383 924 1696 999 odoribuS,
1745 925 1854 985 sed
1883 924 2198 984 vilissimis.

99 1028 154 1071 10
179 1008 278 1068 Fit
314 1016 375 1067 et
401 1024 478 1066 ex
507 1007 846 1091 aspalatho,
881 1007 1127 1084 calaum,
1163 1007 1445 1085 balsamo,
1478 1009 1570 1085 iri,
1605 1008 1993 1085 cardamomO,
2027 1009 2191 1068 meli·
2216 1017 2279 1073 30

179 1093 330 1167 loto,
362 1091 543 1151 nardo
574 1090 824 1169 Gallico,
855 1108 1116 1170 panace,
1149 1093 1533 1170 sampsucho,
1567 1092 1823 1170 helenio,
1863 1093 2201 1153 cinnamomi

176 1176 404 1250 radice,
443 1177 692 1234 omnium
722 1177 881 1235 sucis
917 1177 976 1234 in
1005 1176 1147 1235 oleo
1176 1178 1484 1236 maceratis
1514 1176 1956 1256 expressisque.
2023 1179 2112 1237 sic
2141 1186 2200 1238 et
2277 1232 2278 1235 ,

178 1259 485 1319 rhodinum
522 1278 558 1318 e
591 1260 769 1336 rosis,
799 1261 1086 1319 iuncinum
1118 1278 1151 1319 e
1183 1261 1385 1337 iunco,
1422 1261 1582 1338 quod
1615 1271 1708 1320 est
1737 1279 1988 1323 rosaceo
2021 1261 2198 1321 simil·

179 1345 397 1418 limum,
430 1346 567 1402 item
587 1343 944 1418 hyoscyamo
980 1353 1040 1403 et
1064 1344 1297 1422 lupinis,
1330 1345 1613 1404 narcisso.
1662 1345 1984 1424 plurumum
2007 1355 2200 1406 autem

98 1450 156 1489 ιε»
178 1427 540 1506 in-Aegypto
570 1444 604 1486 e
633 1429 872 1506 raphani
902 1429 1122 1488 semine
1153 1437 1250 1488 aut
1270 1431 1529 1505 gramine
1559 1429 1818 1490 herbave
1846 1431 2004 1508 quod>
2027 1430 2196 1490 chor-

177 1514 340 1573 tinon
373 1521 614 1588 vocant,
657 1514 796 1586 item
843 1530 876 1571 e
919 1515 1131 1572 sesima
1164 1521 1222 1572 et
1252 1514 1436 1573 urtica
1483 1514 1646 1591 quod
1674 1515 1959 1574 cnidinum
1991 1515 2195 1593 appel-

177 1598 318 1656 lant.
365 1594 415 1655 E
446 1595 570 1655 lilio
603 1605 662 1655 et
691 1596 829 1656 alibi
860 1596 923 1655 iit
950 1595 1057 1656 sub
1086 1597 1181 1656 diu
1215 1597 1367 1672 sele,
1402 1597 1557 1673 luna,
1591 1599 1793 1676 pruina
1821 1608 2193 1677 maceratum.
2214 1607 2279 1662 31

177 1682 313 1740 Suis
353 1678 554 1739 herbis
597 1689 930 1758 conponunt
968 1682 1121 1740 inter.
1153 1679 1587 1760 Cappadociam
1634 1691 1694 1741 et
1722 1681 2002 1743 Galatiam
2045 1682 2201 1762 quod

179 1763 525 1842 Selgiticum
549 1773 795 1840 vocant,
828 1766 1022 1824 nervis
1055 1764 1360 1827 admodum
1388 1766 1565 1843 utile,
1604 1767 1755 1827 sicut
1783 1768 1840 1827 in
1868 1766 2033 1829 Italia
2063 1766 2195 1845 Igu·

93 1864 155 1906 zo
176 1850 316 1908 vini.
377 1847 428 1908 E
457 1850 594 1927 pice
625 1850 689 1909 lit
716 1851 871 1927 quod
902 1851 1182 1928 pissinam
1213 1851 1544 1929 appellant,
1581 1870 1709 1911 cum
1740 1855 2040 1931 coquitur,
2072 1853 2196 1912 vel-

177 1932 402 1993 leribus
436 1950 612 2011 snpra
640 1933 876 1994 halitum
907 1935 1030 1994 eius
1062 1937 1338 2013 expansis
1369 1944 1548 2013 atque
1576 1937 1656 1996 ita
1687 1939 1989 2016 expressis
2008 1982 2024 2012 ,
2060 1954 2195 2015 pro·

175 2018 374 2077 batum
399 2034 666 2077 maxume
705 2036 738 2077 e
769 2017 1007 2082 Bruttia.
1083 2029 1174 2079 est
1203 2021 1356 2078 enim
1385 2020 1762 2097 pinguissima
1795 2029 1854 2080 et
1885 2021 2195 2081 resinosis-

177 2103 342 2160 sima.
400 2100 566 2160 color
594 2101 735 2160 oleo
757 2102 975 2162 fulvos.
1028 2103 1254 2180 Sponte
1284 2104 1543 2162 nascitur
1573 2105 1630 2163 in
1652 2104 1862 2178 Swiae
1900 2106 2192 2165 maritimis
2212 2113 2279 2168 32

178 2184 338 2263 quod
373 2185 689 2245 elaeomeli
717 2195 951 2246 vocant.
1011 2196 1203 2246 manat
1233 2205 1309 2245 ex
1338 2186 1644 2246 arboribus
1669 2187 1907 2265 pingue,
1943 2189 2198 2248 crassius

92 2289 155 2330 π
176 2269 390 2344 melle,
430 2270 623 2329 resina
657 2273 920 2346 tenuiuS,
966 2288 1181 2348 sapore
1211 2270 1397 2346 dulci,
1433 2279 1493 2329 et
1520 2270 1634 2330 hoc
1668 2272 1932 2332 medicis.
1991 2272 2195 2333 Veteri

176 2370 415 2432 quoque
448 2352 586 2413 oleo
618 2369 756 2412 usus
788 2364 880 2413 est
907 2354 979 2414 ad
1019 2354 1302 2433 quaedam
1329 2371 1551 2431 genera
1580 2355 1936 2415 morborum.
1998 2357 2194 2416 existi·

172 2447 358 2496 matur
385 2445 445 2496 et
467 2437 635 2496 ebori
657 2438 1001 2504 vindicando
1026 2457 1058 2498 a
1082 2440 1239 2498 carie
1268 2438 1411 2498 utile
1435 2456 1591 2498 esse.
1642 2449 1803 2499 certe
1827 2441 2195 2501 simulacrum

174 2522 411 2581 Saturni
446 2520 671 2582 Romae
698 2523 846 2582 intus
879 2523 1017 2582 oleo
1049 2522 1338 2600 repletum
1371 2531 1482 2582 est.

304 2602 363 2665 8.
408 2602 536 2683 (8.)
580 2606 771 2683 Super
809 2608 996 2666 omnia
1036 2623 1181 2665 vero
1223 2606 1548 2666 celebravit
1590 2624 1876 2667 amurcam
1920 2608 2184 2670 laudibus
2208 2620 2279 2676 33

92 2687 347 2748 secato.
429 2689 592 2749 dolia
633 2691 853 2750 olearia
894 2690 1192 2769 cadosque
1231 2690 1334 2750 illa
1376 2690 1567 2767 inbui,
1621 2709 1694 2750 ne
1736 2691 1932 2752 bibant
1975 2694 2190 2769 oleum,

172 2790 409 2834 amurca
436 2772 629 2850 subigi
660 2791 830 2833 areas
861 2775 1118 2835 terendis
1145 2775 1460 2848 messibus,
1494 2784 1555 2835 ut
1587 2775 1866 2835 formicae
1890 2778 2190 2856 rimaeque

172 2857 397 2933 absint,
449 2859 585 2935 quin
617 2866 678 2915 et
705 2857 881 2917 lutum
914 2860 1198 2935 parietum
1229 2876 1300 2919 ac
1329 2860 1579 2919 tectoria
1610 2869 1670 2919 et
1697 2862 2028 2937 pavimenta
2057 2861 2191 2921 hor-

168 2958 406 3001 reorum
446 2942 745 3016 frumenti,
795 2944 1070 3002 vestiaria
1114 2944 1531 3003 etiamcontra
1575 2943 1869 3004 teredines
1904 2963 1974 3005 ac
2016 2948 2191 3007 noxia

170 3024 499 3085 animalium
530 3026 761 3086 amurca
791 3025 1085 3104 adspergi,
1117 3029 1337 3087 semina
1367 3028 1594 3104 frugum
1626 3028 1919 3106 perfimdi.
1973 3029 2191 3090 morbis

91 3109 626 3188 asquadripedum,
673 3109 942 3171 arborum
984 3128 1221 3191 quoque
1268 3112 1368 3172 illa
1404 3112 1782 3188 medendum,
1839 3113 2067 3174 efficaci
2118 3115 2189 3175 ad

166 3194 375 3254 ulcera
427 3167 704 3255 inleriora
750 3194 978 3255 humani
1019 3212 1257 3274 quoque
1307 3198 1447 3255 oris.
1522 3196 1649 3257 lora
1691 3198 1862 3258 etiam
1911 3208 1971 3258 et
2019 3200 2180 3260 coria
2204 3210 2276 3266 34

56 3335 59 3338 ,
167 3278 363 3339 omnia
394 3286 457 3335 et
485 3278 822 3339 calciamina
844 3282 1095 3358 ‘axisque
1124 3280 1373 3341 decocta
1402 3283 1605 3357 ungui,
1650 3290 1825 3361 atque
1856 3292 2187 3343 aeramenta

168 3370 379 3423 contra
428 3363 763 3439 aeruginem
815 3365 1149 3442 colorisque
1197 3366 1383 3441 gratia
1432 3365 1856 3445 elegantioris,
1899 3376 1960 3427 et
2005 3375 2184 3427 totam

2149 3493 2279 3583 Δ
