2320 3650
669 123 828 170 NAT.
860 121 1041 168 ms'r.
1073 121 1147 167 11.
1179 116 1348 170 8-9,
1382 106 1497 185 (6.)
2034 107 2108 166 71

157 276 391 355 ipsisque
428 277 859 352 cognominibus
893 275 1172 334 aemulum
1208 272 1348 331 solis
1379 291 1447 332 ac
1489 272 1675 332 lunae.
1731 276 2114 349 praeveniens

159 362 350 438 quippe
395 368 454 420 et
493 368 622 419 ante
651 360 978 419 matutinum
1010 359 1296 416 exoriens·
1313 356 1538 415 luciferi
1569 373 1775 414 nomen
1810 359 2020 436 accipit
2056 366 2114 416 ut

155 445 231 503 sol
257 443 401 505 alter
430 444 695 522 diemque
726 453 1029 517 maturans,
1064 451 1262 501 contra
1292 440 1364 499 ab
1402 457 1614 499 occasu
1647 439 1943 519 refulgens
1978 460 2113 499 nun-

155 536 371 605 cupatur
402 546 617 605 vesper
649 536 709 586 ut
737 544 1060 605 prorogans
1091 525 1281 584 lucem
1311 526 1612 602 vicemque
1643 523 1808 584 lunae
1841 526 2111 585 reddens.

120 611 316 683 ⁵Quam
351 621 603 671 naturam
647 612 771 670 eius
812 611 1170 686 Pythagoras
1213 609 1436 668 Samius
1479 609 1693 685 primus
1739 608 2196 686 deprehendit37

155 692 472 773 Olympiade
504 696 736 754 circiter
765 692 948 769 XLII,
982 696 1077 771 qui
1110 693 1220 752 fuit
1243 691 1400 750 urbis
1432 690 1651 750 Romae
1684 709 1860 751 annus
1892 689 2112 751 CXLII.

152 777 250 836 Iam
277 780 662 855 magnitudine
697 787 857 837 extra
890 786 1093 837 cuncta
1145 776 1256 836 alia
1290 776 1482 837 sidera
1514 784 1634 848 est,
1689 775 1963 835 claritatis
1996 776 2116 853 qui-

152 861 265 920 dem
304 871 494 923 tantae
542 871 601 921 ut
643 862 805 920 unius
838 860 1003 921 huius
1056 857 1263 919 stellae
1304 859 1478 918 radiis
1522 859 1758 918 umbrae
1788 859 2115 918 reddantur.

154 946 322 1023 itaque
364 954 425 1005 et
462 946 523 1004 in
566 963 771 1021 magno
805 946 1090 1004 nominum
1132 942 1344 1003 ambitu
1391 951 1498 1001 est.
1554 944 1649 1002 alii
1687 944 1836 1003 enim
1867 942 2117 1013 lunonis,

102 1043 138 1083 ιο
150 1027 234 1086 alii
264 1028 451 1104 Isidis,
487 1028 584 1089 alii
607 1028 804 1088 Matris
825 1028 1011 1088 Deum
1041 1026 1437 1105 appellavere.
1483 1026 1659 1085 Huius
1689 1037 1882 1086 natura
1917 1030 2205 1085 cuncta-'38

153 1121 482 1187 generantur
510 1113 569 1171 in
600 1114 792 1171 terris.
829 1131 1073 1189 namque
1105 1113 1160 1169 in
1191 1110 1468 1169 alterutro
1499 1120 1701 1170 exortu
1726 1110 1961 1188 genitali
1985 1126 2148 1171 rore·

154 1212 538 1274 conspergens
569 1214 683 1255 non
713 1206 902 1256 terrae
947 1194 1117 1255 modo
1151 1202 1471 1271 conceptus
1502 1194 1713 1273 inplet,
1769 1213 1968 1253 verum
2004 1193 2119 1252 ani-

154 1281 395 1339 mantium
432 1297 667 1359 quoque
716 1281 960 1339 omnium
1003 1279 1267 1338 stimulata
1323 1278 1582 1354 signiferi
1626 1287 1812 1341 autem
1854 1276 2122 1337 ambitum

152 1364 357 1440 peragit
386 1366 646 1424 trecenis
681 1373 738 1422 et
770 1363 1381 1442 duodequinquagenis
1425 1361 1656 1434 diebus,
1714 1379 1745 1421 a
1791 1361 1917 1420 sole
1964 1379 2118 1419 num-

102 1458 302 1524 nquam
350 1448 638 1507 absistens
684 1447 941 1524 partibus
983 1465 1089 1505 sex
1131 1455 1303 1524 atque
1352 1445 1723 1522 quadraginta
1755 1444 2013 1521 longius,
2061 1451 2121 1502 ut

153 1528 366 1589 Timaeo
397 1532 614 1609 placet.
685 1531 864 1590 Simili
893 1532 1146 1606 ratione,
1202 1529 1306 1588 sed
1337 1546 1696 1606 nequaquam
1729 1528 2110 1604 magnitudine
2135 1534 2203 1588 39

152 1622 234 1671 aut
252 1615 326 1687 vi,
360 1632 705 1692 proxumum
732 1615 816 1674 illi
849 1612 1096 1673 Mercuri
1128 1614 1308 1688 siduS,
1342 1631 1373 1671 a
1403 1612 1736 1689 quibusdam
1767 1612 2121 1690 appellatum

154 1695 442 1775 Apollinis,
478 1698 756 1757 inferiore
790 1699 1006 1758 circulo
1047 1698 1230 1758 fertur
1260 1714 1467 1756 novem
1499 1695 1699 1755 diebus
1732 1697 1932 1755 ociore
1965 1694 2119 1754 amb—

152 1778 239 1855 itu,
268 1782 432 1842 modo
472 1791 605 1842 ante
638 1782 779 1842 solis
812 1791 1073 1842 exortum
1103 1781 1279 1841 modo
1315 1788 1449 1859 post
1485 1796 1755 1840 occasum
1778 1779 2118 1859 splendenS‚

100 1881 432 1944 mnumquam
471 1866 544 1927 ab
577 1885 648 1925 eo
677 1868 876 1943 viginti
915 1866 1131 1926 duabus
1164 1866 1418 1962 partibus
1453 1866 1749 1940 remotior,
1783 1874 1842 1923 ut
1875 1862 2120 1924 Cidenas

154 1957 203 2005 et
232 1950 548 2027 Sosigenes
581 1951 811 2012 docent
852 1949 990 2011 Ideo
1024 1959 1081 2009 et
1112 1936 1424 2027 peculiaris
1459 1949 1659 2008 horum
1694 1950 1943 2008 siderum
1974 1948 2120 2006 ratio

155 2040 231 2092 est
250 2052 433 2114 neque
469 2037 781 2096 communis
815 2053 941 2096 cum
963 2051 1136 2112 supra
1162 2033 1347 2092 dictis.
1384 2051 1510 2093 nam
1543 2051 1613 2092 ea
1641 2042 1698 2091 et
1728 2041 1930 2110 quarta
1953 2039 2205 2109 parte-10

155 2118 288 2177 caeli
315 2138 346 2178 a
377 2120 510 2179 sole
543 2120 753 2179 abesse
784 2127 842 2177 et
876 2120 1067 2192 tertia,
1101 2126 1159 2175 et
1183 2116 1423 2176 adversa
1446 2118 1559 2176 soli
1584 2134 1764 2195 saepe
1792 2124 2122 2187 cernuntur,

148 2204 503 2281 maioresque
537 2204 682 2263 alios
714 2202 924 2262 habent
956 2210 1156 2260 cuncta
1188 2200 1397 2277 plenae
1439 2201 1835 2259 conversionis
1882 2198 2123 2258 ambitus

102 2285 204 2342 asin
229 2290 407 2364 magni
437 2289 569 2347 anni
599 2289 822 2345 ratione
859 2284 1156 2344 dicendoS.
2111 2301 2165 2341 ιο,
2187 2302 2208 2332 ⁵

264 2370 319 2430 9.
363 2371 485 2430 Sed
538 2372 783 2431 omnium
828 2370 1259 2429 admirationem
1303 2368 1478 2427 vincit
1532 2367 1900 2426 novissimum
1943 2365 2207 2437 siduS,4l

158 2454 307 2511 terris
341 2454 837 2514 familiarissimum
882 2463 939 2512 et
971 2456 1027 2511 in
1063 2451 1426 2512 tenebrarum
1470 2451 1779 2510 remedium
1815 2449 1886 2509 ab
1927 2458 2126 2509 natura

157 2547 427 2612 repertum
467 2537 656 2610 lunae.
710 2537 1071 2614 Multiformis
1101 2536 1249 2595 haec
1284 2535 1523 2610 ambage
1547 2536 1714 2593 torsit
1737 2535 1963 2611 ingenia
1991 2550 2123 2592 con-

160 2621 531 2698 templantium
574 2628 635 2681 et
674 2639 1008 2699 proxumum
1050 2620 1303 2695 ignorari
1354 2636 1613 2677 maxume
1649 2619 1803 2678 sidus
1835 2618 2124 2692 indignan-

105 2702 299 2779 sotium,
331 2724 608 2765 crescens
643 2723 873 2783 semper
902 2714 996 2766 aut
1026 2721 1343 2763 senescens
1376 2712 1434 2762 et
1462 2703 1632 2761 modo
1662 2710 1894 2761 curvata
1917 2701 1974 2758 in
2000 2716 2128 2759 cor·
2142 2708 2211 2760 42

160 2804 258 2846 nna
282 2788 467 2864 falcis,
511 2789 684 2848 modo
714 2807 898 2867 aequa
933 2789 1201 2867 portione
1238 2787 1451 2860 div-isa,
1486 2786 1656 2845 modo
1688 2787 1907 2843 sinuata
1942 2785 1998 2843 in
2034 2799 2126 2842 or·

160 2867 305 2946 bem,
342 2873 640 2934 maculosa
682 2873 998 2950 eademque
1039 2871 1229 2931 subito
1272 2872 1631 2949 praenitens,
1689 2870 1940 2927 inmensa
1984 2866 2127 2926 orbe

161 2952 320 3029 pleno
352 2974 420 3016 ac
449 2966 692 3034 repente
725 2957 913 3031 nulla,
960 2956 1100 3015 alias
1131 2971 1356 3052 pernox
1388 2955 1529 3012 alias
1565 2971 1695 3012 sera
1729 2961 1786 3011 et
1817 2960 1980 3030 parte
2016 2950 2129 3010 diei

166 3036 293 3096 solis
323 3039 507 3100 lucem
529 3041 824 3115 adiuvans,
860 3041 1134 3100 deficiens
1163 3040 1298 3098 etin
1323 3038 1554 3098 defectu
1580 3046 1767 3096 tamen
1792 3038 2126 3114 conspicua,

107 3136 153 3176 35
169 3136 302 3196 quae
330 3126 538 3183 mensis
566 3127 729 3184 exitu
760 3124 921 3199 latet,
956 3143 1083 3183 cum
1106 3124 1373 3183 laborare
1405 3139 1518 3181 non
1544 3120 1811 3181 creditur.
1846 3122 1955 3179 iam
1984 3135 2127 3180 vero
2144 3121 2213 3175 43

167 3201 372 3264 humilis
399 3208 657 3282 excelsa,
696 3217 755 3268 et
784 3227 854 3266 ne
886 3208 942 3267 id
968 3206 1201 3286 'quidem
1231 3215 1342 3265 uno
1375 3206 1566 3280 mode,
1600 3205 1704 3264 sed
1736 3205 1876 3265 alias
1904 3205 2129 3264 admota
2273 3215 2274 3266 l

170 3288 321 3347 caelo
340 3290 491 3350 -alias
527 3293 801 3368 contigua
828 3290 1111 3350 montibus
1133 3337 1150 3366 ,
1182 3309 1332 3349 nunc
1361 3290 1417 3348 in
1446 3289 1769 3366 aquilonem
1801 3289 1950 3348 elata
1978 3304 2130 3346 nunc
2273 3289 2274 3294 ’

171 3368 221 3427 ὶιι
249 3381 463 3435 austros
492 3376 752 3451 deiecta,
801 3393 948 3454 quae
989 3375 1212 3452 singula
1252 3376 1309 3432 in
1340 3391 1409 3433 ea
1439 3373 1816 3453 deprehendit
1844 3371 2130 3431 hominum

2135 3515 2173 3539 A
