2320 3650
541 117 1778 205 NAT.111s·r.xn.19²-.÷-22.(42-48.)
2011 120 2140 182 v225

260 289 432 368 (46.)
473 232 909 363 Myrobalanum
948 288 1302 366 Trogodytis
1349 298 1410 349 et
1444 288 1726 351 Thebaidi
1771 300 1829 351 et
1858 289 2109 350 Arabiae
2125 301 2227 355 100

126 392 283 453 quae
312 373 585 434 Iudaeam
607 372 678 432 ab
708 371 982 450 Aegypto
1012 373 1372 433 disterminat
1398 390 1710 434 commune
1731 384 1866 435 est.
1888 375 2141 434 nascitur

58 468 61 469 ’
122 466 458 535 unguento,
490 465 550 515 ut
566 458 698 534 ipso
721 457 949 515 nomine
979 457 1252 534 adparet,
1286 474 1400 534 quo
1428 459 1566 517 item
1587 458 1871 518 indicatur
1896 467 1955 518 et
1977 458 2136 536 glan-

122 543 263 603 dem
292 559 431 600 esse
459 539 685 599 arboris
719 539 1108 618 heliotropio,
1155 558 1324 618 quam
1356 541 1615 601 dicemus
1657 543 1809 602 inter
1846 540 2080 618 herbaS,
2097 563 2222 606 ἰιι

74 617 303 689 assimili
330 624 497 684 folio.
556 623 779 684 fructus
816 625 1205 700 magnitudine
1234 623 1540 685 abellanae
1581 627 1763 685 nucis.
1811 624 1904 684 Ex
1932 626 2020 685 his
2053 629 2109 685 in
2123 638 2220 690 101

120 708 351 770 Arabia
382 725 632 768 nascens
673 709 915 783 Syriaca
946 708 1293 786 appellatur,
1327 717 1393 768 et·
1408 718 1499 768 est
1529 710 1804 786 candida,
1839 719 2039 769 contra
2080 716 2139 770 in

29 838 32 860 ,
123 791 467 853 Thebaide
464 793 663 869 nigra.
722 791 1053 870 praefertur
1090 792 1191 852 illa
1218 791 1475 852 bonitate
1520 793 1636 853 olei
1666 794 1822 872 quod
1866 795 2134 872 exprimi-

29 923 30 928 1
118 887 250 952 tur,
302 875 409 935 sed
460 877 632 953 copia
673 874 984 935 Thebaica.
1044 878 1196 935 inter
1233 875 1382 936 haec
1423 877 1817 954 Trogodytica
1862 878 2137 938 vilissima

29 1004 32 1019 ,
121 970 240 1020 est.
283 968 413 1020 sut
435 961 534 1038 qui
556 958 963 1038 Aethiopicam
987 960 1076 1019 his
1096 959 1462 1038 praeferant,
1489 961 1766 1038 glandem
1785 963 2006 1039 nigram
2023 976 2134 1020 nec

48 1063 102 1105 ιο
121 1047 442 1124 pinguem,
474 1043 803 1122 nucleoque
833 1043 1072 1120 gracili,
1105 1043 1213 1103 sed
1241 1043 1467 1121 liquore
1498 1047 1593 1131 qui
1625 1046 1965 1124 exprimitur
1993 1046 2134 1105 odo·

29 1172 34 1181 .
118 1129 362 1204 ratiori,
392 1136 728 1187 nascentem
756 1130 814 1187 in
843 1120 1283 1226 campestribus.
1345 1122 1695 1207 Aegyptiam
1733 1130 2097 1208 pinguiorem
2118 1139 2219 1192 102

29 1258 34 1291 2
119 1230 265 1273 esse
296 1221 358 1271 et
389 1212 711 1271 crassiore
727 1213 950 1271 cortice
1000 1211 1301 1270 rubentem
1336 1219 1425 1288 et,
1484 1214 1741 1290 quamvis
1780 1215 1837 1272 in
1866 1214 2134 1293 palustri-

29 1342 34 1375 ,
116 1297 233 1357 bus
267 1303 574 1372 nascatur,
615 1294 946 1355 breviorem
977 1296 1422 1373 siccioremque
1482 1314 1515 1355 e
1561 1296 1795 1356 diverso
1825 1297 2135 1357 Arabicam

28 1430 32 1439 .
117 1380 373 1440 viridem
413 1397 486 1439 ac
517 1380 838 1439 tenuiorem
871 1389 961 1455 et,
997 1380 1263 1467 quoniam
1295 1380 1370 1438 sit
1398 1389 1735 1454 montuosa,
1770 1382 2130 1459 spissiorem

48 1481 102 1523 ιε
120 1465 308 1541 longe
350 1472 538 1523 autem
579 1472 866 1541 optumam
904 1444 1206 1522 Petraeam
1247 1480 1323 1522 ex
1372 1480 1485 1540 quo
1542 1463 1783 1523 diximus
1831 1464 2073 1543 oppido,
2093 1484 2129 1526 ο.
2151 1484 2219 1520 1⁴⁴

29 1604 34 1629 2
117 1550 296 1626 nigro
331 1548 576 1622 cortice,
606 1547 817 1606 nucleo
845 1547 1109 1607 candido.
1166 1547 1527 1624 unguentarii
1551 1556 1739 1619 autem
1764 1556 1979 1607 tantum
2006 1566 2134 1608 cor·

29 1631 33 1703 ]
118 1635 280 1693 tices
323 1638 618 1709 premunt,
671 1631 900 1692 medici
923 1631 1201 1706 nucleae,
1262 1616 1573 1691 tundentes
1618 1631 1821 1692 adfusa
1862 1632 2136 1735 paulatim
2197 1660 2202 1663 Δ

120 1715 320 1778 calida
351 1732 518 1794 aqua.

254 1798 358 1859 22.
407 1798 571 1877 (47.)
617 1795 997 1873 Myrobalano
1034 1798 1092 1858 in
1119 1798 1430 1878 unguentis
1461 1799 1705 1861 similem
1732 1815 2222 1880 proxumum-1⁰3

46 1906 100 1948 so
122 1903 246 1964 que
275 1900 441 1943 usum
472 1882 651 1942 habet
676 1882 865 1960 palma
895 1883 950 1941 in
983 1882 1259 1963 Aegypto
1291 1901 1440 1963 quae
1470 1895 1715 1945 vocatur
1748 1886 2009 1965 adipsos,
2053 1890 2136 1948 vi-

29 2030 30 2053 ,
116 1968 303 2043 ridis,
344 1967 528 2027 odore
549 1966 685 2025 mali
717 1968 984 2042 cotonei,
1018 1968 1178 2027 nullo
1209 1969 1359 2028 intus
1391 1968 1568 2046 ligno.
1626 1970 1922 2046 colligitur
1946 1981 2136 2032 autem

29 2116 32 2133 t
115 2052 304 2133 paulo
348 2059 478 2111 ante
524 2068 692 2128 quam
737 2051 975 2128 incipiat
1002 2059 1419 2113 maturescere.
1478 2053 1633 2131 quod
1675 2054 1724 2113 si
1756 2054 2134 2133 relinquatur,

29 2138 30 2147 ’
114 2133 666 2217 phoenicobalanus
705 2129 949 2194 vocatur
994 2143 1055 2193 et
1089 2136 1371 2212 nigrescit
1412 2138 1828 2214 vescentisqne
1865 2137 2133 2198 inebriat.

29 2222 30 2229 ’
112 2218 506 2296 myrobalano
551 2219 796 2295 pretium
842 2220 899 2277 in
931 2216 1109 2278 libras
1137 2215 1193 2277 X
1228 2232 1300 2278 11.
1346 2220 1661 2296 institores
1676 2228 1733 2279 et
1766 2220 1994 2281 faecem
2037 2238 2135 2281 un·

29 2324 98 2383 ,ns
117 2304 330 2383 guenti
363 2301 477 2361 hoc
508 2303 736 2361 nomine
767 2301 1084 2379 appellant.
1843 2344 1847 2350 -

29 2399 32 2453 j
250 2384 424 2465 (48.)
472 2384 739 2446 Calamus
772 2403 1004 2463 quoque
1036 2386 1312 2447 odoratus
1335 2387 1390 2445 in
1420 2385 1635 2446 Arabia
1664 2405 1913 2448 nascens
1944 2398 2221 2453 com-104

29 2540 30 2557 χ
110 2473 309 2534 munis
342 2470 500 2529 Indis
530 2478 703 2548 atque
728 2471 954 2545 ,Syriae
984 2478 1109 2547 est,
1157 2472 1216 2529 in
1252 2487 1365 2548 qua
1399 2471 1575 2529 vincit
1597 2472 1806 2533 omnis.
1866 2491 1897 2532 a
1933 2482 2134 2533 nostro

29 2564 30 2629 s
111 2557 269 2617 mari
304 2566 392 2614 GL
424 2554 625 2614 stadiis
655 2555 804 2612 inter
819 2552 1090 2613 Libanum
1121 2563 1373 2613 montem
1398 2553 1688 2633 aliumque
1723 2555 2137 2632 ignobilem-

29 2634 30 2639 ’
109 2658 273 2715 non,
309 2647 374 2697 ut
397 2638 624 2717 quidam
648 2638 1090 2714 existimavere,
1123 2637 1510 2697 Antilibanum
1534 2640 1691 2698 —in
1722 2640 1989 2699 convalle
2014 2657 2134 2699 mo-

43 2726 257 2790 audien
290 2724 449 2782 iuxta
480 2721 697 2796 lacum,
752 2722 911 2780 cuius
953 2722 1230 2821 palustria
1267 2730 1494 2782 aestate
1526 2722 1845 2799 siccantur,
1895 2724 2132 2783 tricenis

29 2824 30 2827 ’
109 2809 190 2871 ab
225 2823 305 2868 eo
345 2804 544 2866 stadiis
575 2806 829 2865 calamus
859 2813 919 2863 et
949 2806 1149 2865 iuncus
1182 2805 1408 2865 odorati
1438 2806 1766 2883 gignuntur.
1818 2824 1958 2867 sane
1984 2807 2134 2867 enim

109 2893 385 2956 dicamus
429 2898 493 2948 et
537 2888 609 2949 de
655 2891 861 2964 iunco,
911 2889 1170 2967 quamvis
1212 2889 1327 2949 alio
1358 2888 1555 2949 herbis
1595 2889 1787 2951 dicato
1818 2892 2130 2967 volumine,
2152 2911 2198 2945 22

110 2976 400 3057 quoniam
428 2981 616 3033 tamen
639 2973 735 3033 hic
754 2982 1172 3050 unguentorum
1194 2974 1432 3033 materia
1455 2981 1752 3034 tractatur.
1786 2975 1925 3035 nihil
1950 2992 2095 3053 ergo
2116 2985 2217 3037 105

110 3080 144 3122 a
197 3058 427 3122 ceteris
473 3059 561 3116 sui
600 3058 837 3135 generis
888 3056 1174 3117 differunt
1197 3065 1471 3135 aspectu,
1519 3058 1627 3117 sed
1670 3060 1922 3119 calamus
1964 3077 2132 3138 prae-

37 3144 373 3212 ustantior
403 3140 586 3201 odore
619 3144 807 3202 statim
841 3160 874 3201 e
907 3142 1223 3240 longinquo
1255 3142 1488 3218 invitat,
1537 3141 1771 3202 mollior
1802 3152 1979 3219 tactu,
2013 3161 2130 3203 me-

29 3240 30 3243 ’
109 3231 362 3305 liorque
394 3225 489 3302 qui
517 3227 700 3285 minus
732 3225 958 3303 fragilis
988 3233 1048 3285 et
1078 3227 1174 3303 qui
1203 3225 1467 3286 assulose
1498 3226 1691 3303 potins
1724 3245 1891 3306 qnam
1924 3229 2019 3306 qui
2041 3245 2130 3288 ra-

29 3307 32 3324 *
111 3312 304 3393 phani
337 3309 509 3369 modo
538 3310 836 3386 frangitur.
888 3310 1048 3370 Inest
1087 3309 1316 3370 fistulae
1344 3326 1648 3386 araneum,
1697 3312 1852 3390 quod
1882 3320 2094 3372 vocant
2112 3321 2215 3375 106

109 3397 354 3459 florem.
417 3395 803 3471 praestantior
834 3403 925 3454 est
956 3394 1048 3454 cui
1076 3395 1457 3455 numerosius.
1516 3394 1743 3474 reliqua
1772 3396 2041 3477 probatio
2069 3402 2131 3454 ut

217 3498 369 3539 prm.
398 3497 523 3536 ΝΑτ.
555 3497 695 3536 ιιιειτ.
724 3482 788 3538 II.
842 3501 845 3504 ·
1650 3480 1725 3540 15

29 1772 34 1805 l

2217 3547 2273 3611 A
