<?xml version="1.0" encoding="UTF-8"?>
<!DOCTYPE html PUBLIC "-//W3C//DTD XHTML 1.0 Transitional//EN"
    "http://www.w3.org/TR/xhtml1/DTD/xhtml1-transitional.dtd">
<html xmlns="http://www.w3.org/1999/xhtml" xml:lang="en" lang="en">
 <head>
  <title>
</title>
<meta http-equiv="Content-Type" content="text/html;charset=utf-8" />
  <meta name='ocr-system' content='tesseract 3.04.00' />
  <meta name='ocr-capabilities' content='ocr_page ocr_carea ocr_par ocr_line ocrx_word'/>
</head>
<body>
  <div class='ocr_page' id='page_1' title='image "./cplinisecundina00eldegoog_0201.png"; bbox 0 0 2320 3650; ppageno 0'>
   <div class='ocr_carea' id='block_1_1' title="bbox 73 10 2318 3450">
    <p class='ocr_par' dir='ltr' id='par_1_1' title="bbox 163 10 2308 416">
     <span class='ocr_line' id='line_1_1' title="bbox 170 10 2308 310; baseline -0.001 -160"><span class='ocrx_word' id='word_1_1' title='bbox 170 90 286 150; x_wconf 89' lang='lat'>170</span> <span class='ocrx_word' id='word_1_2' title='bbox 862 100 902 147; x_wconf 90' lang='lat' dir='ltr'>c</span> <span class='ocrx_word' id='word_1_3' title='bbox 956 99 1148 146; x_wconf 78' lang='lat' dir='ltr'>Pmm</span> <span class='ocrx_word' id='word_1_4' title='bbox 1178 98 1478 148; x_wconf 68' lang='lat' dir='ltr'>sneunm</span> <span class='ocrx_word' id='word_1_5' title='bbox 2196 10 2308 310; x_wconf 54' lang='lat'>³</span> 
     </span>
     <span class='ocr_line' id='line_1_2' title="bbox 163 235 2176 332; baseline 0.001 -16"><span class='ocrx_word' id='word_1_6' title='bbox 163 255 298 316; x_wconf 85' lang='lat' dir='ltr'>Deli</span> <span class='ocrx_word' id='word_1_7' title='bbox 325 254 368 314; x_wconf 99' lang='lat' dir='ltr'>L</span> <span class='ocrx_word' id='word_1_8' title='bbox 411 255 530 316; x_wconf 91' lang='lat' dir='ltr'>mil.</span> <span class='ocrx_word' id='word_1_9' title='bbox 568 271 758 332; x_wconf 90' lang='lat' dir='ltr'>pass.,</span> <span class='ocrx_word' id='word_1_10' title='bbox 792 254 1111 332; x_wconf 88' lang='lat' dir='ltr'>eademque</span> <span class='ocrx_word' id='word_1_11' title='bbox 1140 271 1175 313; x_wconf 93' lang='lat' dir='ltr'>a</span> <span class='ocrx_word' id='word_1_12' title='bbox 1206 254 1377 313; x_wconf 89' lang='lat' dir='ltr'>Samo</span> <span class='ocrx_word' id='word_1_13' title='bbox 1419 250 1641 313; x_wconf 81' lang='lat' dir='ltr'>XXXV</span> <span class='ocrx_word' id='word_1_14' title='bbox 1666 241 1819 331; x_wconf 81' lang='lat' dir='ltr'>mil.,</span> <span class='ocrx_word' id='word_1_15' title='bbox 1842 235 2021 317; x_wconf 43' lang='lat' dir='ltr'>‘inter</span> <span class='ocrx_word' id='word_1_16' title='bbox 2051 254 2176 318; x_wconf 83' lang='lat' dir='ltr'>Eu·</span> 
     </span>
     <span class='ocr_line' id='line_1_3' title="bbox 163 335 2179 416; baseline 0.001 -17"><span class='ocrx_word' id='word_1_17' title='bbox 163 341 371 400; x_wconf 90' lang='lat' dir='ltr'>boeam</span> <span class='ocrx_word' id='word_1_18' title='bbox 413 348 470 399; x_wconf 95' lang='lat' dir='ltr'>et</span> <span class='ocrx_word' id='word_1_19' title='bbox 500 338 756 398; x_wconf 85' lang='lat' dir='ltr'>Andrum</span> <span class='ocrx_word' id='word_1_20' title='bbox 784 335 839 396; x_wconf 91' lang='lat' dir='ltr'><strong>X</strong></span> <span class='ocrx_word' id='word_1_21' title='bbox 864 338 982 397; x_wconf 92' lang='lat' dir='ltr'>mil.</span> <span class='ocrx_word' id='word_1_22' title='bbox 1016 355 1173 416; x_wconf 89' lang='lat' dir='ltr'>pass.</span> <span class='ocrx_word' id='word_1_23' title='bbox 1204 337 1392 414; x_wconf 80' lang='lat' dir='ltr'>freto,</span> <span class='ocrx_word' id='word_1_24' title='bbox 1422 337 1497 396; x_wconf 91' lang='lat' dir='ltr'>ab</span> <span class='ocrx_word' id='word_1_25' title='bbox 1529 355 1600 397; x_wconf 93' lang='lat' dir='ltr'>ea</span> <span class='ocrx_word' id='word_1_26' title='bbox 1638 335 1978 399; x_wconf 82' lang='lat' dir='ltr'><strong>Geraestum</strong></span> <span class='ocrx_word' id='word_1_27' title='bbox 2008 338 2179 401; x_wconf 89' lang='lat' dir='ltr'>CXII</span> 
     </span>
    </p>

    <p class='ocr_par' dir='ltr' id='par_1_2' title="bbox 78 351 2311 1089">
     <span class='ocr_line' id='line_1_4' title="bbox 78 351 2309 509; baseline -0.002 -19"><span class='ocrx_word' id='word_1_28' title='bbox 78 423 219 489; x_wconf 88' lang='grc' dir='ltr'>69Μ</span> <span class='ocrx_word' id='word_1_29' title='bbox 249 422 301 483; x_wconf 89' lang='lat' dir='ltr'>D</span> <span class='ocrx_word' id='word_1_30' title='bbox 332 441 489 502; x_wconf 87' lang='lat' dir='ltr'>pass.</span> <span class='ocrx_word' id='word_1_31' title='bbox 553 420 682 483; x_wconf 88' lang='lat' dir='ltr'>Nec</span> <span class='ocrx_word' id='word_1_32' title='bbox 713 421 922 482; x_wconf 90' lang='lat' dir='ltr'>deinde</span> <span class='ocrx_word' id='word_1_33' title='bbox 966 422 1191 483; x_wconf 84' lang='lat' dir='ltr'>servari</span> <span class='ocrx_word' id='word_1_34' title='bbox 1220 429 1416 500; x_wconf 88' lang='lat' dir='ltr'>potest</span> <span class='ocrx_word' id='word_1_35' title='bbox 1446 422 1612 482; x_wconf 92' lang='lat' dir='ltr'>ordo.</span> <span class='ocrx_word' id='word_1_36' title='bbox 1670 425 1987 483; x_wconf 85' lang='lat' dir='ltr'>acervatim</span> <span class='ocrx_word' id='word_1_37' title='bbox 2019 437 2176 502; x_wconf 77' lang='lat' dir='ltr'>ergo</span> <span class='ocrx_word' id='word_1_38' title='bbox 2307 351 2309 509; x_wconf 42' lang='grc' dir='ltr'>ἱ</span> 
     </span>
     <span class='ocr_line' id='line_1_5' title="bbox 162 502 2172 587; baseline 0 -19"><span class='ocrx_word' id='word_1_39' title='bbox 162 503 445 586; x_wconf 77' lang='lat' dir='ltr'>ponentur</span> <span class='ocrx_word' id='word_1_40' title='bbox 488 506 771 585; x_wconf 87' lang='lat' dir='ltr'>reliquae.</span> <span class='ocrx_word' id='word_1_41' title='bbox 842 507 1095 582; x_wconf 88' lang='lat' dir='ltr'>Scyros,</span> <span class='ocrx_word' id='word_1_42' title='bbox 1144 505 1244 566; x_wconf 88' lang='lat' dir='ltr'>Ios</span> <span class='ocrx_word' id='word_1_43' title='bbox 1291 522 1324 565; x_wconf 95' lang='lat' dir='ltr'>a</span> <span class='ocrx_word' id='word_1_44' title='bbox 1369 502 1535 566; x_wconf 86' lang='lat' dir='ltr'>Naxo</span> <span class='ocrx_word' id='word_1_45' title='bbox 1586 503 1777 566; x_wconf 89' lang='lat' dir='ltr'>XVIII</span> <span class='ocrx_word' id='word_1_46' title='bbox 1828 508 1952 567; x_wconf 91' lang='lat' dir='ltr'>mil</span> <span class='ocrx_word' id='word_1_47' title='bbox 2003 526 2172 587; x_wconf 88' lang='lat' dir='ltr'>pass.</span> 
     </span>
     <span class='ocr_line' id='line_1_6' title="bbox 159 588 2225 670; baseline -0 -18"><span class='ocrx_word' id='word_1_48' title='bbox 159 592 394 652; x_wconf 81' lang='lat' dir='ltr'><strong>Homeri</strong></span> <span class='ocrx_word' id='word_1_49' title='bbox 425 590 739 670; x_wconf 89' lang='lat' dir='ltr'>sepulchro</span> <span class='ocrx_word' id='word_1_50' title='bbox 781 590 1147 666; x_wconf 85' lang='lat' dir='ltr'>veneranda,</span> <span class='ocrx_word' id='word_1_51' title='bbox 1198 589 1554 666; x_wconf 80' lang='lat' dir='ltr'>longitudine</span> <span class='ocrx_word' id='word_1_52' title='bbox 1590 588 1755 649; x_wconf 88' lang='lat' dir='ltr'>XXV</span> <span class='ocrx_word' id='word_1_53' title='bbox 1786 592 1945 657; x_wconf 83' lang='lat' dir='ltr'>mil...</span> <span class='ocrx_word' id='word_1_54' title='bbox 1997 602 2174 653; x_wconf 87' lang='lat' dir='ltr'>antea</span> <span class='ocrx_word' id='word_1_55' title='bbox 2199 613 2225 651; x_wconf 72' lang='grc' dir='ltr'>ε»</span> 
     </span>
     <span class='ocr_line' id='line_1_7' title="bbox 159 660 2311 755; baseline -0 -18"><span class='ocrx_word' id='word_1_56' title='bbox 159 675 453 738; x_wconf 77' lang='lat' dir='ltr'>PhoenIce</span> <span class='ocrx_word' id='word_1_57' title='bbox 499 674 823 753; x_wconf 86' lang='lat' dir='ltr'>appellata,</span> <span class='ocrx_word' id='word_1_58' title='bbox 844 671 1039 749; x_wconf 88' lang='lat' dir='ltr'>Odia,</span> <span class='ocrx_word' id='word_1_59' title='bbox 1087 671 1473 749; x_wconf 89' lang='lat' dir='ltr'>Oletandros,</span> <span class='ocrx_word' id='word_1_60' title='bbox 1521 672 1709 748; x_wconf 86' lang='lat' dir='ltr'>Gyara</span> <span class='ocrx_word' id='word_1_61' title='bbox 1752 692 1880 735; x_wconf 88' lang='lat' dir='ltr'>cum</span> <span class='ocrx_word' id='word_1_62' title='bbox 1916 660 2172 755; x_wconf 83' lang='lat' dir='ltr'>oppido,</span> <span class='ocrx_word' id='word_1_63' title='bbox 2310 719 2311 752; x_wconf 30' lang='lat'>¹</span> 
     </span>
     <span class='ocr_line' id='line_1_8' title="bbox 160 749 2173 839; baseline 0 -19"><span class='ocrx_word' id='word_1_64' title='bbox 160 761 399 821; x_wconf 89' lang='lat' dir='ltr'>circuitu</span> <span class='ocrx_word' id='word_1_65' title='bbox 428 758 538 819; x_wconf 89' lang='lat' dir='ltr'>XII</span> <span class='ocrx_word' id='word_1_66' title='bbox 581 758 696 818; x_wconf 92' lang='lat' dir='ltr'>mil.</span> <span class='ocrx_word' id='word_1_67' title='bbox 742 776 1045 836; x_wconf 88' lang='lat' dir='ltr'>passuum,</span> <span class='ocrx_word' id='word_1_68' title='bbox 1088 756 1257 817; x_wconf 87' lang='lat' dir='ltr'>abest</span> <span class='ocrx_word' id='word_1_69' title='bbox 1287 749 1374 817; x_wconf 89' lang='lat' dir='ltr'>ab</span> <span class='ocrx_word' id='word_1_70' title='bbox 1405 756 1607 817; x_wconf 89' lang='lat' dir='ltr'>Andro</span> <span class='ocrx_word' id='word_1_71' title='bbox 1641 756 1795 818; x_wconf 86' lang='lat' dir='ltr'>LXII</span> <span class='ocrx_word' id='word_1_72' title='bbox 1825 759 1949 819; x_wconf 90' lang='lat' dir='ltr'>mil.</span> <span class='ocrx_word' id='word_1_73' title='bbox 1983 778 2173 839; x_wconf 59' lang='lat' dir='ltr'>pass„</span> 
     </span>
     <span class='ocr_line' id='line_1_9' title="bbox 158 838 2172 921; baseline 0 -17"><span class='ocrx_word' id='word_1_74' title='bbox 158 844 231 904; x_wconf 91' lang='lat' dir='ltr'>ab</span> <span class='ocrx_word' id='word_1_75' title='bbox 256 862 326 905; x_wconf 91' lang='lat' dir='ltr'>ea</span> <span class='ocrx_word' id='word_1_76' title='bbox 352 844 572 919; x_wconf 80' lang='lat' dir='ltr'>Syrnos</span> <span class='ocrx_word' id='word_1_77' title='bbox 594 839 805 901; x_wconf 91' lang='lat' dir='ltr'>LXXX</span> <span class='ocrx_word' id='word_1_78' title='bbox 827 842 942 902; x_wconf 92' lang='lat' dir='ltr'>mil.</span> <span class='ocrx_word' id='word_1_79' title='bbox 966 859 1258 920; x_wconf 80' lang='lat' dir='ltr'>passuum,</span> <span class='ocrx_word' id='word_1_80' title='bbox 1287 838 1641 917; x_wconf 88' lang='lat' dir='ltr'>Cynaethus,</span> <span class='ocrx_word' id='word_1_81' title='bbox 1667 841 1848 903; x_wconf 89' lang='lat' dir='ltr'>Telos</span> <span class='ocrx_word' id='word_1_82' title='bbox 1869 853 2172 921; x_wconf 87' lang='lat' dir='ltr'>unguento</span> 
     </span>
     <span class='ocr_line' id='line_1_10' title="bbox 159 924 2173 1005; baseline 0 -18"><span class='ocrx_word' id='word_1_83' title='bbox 159 927 371 988; x_wconf 90' lang='lat' dir='ltr'>nobilis</span> <span class='ocrx_word' id='word_1_84' title='bbox 415 946 449 987; x_wconf 89' lang='lat' dir='ltr'>a</span> <span class='ocrx_word' id='word_1_85' title='bbox 485 924 839 986; x_wconf 76' lang='lat' dir='ltr'><strong>Callimacho</strong></span> <span class='ocrx_word' id='word_1_86' title='bbox 872 924 1204 1003; x_wconf 80' lang='lat' dir='ltr'>Agathussa</span> <span class='ocrx_word' id='word_1_87' title='bbox 1234 926 1563 1005; x_wconf 86' lang='lat' dir='ltr'>appellata,</span> <span class='ocrx_word' id='word_1_88' title='bbox 1610 926 1885 1003; x_wconf 80' lang='lat' dir='ltr'><strong>Donusa,</strong></span> <span class='ocrx_word' id='word_1_89' title='bbox 1934 927 2173 989; x_wconf 89' lang='lat' dir='ltr'>Patmos</span> 
     </span>
     <span class='ocr_line' id='line_1_11' title="bbox 160 1001 2244 1089; baseline 0.001 -19"><span class='ocrx_word' id='word_1_90' title='bbox 160 1013 401 1072; x_wconf 89' lang='lat' dir='ltr'>circuitu</span> <span class='ocrx_word' id='word_1_91' title='bbox 439 1009 603 1070; x_wconf 90' lang='lat' dir='ltr'>XXX</span> <span class='ocrx_word' id='word_1_92' title='bbox 642 1001 760 1069; x_wconf 92' lang='lat' dir='ltr'>mil.</span> <span class='ocrx_word' id='word_1_93' title='bbox 807 1028 1111 1089; x_wconf 81' lang='lat' dir='ltr'>passuum,</span> <span class='ocrx_word' id='word_1_94' title='bbox 1164 1006 1506 1086; x_wconf 88' lang='lat' dir='ltr'>Corassiae,</span> <span class='ocrx_word' id='word_1_95' title='bbox 1557 1009 1906 1087; x_wconf 88' lang='lat' dir='ltr'>Lebinthus,</span> <span class='ocrx_word' id='word_1_96' title='bbox 1953 1011 2168 1089; x_wconf 84' lang='lat' dir='ltr'>Gerus,</span> <span class='ocrx_word' id='word_1_97' title='bbox 2196 1026 2244 1065; x_wconf 88' lang='lat'>1⁰</span> 
     </span>
    </p>

    <p class='ocr_par' dir='ltr' id='par_1_3' title="bbox 74 1092 2313 1831">
     <span class='ocr_line' id='line_1_12' title="bbox 74 1092 2176 1173; baseline -0 -15"><span class='ocrx_word' id='word_1_98' title='bbox 74 1106 143 1161; x_wconf 86' lang='grc'>70</span> <span class='ocrx_word' id='word_1_99' title='bbox 160 1094 388 1170; x_wconf 87' lang='lat' dir='ltr'>Cinara,</span> <span class='ocrx_word' id='word_1_100' title='bbox 423 1095 649 1154; x_wconf 89' lang='lat' dir='ltr'>Sicinus</span> <span class='ocrx_word' id='word_1_101' title='bbox 673 1112 824 1173; x_wconf 83' lang='lat' dir='ltr'>quae</span> <span class='ocrx_word' id='word_1_102' title='bbox 852 1104 1022 1154; x_wconf 87' lang='lat' dir='ltr'>antea</span> <span class='ocrx_word' id='word_1_103' title='bbox 1046 1092 1273 1169; x_wconf 80' lang='lat' dir='ltr'>Oeace,</span> <span class='ocrx_word' id='word_1_104' title='bbox 1298 1093 1567 1155; x_wconf 73' lang='lat' dir='ltr'>Hieracis</span> <span class='ocrx_word' id='word_1_105' title='bbox 1592 1111 1742 1173; x_wconf 88' lang='lat' dir='ltr'>quae</span> <span class='ocrx_word' id='word_1_106' title='bbox 1768 1093 1951 1172; x_wconf 91' lang='lat' dir='ltr'>Onus,</span> <span class='ocrx_word' id='word_1_107' title='bbox 1980 1093 2176 1157; x_wconf 85' lang='lat' dir='ltr'>Casos</span> 
     </span>
     <span class='ocr_line' id='line_1_13' title="bbox 160 1140 2174 1259; baseline 0.001 -20"><span class='ocrx_word' id='word_1_108' title='bbox 160 1196 306 1259; x_wconf 84' lang='lat' dir='ltr'>quae</span> <span class='ocrx_word' id='word_1_109' title='bbox 330 1140 614 1254; x_wconf 80' lang='lat' dir='ltr'>Astrabe,</span> <span class='ocrx_word' id='word_1_110' title='bbox 662 1175 919 1239; x_wconf 89' lang='lat' dir='ltr'>Cimolus</span> <span class='ocrx_word' id='word_1_111' title='bbox 968 1195 1118 1256; x_wconf 88' lang='lat' dir='ltr'>quae</span> <span class='ocrx_word' id='word_1_112' title='bbox 1151 1176 1506 1253; x_wconf 86' lang='lat' dir='ltr'>Echinussa,</span> <span class='ocrx_word' id='word_1_113' title='bbox 1549 1176 1741 1238; x_wconf 90' lang='lat' dir='ltr'>Melos</span> <span class='ocrx_word' id='word_1_114' title='bbox 1783 1197 1912 1239; x_wconf 92' lang='lat' dir='ltr'>cum</span> <span class='ocrx_word' id='word_1_115' title='bbox 1945 1181 2174 1259; x_wconf 90' lang='lat' dir='ltr'>oppido</span> 
     </span>
     <span class='ocr_line' id='line_1_14' title="bbox 160 1260 2172 1343; baseline 0 -20"><span class='ocrx_word' id='word_1_116' title='bbox 160 1281 326 1342; x_wconf 89' lang='lat' dir='ltr'>quam</span> <span class='ocrx_word' id='word_1_117' title='bbox 372 1261 661 1323; x_wconf 84' lang='lat' dir='ltr'>Aristides</span> <span class='ocrx_word' id='word_1_118' title='bbox 699 1260 994 1323; x_wconf 89' lang='lat' dir='ltr'>Mimblida</span> <span class='ocrx_word' id='word_1_119' title='bbox 1048 1262 1341 1340; x_wconf 88' lang='lat' dir='ltr'>appellat,</span> <span class='ocrx_word' id='word_1_120' title='bbox 1391 1261 1749 1322; x_wconf 88' lang='lat' dir='ltr'>Aristoteles</span> <span class='ocrx_word' id='word_1_121' title='bbox 1792 1260 2172 1343; x_wconf 73' lang='lat' dir='ltr'>Zephyriam,</span> 
     </span>
     <span class='ocr_line' id='line_1_15' title="bbox 160 1345 2313 1429; baseline 0.001 -22"><span class='ocrx_word' id='word_1_122' title='bbox 160 1345 545 1409; x_wconf 70' lang='lat' dir='ltr'>Callimachus</span> <span class='ocrx_word' id='word_1_123' title='bbox 574 1345 914 1422; x_wconf 83' lang='lat' dir='ltr'>Mimallida,</span> <span class='ocrx_word' id='word_1_124' title='bbox 957 1345 1301 1424; x_wconf 83' lang='lat' dir='ltr'>Heraclides</span> <span class='ocrx_word' id='word_1_125' title='bbox 1337 1345 1557 1423; x_wconf 88' lang='lat' dir='ltr'>Siphim</span> <span class='ocrx_word' id='word_1_126' title='bbox 1604 1355 1663 1406; x_wconf 90' lang='lat' dir='ltr'>et</span> <span class='ocrx_word' id='word_1_127' title='bbox 1708 1346 1991 1422; x_wconf 79' lang='lat' dir='ltr'>Acyton.&#39;</span> <span class='ocrx_word' id='word_1_128' title='bbox 2016 1347 2176 1409; x_wconf 85' lang='lat' dir='ltr'>haec</span> <span class='ocrx_word' id='word_1_129' title='bbox 2312 1414 2313 1429; x_wconf 12' lang='grc' dir='ltr'>χ</span> 
     </span>
     <span class='ocr_line' id='line_1_16' title="bbox 156 1428 2313 1510; baseline -0.003 -18"><span class='ocrx_word' id='word_1_130' title='bbox 156 1431 467 1492; x_wconf 89' lang='lat' dir='ltr'>insularum</span> <span class='ocrx_word' id='word_1_131' title='bbox 518 1430 920 1491; x_wconf 88' lang='lat' dir='ltr'>rotundissima</span> <span class='ocrx_word' id='word_1_132' title='bbox 971 1439 1079 1490; x_wconf 89' lang='lat' dir='ltr'>est.</span> <span class='ocrx_word' id='word_1_133' title='bbox 1148 1428 1536 1509; x_wconf 89' lang='lat' dir='ltr'>Buporthmos</span> <span class='ocrx_word' id='word_1_134' title='bbox 1587 1428 1813 1491; x_wconf 89' lang='lat' dir='ltr'>Machia</span> <span class='ocrx_word' id='word_1_135' title='bbox 1833 1430 2173 1510; x_wconf 62' lang='lat' dir='ltr'>,”Hypere,</span> <span class='ocrx_word' id='word_1_136' title='bbox 2195 1446 2243 1487; x_wconf 69' lang='grc' dir='ltr'>ιε</span> <span class='ocrx_word' id='word_1_137' title='bbox 2311 1433 2313 1441; x_wconf 75' lang='lat'><strong><em>‘</em></strong></span> 
     </span>
     <span class='ocr_line' id='line_1_17' title="bbox 160 1513 2173 1595; baseline -0.001 -18"><span class='ocrx_word' id='word_1_138' title='bbox 160 1516 445 1595; x_wconf 77' lang='lat' dir='ltr'>quondam</span> <span class='ocrx_word' id='word_1_139' title='bbox 474 1515 713 1592; x_wconf 80' lang='lat' dir='ltr'>Patage,</span> <span class='ocrx_word' id='word_1_140' title='bbox 747 1524 806 1575; x_wconf 92' lang='lat' dir='ltr'>ut</span> <span class='ocrx_word' id='word_1_141' title='bbox 835 1514 952 1590; x_wconf 89' lang='lat' dir='ltr'>alii,</span> <span class='ocrx_word' id='word_1_142' title='bbox 984 1513 1248 1591; x_wconf 81' lang='lat' dir='ltr'>Platage,</span> <span class='ocrx_word' id='word_1_143' title='bbox 1280 1532 1431 1575; x_wconf 89' lang='lat' dir='ltr'>nunc</span> <span class='ocrx_word' id='word_1_144' title='bbox 1460 1514 1777 1592; x_wconf 81' lang='lat' dir='ltr'>Amorgos,</span> <span class='ocrx_word' id='word_1_145' title='bbox 1811 1514 2173 1594; x_wconf 80' lang='lat' dir='ltr'>Polyaegas,</span> 
     </span>
     <span class='ocr_line' id='line_1_18' title="bbox 158 1595 2177 1688; baseline 0 -26"><span class='ocrx_word' id='word_1_146' title='bbox 158 1600 412 1679; x_wconf 86' lang='lat' dir='ltr'>Sapyle,</span> <span class='ocrx_word' id='word_1_147' title='bbox 458 1597 681 1688; x_wconf 88' lang='lat' dir='ltr'>Thera,</span> <span class='ocrx_word' id='word_1_148' title='bbox 733 1618 860 1659; x_wconf 90' lang='lat' dir='ltr'>cum</span> <span class='ocrx_word' id='word_1_149' title='bbox 892 1600 1132 1677; x_wconf 89' lang='lat' dir='ltr'>primum</span> <span class='ocrx_word' id='word_1_150' title='bbox 1168 1600 1447 1674; x_wconf 88' lang='lat' dir='ltr'>emersit,</span> <span class='ocrx_word' id='word_1_151' title='bbox 1485 1595 1730 1659; x_wconf 85' lang='lat' dir='ltr'>Calliste</span> <span class='ocrx_word' id='word_1_152' title='bbox 1764 1600 1937 1659; x_wconf 86' lang='lat' dir='ltr'>dicta.</span> <span class='ocrx_word' id='word_1_153' title='bbox 1993 1618 2073 1661; x_wconf 88' lang='lat' dir='ltr'>ex</span> <span class='ocrx_word' id='word_1_154' title='bbox 2105 1619 2177 1662; x_wconf 87' lang='lat' dir='ltr'>ea</span> 
     </span>
     <span class='ocr_line' id='line_1_19' title="bbox 158 1663 2174 1764; baseline 0 -19"><span class='ocrx_word' id='word_1_155' title='bbox 158 1685 361 1746; x_wconf 86' lang='lat' dir='ltr'>avolsa</span> <span class='ocrx_word' id='word_1_156' title='bbox 388 1663 595 1764; x_wconf 80' lang='lat' dir='ltr'>pos&#39;tea</span> <span class='ocrx_word' id='word_1_157' title='bbox 618 1683 917 1758; x_wconf 87' lang='lat' dir='ltr'>Therasia,</span> <span class='ocrx_word' id='word_1_158' title='bbox 951 1690 1123 1760; x_wconf 86' lang='lat' dir='ltr'>atque</span> <span class='ocrx_word' id='word_1_159' title='bbox 1147 1684 1298 1742; x_wconf 78' lang='lat' dir='ltr'>inter</span> <span class='ocrx_word' id='word_1_160' title='bbox 1321 1683 1464 1743; x_wconf 87' lang='lat' dir='ltr'>duas</span> <span class='ocrx_word' id='word_1_161' title='bbox 1486 1690 1654 1742; x_wconf 90' lang='lat' dir='ltr'>enata</span> <span class='ocrx_word' id='word_1_162' title='bbox 1675 1699 1812 1743; x_wconf 80' lang='lat' dir='ltr'>mox</span> <span class='ocrx_word' id='word_1_163' title='bbox 1836 1682 2174 1761; x_wconf 87' lang='lat' dir='ltr'>Automate,</span> 
     </span>
     <span class='ocr_line' id='line_1_20' title="bbox 161 1765 2171 1843; baseline -0.001 -13"><span class='ocrx_word' id='word_1_164' title='bbox 161 1768 366 1830; x_wconf 86' lang='lat' dir='ltr'>eadem</span> <span class='ocrx_word' id='word_1_165' title='bbox 405 1766 610 1843; x_wconf 86' lang='lat' dir='ltr'>Hiera,</span> <span class='ocrx_word' id='word_1_166' title='bbox 660 1777 718 1828; x_wconf 82' lang='lat' dir='ltr'>ct</span> <span class='ocrx_word' id='word_1_167' title='bbox 766 1768 823 1828; x_wconf 88' lang='lat' dir='ltr'>in</span> <span class='ocrx_word' id='word_1_168' title='bbox 871 1776 1071 1828; x_wconf 90' lang='lat' dir='ltr'>nostro</span> <span class='ocrx_word' id='word_1_169' title='bbox 1125 1784 1277 1828; x_wconf 89' lang='lat' dir='ltr'>aevo</span> <span class='ocrx_word' id='word_1_170' title='bbox 1317 1765 1460 1828; x_wconf 87' lang='lat' dir='ltr'>Thia</span> <span class='ocrx_word' id='word_1_171' title='bbox 1510 1768 1665 1828; x_wconf 84' lang='lat' dir='ltr'>iuxta</span> <span class='ocrx_word' id='word_1_172' title='bbox 1697 1767 1940 1829; x_wconf 86' lang='lat' dir='ltr'>easdem</span> <span class='ocrx_word' id='word_1_173' title='bbox 1980 1778 2171 1831; x_wconf 85' lang='lat' dir='ltr'>enata.</span> 
     </span>
    </p>

    <p class='ocr_par' dir='ltr' id='par_1_4' title="bbox 78 1818 2318 2772">
     <span class='ocr_line' id='line_1_21' title="bbox 78 1818 2318 1983; baseline -0.001 -71"><span class='ocrx_word' id='word_1_174' title='bbox 78 1858 144 1913; x_wconf 83' lang='lat'>71</span> <span class='ocrx_word' id='word_1_175' title='bbox 159 1854 329 1915; x_wconf 89' lang='lat' dir='ltr'>distat</span> <span class='ocrx_word' id='word_1_176' title='bbox 369 1851 467 1913; x_wconf 91' lang='lat' dir='ltr'>Ios</span> <span class='ocrx_word' id='word_1_177' title='bbox 508 1870 541 1913; x_wconf 91' lang='lat' dir='ltr'>a</span> <span class='ocrx_word' id='word_1_178' title='bbox 582 1851 774 1914; x_wconf 87' lang='lat' dir='ltr'>Thera</span> <span class='ocrx_word' id='word_1_179' title='bbox 814 1850 977 1912; x_wconf 89' lang='lat' dir='ltr'>XXV</span> <span class='ocrx_word' id='word_1_180' title='bbox 1006 1852 1123 1912; x_wconf 90' lang='lat' dir='ltr'>mil.</span> <span class='ocrx_word' id='word_1_181' title='bbox 1159 1869 1317 1930; x_wconf 86' lang='lat' dir='ltr'>pass.</span> <span class='ocrx_word' id='word_1_182' title='bbox 1380 1854 1667 1912; x_wconf 86' lang='lat' dir='ltr'>Secuntur</span> <span class='ocrx_word' id='word_1_183' title='bbox 1694 1850 1846 1929; x_wconf 89' lang='lat' dir='ltr'>Lea,</span> <span class='ocrx_word' id='word_1_184' title='bbox 1893 1853 2169 1928; x_wconf 90' lang='lat' dir='ltr'>Ascania,</span> <span class='ocrx_word' id='word_1_185' title='bbox 2191 1870 2242 1910; x_wconf 84' lang='lat'>20</span> <span class='ocrx_word' id='word_1_186' title='bbox 2315 1818 2318 1983; x_wconf 35' lang='grc' dir='ltr'>Ι</span> 
     </span>
     <span class='ocr_line' id='line_1_22' title="bbox 161 1934 2175 2018; baseline 0 -21"><span class='ocrx_word' id='word_1_187' title='bbox 161 1937 442 2018; x_wconf 87' lang='lat' dir='ltr'>Anaphe,</span> <span class='ocrx_word' id='word_1_188' title='bbox 491 1934 785 2015; x_wconf 88' lang='lat' dir='ltr'>Hippuris.</span> <span class='ocrx_word' id='word_1_189' title='bbox 860 1935 1219 2015; x_wconf 76' lang='lat' dir='ltr'>Astypalaea</span> <span class='ocrx_word' id='word_1_190' title='bbox 1275 1936 1501 1997; x_wconf 90' lang='lat' dir='ltr'>liberae</span> <span class='ocrx_word' id='word_1_191' title='bbox 1557 1937 1838 2012; x_wconf 85' lang='lat' dir='ltr'>civitatis,</span> <span class='ocrx_word' id='word_1_192' title='bbox 1895 1939 2175 1999; x_wconf 89' lang='lat' dir='ltr'>circuitus</span> 
     </span>
     <span class='ocr_line' id='line_1_23' title="bbox 159 1980 2175 2098; baseline 0 -17"><span class='ocrx_word' id='word_1_193' title='bbox 159 1980 505 2081; x_wconf 87' lang='lat' dir='ltr'>LXXXVIII</span> <span class='ocrx_word' id='word_1_194' title='bbox 534 2019 650 2079; x_wconf 90' lang='lat' dir='ltr'>mil.</span> <span class='ocrx_word' id='word_1_195' title='bbox 684 2037 974 2098; x_wconf 84' lang='lat' dir='ltr'>passuum,</span> <span class='ocrx_word' id='word_1_196' title='bbox 1007 2020 1176 2081; x_wconf 90' lang='lat' dir='ltr'>abest</span> <span class='ocrx_word' id='word_1_197' title='bbox 1204 2038 1238 2081; x_wconf 90' lang='lat' dir='ltr'>a</span> <span class='ocrx_word' id='word_1_198' title='bbox 1273 2017 1508 2082; x_wconf 84' lang='lat' dir='ltr'>Cadisto</span> <span class='ocrx_word' id='word_1_199' title='bbox 1542 2017 1755 2080; x_wconf 89' lang='lat' dir='ltr'>Cretae</span> <span class='ocrx_word' id='word_1_200' title='bbox 1783 2018 2000 2082; x_wconf 90' lang='lat' dir='ltr'>CXXV</span> <span class='ocrx_word' id='word_1_201' title='bbox 2026 2022 2175 2098; x_wconf 89' lang='lat' dir='ltr'>mil.,</span> 
     </span>
     <span class='ocr_line' id='line_1_24' title="bbox 161 2101 2175 2181; baseline 0.001 -16"><span class='ocrx_word' id='word_1_202' title='bbox 161 2105 235 2165; x_wconf 91' lang='lat' dir='ltr'>ab</span> <span class='ocrx_word' id='word_1_203' title='bbox 260 2121 329 2165; x_wconf 90' lang='lat' dir='ltr'>ea</span> <span class='ocrx_word' id='word_1_204' title='bbox 355 2103 553 2165; x_wconf 87' lang='lat' dir='ltr'>Platea</span> <span class='ocrx_word' id='word_1_205' title='bbox 573 2101 674 2163; x_wconf 90' lang='lat' dir='ltr'>LX</span> <span class='ocrx_word' id='word_1_206' title='bbox 695 2103 837 2181; x_wconf 89' lang='lat' dir='ltr'>mil.,</span> <span class='ocrx_word' id='word_1_207' title='bbox 872 2106 1024 2166; x_wconf 85' lang='lat' dir='ltr'>unde</span> <span class='ocrx_word' id='word_1_208' title='bbox 1057 2101 1315 2165; x_wconf 88' lang='lat' dir='ltr'>Caminia</span> <span class='ocrx_word' id='word_1_209' title='bbox 1340 2102 1642 2164; x_wconf 91' lang='lat' dir='ltr'>XXXVIII</span> <span class='ocrx_word' id='word_1_210' title='bbox 1663 2105 1805 2181; x_wconf 89' lang='lat' dir='ltr'>mil.,</span> <span class='ocrx_word' id='word_1_211' title='bbox 1837 2104 2175 2181; x_wconf 85' lang='lat' dir='ltr'>Azibintha,</span> 
     </span>
     <span class='ocr_line' id='line_1_25' title="bbox 159 2185 2177 2266; baseline 0 -17"><span class='ocrx_word' id='word_1_212' title='bbox 159 2188 398 2264; x_wconf 87' lang='lat' dir='ltr'>Lanise,</span> <span class='ocrx_word' id='word_1_213' title='bbox 433 2188 704 2266; x_wconf 85' lang='lat' dir='ltr'>Atragia,</span> <span class='ocrx_word' id='word_1_214' title='bbox 735 2187 1180 2264; x_wconf 83' lang='lat' dir='ltr'>Pharmacussa,</span> <span class='ocrx_word' id='word_1_215' title='bbox 1214 2187 1541 2263; x_wconf 86' lang='lat' dir='ltr'>Techedia,</span> <span class='ocrx_word' id='word_1_216' title='bbox 1576 2185 1847 2265; x_wconf 88' lang='lat' dir='ltr'>Chalcia,</span> <span class='ocrx_word' id='word_1_217' title='bbox 1896 2187 2177 2265; x_wconf 85' lang='lat' dir='ltr'>Calymna</span> 
     </span>
     <span class='ocr_line' id='line_1_26' title="bbox 160 2269 2314 2435; baseline -0.001 -17"><span class='ocrx_word' id='word_1_218' title='bbox 160 2233 660 2435; x_wconf 49' lang='lat' dir='ltr'>2¹:03⁰3ss1323‘l23‘</span> <span class='ocrx_word' id='word_1_219' title='bbox 670 2233 1204 2417; x_wconf 52' lang='lat' dir='ltr'>miffassuisss}</span> <span class='ocrx_word' id='word_1_220' title='bbox 1219 2270 1870 2434; x_wconf 62' lang='lat' dir='ltr'>3113.‘¹{‚¹522‘31¹i¹1¹{3?²¹ffi¹¹2</span> <span class='ocrx_word' id='word_1_221' title='bbox 1884 2291 2178 2421; x_wconf 58' lang='lat' dir='ltr'>‘¹333sz</span> <span class='ocrx_word' id='word_1_222' title='bbox 2194 2283 2244 2324; x_wconf 82' lang='lat'>²⁵</span> <span class='ocrx_word' id='word_1_223' title='bbox 2311 2329 2314 2338; x_wconf 83' lang='lat'><strong>·</strong></span> 
     </span>
     <span class='ocr_line' id='line_1_27' title="bbox 156 2435 2176 2520; baseline -0 -18"><span class='ocrx_word' id='word_1_224' title='bbox 156 2435 364 2507; x_wconf 70' lang='lat' dir='ltr'>Africo</span> <span class='ocrx_word' id='word_1_225' title='bbox 405 2450 580 2501; x_wconf 84' lang='lat' dir='ltr'>vento</span> <span class='ocrx_word' id='word_1_226' title='bbox 611 2439 655 2500; x_wconf 89' lang='lat' dir='ltr'>L</span> <span class='ocrx_word' id='word_1_227' title='bbox 687 2438 746 2500; x_wconf 88' lang='grc' dir='ltr'>Μ</span> <span class='ocrx_word' id='word_1_228' title='bbox 779 2459 972 2520; x_wconf 90' lang='lat' dir='ltr'>pass.,</span> <span class='ocrx_word' id='word_1_229' title='bbox 1007 2459 1041 2500; x_wconf 91' lang='lat' dir='ltr'>a</span> <span class='ocrx_word' id='word_1_230' title='bbox 1065 2437 1379 2520; x_wconf 73' lang='lat' dir='ltr'>Carpatho</span> <span class='ocrx_word' id='word_1_231' title='bbox 1414 2437 1626 2500; x_wconf 91' lang='lat' dir='ltr'>Casum</span> <span class='ocrx_word' id='word_1_232' title='bbox 1654 2438 1764 2500; x_wconf 88' lang='lat' dir='ltr'>v11</span> <span class='ocrx_word' id='word_1_233' title='bbox 1803 2439 1899 2517; x_wconf 94' lang='lat' dir='ltr'>M,</span> <span class='ocrx_word' id='word_1_234' title='bbox 1947 2461 1982 2502; x_wconf 87' lang='lat' dir='ltr'>a</span> <span class='ocrx_word' id='word_1_235' title='bbox 2018 2440 2176 2503; x_wconf 88' lang='lat' dir='ltr'>Caso</span> 
     </span>
     <span class='ocr_line' id='line_1_28' title="bbox 161 2522 2179 2605; baseline -0 -18"><span class='ocrx_word' id='word_1_236' title='bbox 161 2526 547 2587; x_wconf 85' lang='lat' dir='ltr'>Sammonium·</span> <span class='ocrx_word' id='word_1_237' title='bbox 576 2522 792 2585; x_wconf 89' lang='lat' dir='ltr'>Cretae</span> <span class='ocrx_word' id='word_1_238' title='bbox 822 2522 1276 2605; x_wconf 86' lang='lat' dir='ltr'>promontorium</span> <span class='ocrx_word' id='word_1_239' title='bbox 1303 2523 1471 2585; x_wconf 90' lang='lat' dir='ltr'>XXX</span> <span class='ocrx_word' id='word_1_240' title='bbox 1500 2522 1577 2583; x_wconf 90' lang='lat' dir='ltr'>M.</span> <span class='ocrx_word' id='word_1_241' title='bbox 1627 2526 1695 2584; x_wconf 90' lang='lat' dir='ltr'>in</span> <span class='ocrx_word' id='word_1_242' title='bbox 1714 2523 1938 2604; x_wconf 83' lang='lat' dir='ltr'>Euripo</span> <span class='ocrx_word' id='word_1_243' title='bbox 1986 2535 2179 2586; x_wconf 88' lang='lat' dir='ltr'>autem</span> 
     </span>
     <span class='ocr_line' id='line_1_29' title="bbox 161 2608 2178 2688; baseline 0 -17"><span class='ocrx_word' id='word_1_244' title='bbox 161 2608 450 2684; x_wconf 86' lang='lat' dir='ltr'>Euboico,</span> <span class='ocrx_word' id='word_1_245' title='bbox 488 2610 672 2688; x_wconf 89' lang='lat' dir='ltr'>primo</span> <span class='ocrx_word' id='word_1_246' title='bbox 707 2609 835 2669; x_wconf 81' lang='lat' dir='ltr'>fere</span> <span class='ocrx_word' id='word_1_247' title='bbox 866 2611 1121 2685; x_wconf 90' lang='lat' dir='ltr'>introitu,</span> <span class='ocrx_word' id='word_1_248' title='bbox 1154 2608 1413 2669; x_wconf 86' lang='lat' dir='ltr'>Petaliae</span> <span class='ocrx_word' id='word_1_249' title='bbox 1446 2617 1715 2688; x_wconf 86' lang='lat' dir='ltr'>quattuor</span> <span class='ocrx_word' id='word_1_250' title='bbox 1741 2609 1994 2687; x_wconf 88' lang='lat' dir='ltr'>insulae,</span> <span class='ocrx_word' id='word_1_251' title='bbox 2027 2619 2090 2671; x_wconf 90' lang='lat' dir='ltr'>et</span> <span class='ocrx_word' id='word_1_252' title='bbox 2121 2611 2178 2670; x_wconf 92' lang='lat' dir='ltr'>in</span> 
     </span>
     <span class='ocr_line' id='line_1_30' title="bbox 163 2691 2243 2772; baseline -0.002 -16"><span class='ocrx_word' id='word_1_253' title='bbox 163 2696 321 2756; x_wconf 89' lang='lat' dir='ltr'>exitu</span> <span class='ocrx_word' id='word_1_254' title='bbox 363 2693 655 2755; x_wconf 88' lang='lat' dir='ltr'>Atalante.</span> <span class='ocrx_word' id='word_1_255' title='bbox 718 2691 1011 2768; x_wconf 75' lang='lat' dir='ltr'>Cyclades</span> <span class='ocrx_word' id='word_1_256' title='bbox 1058 2701 1119 2753; x_wconf 90' lang='lat' dir='ltr'>et</span> <span class='ocrx_word' id='word_1_257' title='bbox 1164 2693 1468 2772; x_wconf 88' lang='lat' dir='ltr'>Sporades</span> <span class='ocrx_word' id='word_1_258' title='bbox 1507 2692 1582 2754; x_wconf 91' lang='lat' dir='ltr'>ab</span> <span class='ocrx_word' id='word_1_259' title='bbox 1626 2693 1859 2753; x_wconf 89' lang='lat' dir='ltr'>oriente</span> <span class='ocrx_word' id='word_1_260' title='bbox 1905 2693 2243 2754; x_wconf 77' lang='lat' dir='ltr'>litoribusso</span> 
     </span>
    </p>

    <p class='ocr_par' dir='ltr' id='par_1_5' title="bbox 73 2775 2181 2941">
     <span class='ocr_line' id='line_1_31' title="bbox 73 2775 2181 2854; baseline -0.003 -13"><span class='ocrx_word' id='word_1_261' title='bbox 73 2794 80 2801; x_wconf 84' lang='lat'><strong>·</strong></span> <span class='ocrx_word' id='word_1_262' title='bbox 162 2779 364 2841; x_wconf 85' lang='lat' dir='ltr'>Icariis</span> <span class='ocrx_word' id='word_1_263' title='bbox 395 2778 610 2854; x_wconf 87' lang='lat' dir='ltr'>Asiae,</span> <span class='ocrx_word' id='word_1_264' title='bbox 654 2776 728 2839; x_wconf 91' lang='lat' dir='ltr'>ab</span> <span class='ocrx_word' id='word_1_265' title='bbox 770 2777 1079 2838; x_wconf 89' lang='lat' dir='ltr'>occidente</span> <span class='ocrx_word' id='word_1_266' title='bbox 1112 2775 1355 2852; x_wconf 77' lang='lat' dir='ltr'>Myrtois</span> <span class='ocrx_word' id='word_1_267' title='bbox 1386 2776 1650 2849; x_wconf 83' lang='lat' dir='ltr'>Atticae,</span> <span class='ocrx_word' id='word_1_268' title='bbox 1694 2793 1725 2835; x_wconf 88' lang='lat' dir='ltr'>a</span> <span class='ocrx_word' id='word_1_269' title='bbox 1774 2779 2181 2853; x_wconf 81' lang='lat' dir='ltr'>septentrione</span> 
     </span>
     <span class='ocr_line' id='line_1_32' title="bbox 164 2858 2180 2941; baseline -0.002 -17"><span class='ocrx_word' id='word_1_270' title='bbox 164 2863 410 2941; x_wconf 82' lang='lat' dir='ltr'>Aegaeo</span> <span class='ocrx_word' id='word_1_271' title='bbox 450 2862 625 2938; x_wconf 89' lang='lat' dir='ltr'>mari,</span> <span class='ocrx_word' id='word_1_272' title='bbox 667 2879 701 2923; x_wconf 88' lang='lat' dir='ltr'>a</span> <span class='ocrx_word' id='word_1_273' title='bbox 742 2862 985 2923; x_wconf 89' lang='lat' dir='ltr'>meridie</span> <span class='ocrx_word' id='word_1_274' title='bbox 1032 2858 1269 2923; x_wconf 84' lang='lat' dir='ltr'>Cretico</span> <span class='ocrx_word' id='word_1_275' title='bbox 1315 2870 1375 2921; x_wconf 92' lang='lat' dir='ltr'>et</span> <span class='ocrx_word' id='word_1_276' title='bbox 1407 2858 1717 2937; x_wconf 73' lang='lat' dir='ltr'>Carpathio</span> <span class='ocrx_word' id='word_1_277' title='bbox 1765 2863 2026 2921; x_wconf 81' lang='lat' dir='ltr'>inclusae</span> <span class='ocrx_word' id='word_1_278' title='bbox 2072 2881 2180 2939; x_wconf 84' lang='lat' dir='ltr'>per</span> 
     </span>
    </p>

    <p class='ocr_par' dir='ltr' id='par_1_6' title="bbox 80 2942 2176 3025">
     <span class='ocr_line' id='line_1_33' title="bbox 80 2942 2176 3025; baseline 0 -18"><span class='ocrx_word' id='word_1_279' title='bbox 80 2944 318 3008; x_wconf 83' lang='lat' dir='ltr'>⁷2Dcc</span> <span class='ocrx_word' id='word_1_280' title='bbox 347 2946 486 3007; x_wconf 86' lang='lat' dir='ltr'>Min</span> <span class='ocrx_word' id='word_1_281' title='bbox 514 2945 927 3023; x_wconf 83' lang='lat' dir='ltr'>longitudinem</span> <span class='ocrx_word' id='word_1_282' title='bbox 963 2955 1020 3006; x_wconf 92' lang='lat' dir='ltr'>et</span> <span class='ocrx_word' id='word_1_283' title='bbox 1053 2964 1160 3025; x_wconf 90' lang='lat' dir='ltr'>per</span> <span class='ocrx_word' id='word_1_284' title='bbox 1193 2942 1292 3005; x_wconf 91' lang='lat' dir='ltr'>CC</span> <span class='ocrx_word' id='word_1_285' title='bbox 1321 2946 1378 3005; x_wconf 89' lang='lat' dir='ltr'>in</span> <span class='ocrx_word' id='word_1_286' title='bbox 1408 2944 1763 3004; x_wconf 74' lang='lat' dir='ltr'>latitudinem</span> <span class='ocrx_word' id='word_1_287' title='bbox 1797 2947 2010 3005; x_wconf 79' lang='lat' dir='ltr'>iacent.</span> <span class='ocrx_word' id='word_1_288' title='bbox 2074 2947 2176 3007; x_wconf 85' lang='lat' dir='ltr'>Pa-</span> 
     </span>
    </p>

    <p class='ocr_par' dir='ltr' id='par_1_7' title="bbox 108 3026 2244 3450">
     <span class='ocr_line' id='line_1_34' title="bbox 108 3026 2176 3109; baseline 0 -19"><span class='ocrx_word' id='word_1_289' title='bbox 108 3050 156 3084; x_wconf 67' lang='lat' dir='ltr'>en</span> <span class='ocrx_word' id='word_1_290' title='bbox 173 3032 407 3109; x_wconf 80' lang='lat' dir='ltr'>gasicus</span> <span class='ocrx_word' id='word_1_291' title='bbox 430 3031 589 3090; x_wconf 85' lang='lat' dir='ltr'>sinus</span> <span class='ocrx_word' id='word_1_292' title='bbox 612 3038 743 3091; x_wconf 91' lang='lat' dir='ltr'>ante</span> <span class='ocrx_word' id='word_1_293' title='bbox 767 3048 832 3090; x_wconf 92' lang='lat' dir='ltr'>se</span> <span class='ocrx_word' id='word_1_294' title='bbox 854 3029 1031 3090; x_wconf 88' lang='lat' dir='ltr'>habet</span> <span class='ocrx_word' id='word_1_295' title='bbox 1052 3029 1342 3105; x_wconf 80' lang='lat' dir='ltr'>Euthiam,</span> <span class='ocrx_word' id='word_1_296' title='bbox 1376 3026 1773 3104; x_wconf 71' lang='lat' dir='ltr'>Cicynethum,</span> <span class='ocrx_word' id='word_1_297' title='bbox 1805 3031 2052 3106; x_wconf 83' lang='lat' dir='ltr'>Scyrum</span> <span class='ocrx_word' id='word_1_298' title='bbox 2086 3049 2176 3090; x_wconf 90' lang='lat' dir='ltr'>su-</span> 
     </span>
     <span class='ocr_line' id='line_1_35' title="bbox 165 3112 2244 3193; baseline -0 -18"><span class='ocrx_word' id='word_1_299' title='bbox 165 3124 283 3193; x_wconf 70' lang='lat' dir='ltr'>pra‘</span> <span class='ocrx_word' id='word_1_300' title='bbox 307 3113 514 3174; x_wconf 86' lang='lat' dir='ltr'>dictam</span> <span class='ocrx_word' id='word_1_301' title='bbox 549 3115 653 3175; x_wconf 85' lang='lat' dir='ltr'>sed</span> <span class='ocrx_word' id='word_1_302' title='bbox 685 3112 1000 3191; x_wconf 74' lang='lat' dir='ltr'>Cycladum</span> <span class='ocrx_word' id='word_1_303' title='bbox 1032 3123 1092 3174; x_wconf 85' lang='lat' dir='ltr'>et</span> <span class='ocrx_word' id='word_1_304' title='bbox 1119 3114 1440 3193; x_wconf 83' lang='lat' dir='ltr'>Sporadum</span> <span class='ocrx_word' id='word_1_305' title='bbox 1481 3126 1786 3188; x_wconf 74' lang='lat' dir='ltr'>extumam,</span> <span class='ocrx_word' id='word_1_306' title='bbox 1825 3116 2178 3189; x_wconf 82' lang='lat' dir='ltr'>Gerontiam,</span> <span class='ocrx_word' id='word_1_307' title='bbox 2200 3122 2244 3164; x_wconf 76' lang='lat'>3⁵</span> 
     </span>
     <span class='ocr_line' id='line_1_36' title="bbox 169 3196 2180 3275; baseline 0 -17"><span class='ocrx_word' id='word_1_308' title='bbox 169 3197 536 3272; x_wconf 87' lang='lat' dir='ltr'>Scandiram,</span> <span class='ocrx_word' id='word_1_309' title='bbox 565 3196 921 3259; x_wconf 87' lang='lat' dir='ltr'>Thermaeus</span> <span class='ocrx_word' id='word_1_310' title='bbox 945 3197 1206 3275; x_wconf 84' lang='lat' dir='ltr'>Iresiam,</span> <span class='ocrx_word' id='word_1_311' title='bbox 1230 3198 1583 3274; x_wconf 81' lang='lat' dir='ltr'>Solimniam,</span> <span class='ocrx_word' id='word_1_312' title='bbox 1611 3200 1974 3272; x_wconf 73' lang='lat' dir='ltr'>Eudemiam,</span> <span class='ocrx_word' id='word_1_313' title='bbox 2002 3200 2180 3258; x_wconf 84' lang='lat' dir='ltr'>Neam</span> 
     </span>
     <span class='ocr_line' id='line_1_37' title="bbox 172 3277 2182 3363; baseline 0.002 -25"><span class='ocrx_word' id='word_1_314' title='bbox 172 3297 321 3359; x_wconf 85' lang='lat' dir='ltr'>quae</span> <span class='ocrx_word' id='word_1_315' title='bbox 351 3277 647 3350; x_wconf 76' lang='lat' dir='ltr'>Minervae</span> <span class='ocrx_word' id='word_1_316' title='bbox 691 3298 859 3342; x_wconf 88' lang='lat' dir='ltr'>sacra</span> <span class='ocrx_word' id='word_1_317' title='bbox 907 3285 1028 3359; x_wconf 84' lang='lat' dir='ltr'>e‘st,</span> <span class='ocrx_word' id='word_1_318' title='bbox 1081 3282 1271 3342; x_wconf 87' lang='lat' dir='ltr'>Athos</span> <span class='ocrx_word' id='word_1_319' title='bbox 1301 3290 1436 3343; x_wconf 86' lang='lat' dir='ltr'>ante</span> <span class='ocrx_word' id='word_1_320' title='bbox 1476 3304 1543 3343; x_wconf 85' lang='lat' dir='ltr'>se</span> <span class='ocrx_word' id='word_1_321' title='bbox 1576 3294 1879 3362; x_wconf 86' lang='lat' dir='ltr'>quattuor,</span> <span class='ocrx_word' id='word_1_322' title='bbox 1924 3285 2182 3363; x_wconf 81' lang='lat' dir='ltr'>Pepare—</span> 
     </span>
     <span class='ocr_line' id='line_1_38' title="bbox 169 3363 2167 3450; baseline 0.003 -27"><span class='ocrx_word' id='word_1_323' title='bbox 169 3363 325 3423; x_wconf 82' lang='lat' dir='ltr'>thum</span> <span class='ocrx_word' id='word_1_324' title='bbox 368 3379 497 3422; x_wconf 91' lang='lat' dir='ltr'>cum</span> <span class='ocrx_word' id='word_1_325' title='bbox 540 3364 757 3443; x_wconf 89' lang='lat' dir='ltr'>oppido</span> <span class='ocrx_word' id='word_1_326' title='bbox 807 3366 1094 3446; x_wconf 86' lang='lat' dir='ltr'>quondam</span> <span class='ocrx_word' id='word_1_327' title='bbox 1136 3365 1439 3429; x_wconf 86' lang='lat' dir='ltr'>Evoenum</span> <span class='ocrx_word' id='word_1_328' title='bbox 1485 3367 1693 3430; x_wconf 86' lang='lat' dir='ltr'>dictam</span> <span class='ocrx_word' id='word_1_329' title='bbox 1733 3366 1903 3435; x_wconf 88' lang='lat' dir='ltr'>VIIII</span> <span class='ocrx_word' id='word_1_330' title='bbox 1949 3366 2011 3429; x_wconf 90' lang='lat' dir='ltr'>M</span> <span class='ocrx_word' id='word_1_331' title='bbox 2047 3385 2086 3450; x_wconf 89' lang='lat' dir='ltr'>p</span> <span class='ocrx_word' id='word_1_332' title='bbox 2164 3377 2167 3384; x_wconf 80' lang='grc'>’</span> 
     </span>
    </p>
   </div>
   <div class='ocr_carea' id='block_1_2' title="bbox 2313 1450 2316 1616">
    <p class='ocr_par' dir='ltr' id='par_1_8' title="bbox 2313 1450 2316 1616">
     <span class='ocr_line' id='line_1_39' title="bbox 2313 1450 2316 1616; baseline 0 2034"><span class='ocrx_word' id='word_1_333' title='bbox 2313 1450 2316 1616; x_wconf 95' lang='lat' dir='ltr'> </span> 
     </span>
    </p>
   </div>
   <div class='ocr_carea' id='block_1_3' title="bbox 1764 3314 2320 3608">
    <p class='ocr_par' dir='ltr' id='par_1_9' title="bbox 1764 3314 2320 3608">
     <span class='ocr_line' id='line_1_40' title="bbox 1764 3314 2320 3608; baseline 0 0"><span class='ocrx_word' id='word_1_334' title='bbox 1764 3314 2320 3608; x_wconf 95' lang='lat' dir='ltr'>    </span> 
     </span>
    </p>
   </div>
  </div>
 </body>
</html>
