2320 3650
547 107 707 153 ΝΑΤ.
753 106 935 155 Ηῐετ.
978 108 1075 154 11.
1115 103 1363 158 24—26.
1400 92 1700 177 (ΞΒ-32.)
2008 96 2124 159 173
2217 147 2228 158 .

73 266 267 326 nafis
317 261 628 340 inplevere
667 260 938 338 Italiam,
967 261 1075 321 hos
1121 280 1356 340 quoque
1404 264 1700 339 inportare
1741 263 1932 324 conati
1973 273 2123 339 suut,

74 351 193 411 sed
221 348 456 406 vivere
488 347 634 405 intra
669 346 850 406 Siculi
883 346 1031 405 caeli
1060 347 1364 422 regionem
1398 362 1512 406 uon
1532 355 1810 422 potuere.
1866 348 2127 407 visuntur

73 445 302 500 tamen
336 429 648 508 aliquando
681 430 737 489 in
769 429 955 504 ltalia,
990 429 1096 489 sed
1117 430 1371 508 innocui,
1403 429 1713 508 multisque
1744 430 1872 490 aliis
1895 432 1952 489 in
1976 430 2125 491 locis

73 527 142 578 ut
183 518 367 577 eirca
412 513 657 574 Pharum
700 516 757 573 in
796 513 1096 592 Aegypto.
1182 513 1247 573 In
1289 513 1527 588 Scythia
1565 515 1910 574 interemunt
1954 517 2127 575 etiam
2144 524 2214 580 90

38 616 240 662 ηερε
266 600 548 677 ahoquin
592 597 919 658 vivaciores
965 605 1164 657 contra
1197 615 1422 658 venena
1454 597 1626 673 talia,
1660 600 1865 676 nigras
1897 598 2127 676 quidem

77 685 392 758 celerius,
424 684 560 740 siin
595 699 797 760 aquam
829 700 893 741 se
926 683 1305 742 inmerseriut.
1340 681 1554 742 honuni
1585 683 1703 742 icto
1730 690 1960 761 putatur
1992 701 2127 741 esse

76 766 375 829 remedio
409 768 663 844 ipsorum
705 766 848 825 cinis
893 774 1066 843 potus
1110 766 1169 824 in
1202 767 1354 827 vino.
1422 764 1687 842 Magnam
1719 767 2127 828 adversitatem

77 854 241 913 oleo
277 853 495 909 mersis
526 859 584 910 et
614 848 980 911 stellionibus
1011 858 1210 927 putant
1241 867 1379 909 esse
1392 885 1417 924 ,›
1442 851 1703 910 innocuis
1734 850 2023 910 dum-taxat
2055 850 2126 908 iis

78 939 191 1016 qni
222 943 290 995 et
329 935 444 1013 ipsi
475 942 675 994 carent
703 935 1008 1011 sanguine,
1033 934 1383 996 lacertarum
1417 934 1619 1011 ligura.
1655 942 1827 1013 atque
1859 934 2123 1011 scorpio-

37 1039 202 1080 ones
256 1021 320 1078 in
363 1028 544 1078 totum
585 1018 724 1078 nulli
770 1034 989 1077 nocere
1036 1018 1247 1096 quibus
1287 1034 1403 1076 non
1447 1019 1520 1077 sit
1560 1019 1814 1095 sanguis.
1880 1016 2123 1091 Quidam
2144 1025 2209 1078 91

81 1113 148 1163 et
179 1102 270 1161 ab
301 1104 450 1180 ipsis
479 1103 674 1162 ¹l'etum
715 1101 985 1162 devorari
1027 1100 1393 1162 arbitrantur.
1457 1120 1624 1162 unum
1664 1101 1837 1161 modo
1881 1101 2126 1179 relinqui

80 1186 581 1246 sollertissimum
613 1195 673 1245 et
704 1188 801 1264 qui
839 1203 906 1246 se
933 1186 1119 1264 ipsius
1149 1186 1346 1246 matris
1379 1184 1649 1246 clunibus
1678 1186 2012 1264 inponendo
2043 1194 2126 1245 tu·

81 1280 189 1330 tus
223 1278 294 1328 et
325 1286 360 1327 a
395 1269 576 1329 cauda
608 1278 668 1330 et
705 1288 741 1329 a
771 1287 970 1329 morsu
1015 1270 1151 1330 loco
1195 1269 1312 1332 fiat.
1399 1268 1552 1330 hunc
1593 1287 1728 1329 esse
1771 1269 2127 1347 reliquorum

83 1355 386 1426 ultorem,
421 1354 518 1430 qui
539 1362 838 1431 postremo
864 1354 1166 1431 genitores
1192 1370 1449 1476 superne
1482 1352 1772 1414 conficiat.
1831 1354 2128 1430 pariuntur

41 1447 302 1500 sautem
337 1435 565 1495 undeni.

235 1520 345 1581 26.
383 1519 550 1597 (31.)
589 1518 1079 1582 chamaeleonum
1115 1471 1418 1584 stelliones
1461 1520 1519 1580 hi
1562 1520 1986 1598 quodammodo
2030 1527 2125 1577 na·

88 1616 302 1665 tuam
330 1603 564 1678 babent,
597 1621 735 1664 rore
765 1615 977 1666 tantum
1004 1605 1271 1664 viventes
1304 1611 1655 1683 praeterque
1688 1605 1934 1664 araneis.

199 1686 413 1766 ..(32)
448 1687 664 1747 Similis
698 1689 917 1748 cicadis
946 1690 1095 1763 vita,
1138 1706 1399 1766 quarum
1396 1688 1522 1752 duo
1564 1702 1816 1766 genera:
1870 1689 2122 1747 minores
2143 1694 2212 1749 92

90 1791 262 1854 quae
301 1773 544 1851 primae
569 1772 924 1850 proveniunt
955 1782 1014 1834 et
1047 1774 1399 1839 novissimae
1445 1782 1725 1851 pereunt,
1772 1781 1900 1833 sunt
1940 1780 2130 1832 autem

33 1866 346 1928 emmae.
389 1874 644 1934 sequms
676 1865 768 1916 est
799 1857 1064 1920 volatura
1095 1876 1247 1936 quae
1279 1868 1503 1921 canunt.
1570 1856 2127 1920 vocantur-achetae

92 1952 380 2019 etfquae
415 1942 669 2000 minores
704 1959 781 2000 ex
808 1941 899 2001 his
931 1950 1081 2016 sunt,
1113 1942 1436 2020 tettigouia.
1502 1943 1608 2004 sed
1640 1942 1776 2003 illae
1808 1942 1990 2018 magis
2030 1957 2125 2000 ca·

91 2043 316 2087 norae.
345 2048 350 2055 ·
375 2042 567 2083 mares
597 2033 807 2085 canunt
834 2027 892 2083 in
923 2035 1168 2103 utroque
1196 2044 1441 2102 genere,
1467 2026 1714 2087 feminae
1750 2025 1939 2091 silent.
1979 2023 2126 2084 Geu-

92 2122 200 2171 tes
232 2117 552 2168 vescuntur
583 2110 655 2167 iis
680 2108 751 2168 ad
785 2110 1092 2183 orientem,
1129 2110 1300 2171 etiam
1328 2109 1521 2177 Parthi
1553 2110 1764 2187 opibus
1794 2108 2124 2168 abundanti-

92 2196 254 2255 bus.'
322 2201 465 2252 ante
501 2194 716 2253 coitum
757 2194 932 2253 maris
986 2192 1358 2270 praeferunt,
1404 2211 1436 2252 a
1475 2194 1630 2251 coitu
1669 2192 1943 2267 feminas,
1999 2191 2126 2250 ovis

33 2304 73 2343 5
97 2295 315 2338 earum
353 2277 649 2355 corrupti,
683 2294 834 2354 quae
875 2286 1004 2343 sunt
1056 2276 1318 2337 candida.
1385 2276 1570 2335 coitus
1619 2276 1857 2354 supinis.
1937 2274 2125 2352 Aspe-
2146 2279 2214 2334 93

87 2364 251 2422 ritas
283 2360 602 2438 praeacuta
633 2362 690 2419 in
713 2360 913 2435 dor-sc,
942 2377 1054 2438 qua
1086 2369 1371 2420 excavant
1402 2360 1626 2419 feturae
1650 2359 1844 2419 locum
1867 2359 1923 2418 in
1948 2366 2124 2417 terra.

98 2448 172 2504 fit
192 2446 398 2522 primo·
421 2443 1135 2518 vermieulus‚·deiude‚ex
1165 2461 1239 2505 eo
1273 2462 1423 2521 quae
1446 2451 1688 2503 vocatur
1711 2444 2126 2520 tettigometra,

99 2530 276 2588 cuius
305 2528 531 2587 cortice
565 2536 738 2605 rupto
767 2530 925 2589 circa
958 2527 1210 2587 solstitia
1243 2528 1499 2604 evolant,
1522 2535 1697 2586 noctu
1728 2544 1984 2604 semper,
2009 2527 2124 2604 pri·

96 2630 202 2672 mo
235 2613 441 2688 ‘nigrae
474 2620 647 2689 atque
666 2611 876 2673 durae.
942 2629 1110 2672 unum
1139 2610 1256 2672 boc
1289 2629 1364 2671 ex
1393 2613 1463 2671 iis
1499 2626 1646 2688 quae
1678 2612 1876 2670 vivont
1908 2619 1966 2669 et
2002 2611 2127 2669 sine

33 2714 216 2764 ηοω
247 2705 365 2755 est.
427 2711 535 2773 pro
568 2713 643 2754 eo
667 2696 946 2774 quiddam
975 2695 1374 2755 aculeatorum
1416 2695 1628 2771 linguis
1664 2694 1886 2767 simile,
1926 2703 1985 2752 et
2014 2692 2129 2751 hoc

99 2783 466 2858 impectore,
499 2797 616 2857 quo
648 2796 844 2840 rorem
874 2778 1156 2839 lambunt,
1180 2788 1389 2857 pectus
1418 2780 1606 2857 ipsum
1639 2777 1980 2838 fistulosum.
2014 2776 2129 2835 hoc

103 2872 325 2925 canunt
357 2861 635 2937 achetae,
679 2872 742 2921 ut
773 2863 1036 2924 diximus.
1128 2863 1221 2923 De
1254 2872 1456 2923 cetero
1498 2864 1557 2922 in
1585 2871 1792 2922 ventre
1835 2860 1975 2920 nihil
2019 2867 2128 2919 est.
2148 2867 2215 2919 94

104 2950 409 3008 excitatae
442 2965 568 3007 cum
593 2946 922 3022 subvolant,
955 2964 1217 3007 umorem
1246 2946 1525 3022 reddunt,
1550 2945 1704 3026 quod
1737 2945 1925 3006 solum
1959 2961 2126 3019 argu·

101 3040 368 3092 mentum
393 3040 488 3090 est
519 3048 655 3091 rore
689 3048 792 3091 eas
823 3032 918 3091 ali.
989 3031 1197 3091 iisdem
1227 3031 1371 3090 solis
1400 3031 1621 3091 nullum
1651 3030 1724 3090 ad
1756 3034 2128 3089 excrementa

33 3139 90 3179 ss
108 3116 389 3194 eorporis
415 3114 699 3176 foramen.
758 3115 913 3175 oculi
945 3123 1075 3173 sunt
1106 3123 1220 3174 tam
1251 3113 1498 3175 hebetes
1529 3123 1609 3189 ut,
1644 3114 1695 3173 si
1730 3114 1856 3192 quis
1889 3112 2126 3189 digitum

107 3198 469 3260 contrahens
500 3217 571 3259 ac
605 3201 901 3258 remittens
933 3199 1358 3276 adpropinquet
1389 3200 1494 3274 iis,
1529 3207 1823 3257 transeant
1855 3195 2039 3275 [velut
2069 3195 2126 3253 iu

102 3284 310 3360 fo‘liaL
337 3344 342 3351 ,
370 3281 612 3354 Quidam
652 3282 764 3342 duo
805 3283 914 3342 alia
949 3300 1169 3359 genera
1211 3282 1428 3342 faciunt
1475 3299 1699 3356 earum,
1748 3281 2124 3342 surculariam

104 3384 266 3445 quae
299 3367 384 3426 sit·
402 3366 709 3442 grandior,
741 3366 1163 3426 frumentariam
1196 3383 1364 3444 quam
1393 3365 1489 3424 alii
1526 3369 1851 3428 avenariam
1888 3371 2119 3424 vocant.

2162 3502 2262 3582 A
