2320 3650
119 40 197 103 12
811 53 868 100 c,
906 54 1097 100 PLINI
1130 52 1427 100 sssanm

109 216 236 268 rant
277 215 373 267 aut
412 208 617 281 maris,
672 205 1012 285 plerumque
1058 215 1118 265 et
1159 207 1473 279 alternant,
1530 206 1675 264 sicut
1722 203 2123 272 Gracchorum

108 300 293 366 mater
327 291 681 352 duodeciens
718 300 775 349 et
806 291 1127 368 Agrippina
1159 289 1481 349 Germanici
1511 290 1774 348 noviens.
1834 289 1964 349 aliis
1997 299 2118 349 ste·

26 386 95 438 58
112 376 249 438 rilint
267 383 356 448 est
388 376 648 449 iuventa,
693 374 819 434 aliis
856 374 1036 433 semel
1067 376 1122 432 in
1154 375 1269 433 vita
1302 373 1466 432 datur
1501 374 1766 450 gignere.
1832 374 2120 450 quaedam

110 476 224 519 non
267 458 565 536 perferunt
610 467 840 536 partus,
894 458 1130 536 quales,
1180 458 1228 515 si
1272 455 1500 534 quando
1546 457 1827 516 medicina
1874 466 1933 515 et
1979 476 2119 517 cura

109 545 340 617 vicere,
391 542 655 601 feminam
697 541 821 601 fere
874 543 1130 618 gignunt.
1225 540 1389 600 divos
1433 541 1729 617 Augustus
1780 541 1836 598 in
1888 540 2166 619 reliqua5

111 626 508 704 exemplorum
550 627 785 686 raritate
816 627 1006 703 neptis
1050 643 1191 684 suae
1227 633 1502 702 nepotem
1531 624 1670 683 vidit
1710 625 1966 702 genitum
2001 625 2118 702 quo

110 713 363 770 excessit
388 728 535 769 anno
563 709 637 770 Μ.
665 709 946 784 Silanum,
982 710 1077 787 qui
1110 726 1237 767 cum
1261 708 1456 767 Asiam
1487 709 1778 786 optineret
1810 718 1944 785 post
1978 727 2117 768 con·
2194 719 2206 734 ⁸

109 795 352 854 sulatum
382 793 630 852 Neronis
664 794 941 871 principis
974 792 1383 867 successione,
1428 809 1654 851 veneno
1690 794 1813 852 eius
1845 794 2118 852 iuterem-

26 887 93 939 59
116 887 244 956 ptus
288 886 395 936 est.
461 877 530 949 Q.
565 876 835 936 Metellus
865 875 1311 951 Macedonicus,
1366 895 1494 935 cum
1535 894 1643 934 sex
1678 875 1895 936 liberos
1939 876 2118 936 relin-

109 970 347 1039 queret,
382 961 645 1019 undecim
676 970 926 1038 nepotes
960 961 1224 1037 reliquit,
1264 978 1436 1018 nurus
1473 976 1617 1019 vero
1649 978 2026 1037 generosque
2064 969 2122 1020 et
2146 977 2191 1017 ιο

110 1047 292 1104 omnis
337 1046 431 1121 qui
488 1061 552 1102 se
600 1045 779 1121 patris
824 1045 1217 1122 appellatione
1261 1044 1577 1103 salutarent
1621 1045 1821 1120 viginti
1867 1054 2124 1122 septem.

24 1128 172 1191 601n
202 1129 348 1187 actis
378 1135 697 1204 temporum
736 1127 849 1186 divi
883 1129 1128 1204 Augusti
1160 1129 1445 1186 invenitur
1473 1140 1597 1186 XII.
1647 1127 1949 1187 consulatu
1993 1131 2125 1187 eius

107 1210 402 1287 Lucioque
446 1211 607 1270 Sulla
649 1211 880 1288 collega
925 1230 974 1271 a.
1011 1213 1064 1271 d.
1115 1224 1217 1270 III.
1254 1211 1378 1270 idus
1424 1211 1642 1288 Aprilis
1688 1209 1752 1271 C.
1790 1209 2122 1290 Crispinum

107 1293 358 1353 Hilarum
391 1312 466 1352 ex
489 1296 733 1372 ingenua
765 1296 940 1373 plebe
970 1294 1291 1355 Faesulana
1324 1313 1450 1354 cum
1482 1294 1681 1353 liberis
1713 1310 1875 1371 VIII,
1909 1297 1965 1353 in
1999 1314 2120 1374 quo

105 1395 342 1437 numero
387 1378 538 1438 liliae
583 1379 728 1438 duae
783 1380 984 1455 fuere,
1028 1379 1335 1457 nepotibus
1381 1392 1645 1453 XXVIII,
1692 1379 2121 1458 pronepotibus
2144 1400 2194 1440 15

104 1475 263 1539 XIX,
306 1462 576 1540 neptibus
607 1477 765 1542 VIII,
811 1465 1036 1542 prolata
1077 1480 1288 1542 pompa
1325 1481 1451 1522 cum
1494 1462 1755 1522 omnibus
1787 1464 1875 1522 his
1910 1466 1966 1522 in
2003 1461 2118 1523 Ca-

104 1546 312 1624 pitolio
346 1547 677 1606 inmolasse.

22 1672 85 1724 61
236 1664 329 1722 14.
367 1664 531 1743 (12.)
581 1664 786 1724 Mulier
819 1674 952 1742 post
977 1666 1507 1743 quinquagesimum
1537 1679 1740 1738 anuum
1762 1682 1882 1724 non
1906 1667 2117 1742 gignit,

105 1747 403 1824 maiorque
435 1766 569 1824 pars
605 1749 1048 1825 quadragesimo
1085 1748 1426 1827 profluvium
1464 1749 1717 1827 genitale
1755 1747 1923 1808 sistit.
1984 1767 2120 1810 nam

104 1831 161 1887 in
204 1832 342 1889 viris
384 1831 743 1893 Masinissam
785 1851 985 1909 regem
1031 1842 1165 1910 post
1210 1847 1497 1894 LXXXVI.
1543 1852 2191 1911 annumsgenerasseso

108 1912 282 1972 filium
327 1933 497 1992 quem
539 1914 899 1977 Metimanum
946 1916 1331 1995 appellaverit
1385 1918 1609 1978 clarum.
1649 1926 1773 1991 est,
1831 1915 2117 1978 Catonem

20 2005 87 2057 62
106 1999 430 2057 censorium
467 2001 828 2076 octogesimo
863 2010 1071 2061 exacto
1103 2020 1135 2060 e
1181 2001 1298 2060 lilia
1331 2001 1531 2061 Saloni
1563 2000 1789 2061 clientis
1826 2004 1934 2061 sui.
2000 2020 2117 2079 qua

105 2080 177 2138 de
209 2098 383 2170 causa
413 2083 654 2142 aliorum
687 2085 811 2142 eius
841 2085 1087 2144 liberum
1131 2102 1396 2163 propago
1425 2085 1697 2145 Liciniani
1729 2094 1859 2144 sunt
1892 2104 2114 2162 cogno-

104 2165 329 2238 minati,
376 2165 434 2226 hi
472 2166 797 2242 Saloniani,
839 2186 914 2227 ex
959 2168 1167 2247 quibus
1205 2168 1496 2228 Uticensis
1538 2169 1662 2229 fuit.
1722 2187 1909 2247 nuper
1941 2171 2116 2231 etiam

104 2246 164 2307 L.
213 2247 458 2309 Volusio
504 2252 808 2311 Saturnino
856 2254 911 2311 in
957 2252 1112 2311 urbis
1157 2253 1528 2330 praefectura
1579 2254 1865 2313 exstincto
1916 2263 2113 2317 notum
2133 2279 2185 2319 25

107 2340 197 2389 est
244 2329 515 2394 Cornelia
547 2336 879 2413 Scipionum
917 2337 1106 2412 gentis
1136 2335 1436 2396 Volusium
1468 2338 1826 2397 Saturninum
1869 2339 1963 2413 qui
2006 2338 2115 2397 fuit

106 2414 309 2473 consul
341 2420 594 2492 genitum
638 2429 772 2498 post
810 2432 977 2497 LXII.
1012 2437 1235 2480 annum.
1299 2429 1356 2480 et
1390 2439 1575 2499 usque
1607 2421 1679 2481 ad
1709 2434 1922 2481 LXXV.
1960 2422 2112 2499 apud

104 2497 380 2574 ignobilis
414 2502 670 2580 vulgaris
706 2505 998 2581 reperitur
1026 2506 1352 2583 generatio.

20 2643 89 2697 63
237 2636 335 2695 15.
397 2636 567 2715 (13.)
640 2636 839 2697 Solum
881 2647 1072 2696 autem
1115 2638 1322 2698 animal
1361 2632 1712 2745 mewuale
1761 2638 1966 2697 mulier
1998 2646 2107 2697 est.
2133 2660 2184 2699 30
2233 2680 2244 2683 ι

103 2719 234 2779 inde
266 2721 430 2778 unius
460 2729 627 2779 utero
672 2738 815 2798 quas
847 2723 1214 2799 appellarunt
1243 2723 1445 2782 molas.
1522 2734 1590 2781 ea
1635 2730 1725 2781 est
1760 2721 2110 2781 caro‘iufora

106 2804 211 2862 mis
233 2848 250 2878 ,
286 2805 560 2878 inanima,
594 2803 734 2863 ferri
764 2807 937 2864 ictum
970 2815 1030 2865 et
1059 2808 1244 2865 aciem
1275 2824 1577 2884 respuens.
1641 2815 1905 2865 movetur
1933 2805 2110 2864 sistit-

106 2904 219 2964 que
264 2905 530 2962 menses,
585 2898 643 2948 et
684 2897 742 2948 ut
787 2898 984 2966 partus
1033 2890 1178 2950 alias
1222 2891 1409 2951 letalis
1452 2889 1594 2949 alias
1638 2907 1746 2949 una
1788 2908 2110 2949 senescens

104 2970 414 3047 aliquando
443 2972 575 3031 alvo
609 2974 872 3032 citatiore
904 2974 1203 3033 excidens.
1280 2974 1463 3033 simile
1500 2973 1762 3052 quiddam
1801 2982 1860 3032 et
1887 2975 2029 3032 viris
2055 2972 2112 3033 in

102 3063 305 3115 ventre
344 3057 627 3131 gignitur,
673 3057 827 3134 quod
865 3067 1076 3117 vocant
1124 3060 1385 3132 scirron,
1433 3059 1579 3116 sicut
1612 3054 1802 3135 Oppio
1842 3055 2109 3136 Capitoni
2133 3074 2185 3116 35

18 3141 399 3213 64praetorio
426 3140 572 3197 viro.
627 3140 731 3199 sed
763 3140 900 3200 nihil
930 3141 1105 3200 facile
1139 3142 1462 3219 reperiatur
1488 3140 1783 3200 mulierum
1820 3140 2111 3218 profluvio

104 3222 286 3295 magis
318 3223 743 3281 monstrificum.
800 3234 1075 3283 acescunt
1105 3233 1458 3301 superventu
1487 3233 1669 3283 musta
1689 3269 1704 3298 ,
1741 3223 2114 3286 sterilescunt

101 3310 293 3363 tactae
327 3305 549 3380 fruges,
584 3308 898 3366 moriuntur
931 3310 1119 3381 insita,
1172 3316 1485 3366 exuruntur
1507 3307 1800 3366 hortorum
1827 3310 2110 3387 germina,

17 3510 197 3540 A*
