2320 3650
607 76 767 134 NAT.
795 76 977 126 msrr.
1006 77 1129 124 ΧΠ.
1167 73 1402 128 14-16.
1437 63 1743 145 (ca—35.)
1999 56 2004 60 ’
2054 64 2177 126 219
2239 77 2244 90 ’

316 230 412 291 15.
460 228 629 308 (33.)
677 228 924 290 Murram
978 231 1035 289 in
1074 230 1280 292 iisdem
1319 231 1482 290 silvis
1523 233 1862 309 permixtam
1904 230 2177 291 arborem
2199 240 2268 295 66

174 316 341 376 nasci
375 313 665 373 tradidere
696 313 907 391 aliqui,
950 314 1149 392 plures
1182 316 1525 392 separatim,
1557 316 1773 394 quippe
1806 313 1999 375 multis
2037 314 2185 374 locis

176 397 435 459 Arabiae
476 398 761 475 gignitur,
813 405 873 457 nt
919 396 1224 476 adparebit
1265 400 1319 458 in
1355 398 1688 474 generibus.
1743 398 2094 458 ‘convehitur
2127 407 2186 458 et

64 549 81 556 ,
176 501 258 542 ex
286 481 487 546 insulis
519 481 777 556 laudata,
828 491 1144 560 petuntque
1189 500 1315 542 eam
1355 485 1532 546 ctiam
1576 483 1650 543 ad
1678 482 2046 559 Trogodytas
2078 484 2182 543 Sa·

124 580 152 620 5
176 566 317 626 baei
347 566 582 626 transitu
613 566 805 625 maris.
869 567 1054 627 sativa
1089 583 1324 645 quoque
1355 568 1624 644 provenit
1663 567 1897 628 multum
1928 566 2185 626 silvestri

175 650 462 728 praelata.
522 649 737 726 gaudet
779 650 981 710 rastris
1013 659 1186 730 atque
1230 650 1805 729 ablaqueationihus‚
1849 648 2056 709 melior
2096 668 2184 710 ra·

174 734 311 798 dice
341 733 708 810 refrigerata.
980 803 983 808 ἱ

308 817 475 895 (34.)
526 815 741 876 Arbori
774 817 1011 878 altitudo
1051 818 1123 877 ad
1160 819 1411 897 quinque
1446 818 1670 894 cubita,
1701 836 1814 880 nec
1842 819 1969 880 sine
1998 818 2183 895 spina,
2202 826 2271 881 67

177 901 422 996 caudice
458 900 602 962 duro
634 909 696 960 et
736 901 983 976 intorto,
1030 903 1321 963 crassiore
1350 920 1520 981 quam
1552 904 1724 978 turis,
1774 910 1833 962 et
1875 901 1946 984 ab
1988 901 2186 960 radice

100 986 352 1046 uetiam
394 1002 562 1062 quam
615 984 839 1063 reliqua
881 987 969 1044 sui
1014 983 1201 1064 parte,
1275 989 1556 1048 corticem
1593 987 1787 1049 levem
1824 985 2188 1063 similemque

178 1069 432 1128 unedoni
461 1067 729 1128 scabrum
759 1068 856 1128 alii
885 1070 1300 1148 spinosumque
1333 1070 1568 1147 dixere,
1599 1071 1799 1132 folium
1830 1071 2054 1145 olivae,
2086 1088 2185 1129 ve-

178 1170 303 1211 rum
335 1154 581 1229 crispius
607 1161 665 1211 et
695 1153 1038 1228 aculeatum,
1074 1153 1222 1215 Iuba
1246 1154 1507 1216 olusatri.
1563 1156 1742 1233 aliqui
1770 1155 2016 1215 similem
2045 1155 2185 1213 iuni-

179 1237 344 1313 pir0,
391 1236 749 1296 scabriorem
804 1246 1019 1298 tantum
1062 1239 1361 1316 spinisque
1413 1239 1736 1314 horridam,
1789 1238 1934 1299 folio
1991 1247 2185 1299 rotun·

58 1359 75 1367 -
180 1319 379 1394 dicre,
408 1319 517 1382 sed
545 1338 761 1397 sapore
793 1322 1037 1398 iunipiri.
1104 1340 1216 1382 nec
1256 1339 1372 1381 non
1399 1323 1569 1386 fuere
1589 1324 1696 1401 -qui
1730 1341 1765 1381 e
1795 1324 1936 1382 turis
1972 1322 2184 1382 arbore

105 1420 160 1461 15
180 1412 481 1480 utrumque
511 1405 670 1463 nasci
702 1407 1092 1465 mentirentur.

304 1486 471 1565 (35.)
520 1486 851 1562 Inciduntur
882 1489 970 1549 bis
1004 1498 1061 1549 et
1099 1491 1267 1568 ipsae
1297 1490 1616 1569 iisdemque
1651 1489 2046 1569 temporibus,
2077 1490 2185 1549 sed
2201 1499 2270 1553 68

177 1587 211 1628 a
254 1570 450 1630 radice
492 1590 678 1650 usque
717 1573 790 1632 ad
826 1590 1020 1633 ramos
1066 1575 1163 1651 qui
1203 1573 1421 1634 valent.
1493 1574 1699 1635 sudant
1743 1582 2187 1650 autemsponte

179 1654 343 1730 prius
371 1672 537 1733 quam
581 1655 899 1716 incidantur
943 1665 1173 1717 stacten
1215 1658 1456 1731 dictam,
1504 1660 1596 1718 cui
1633 1657 1791 1719 nulla
1836 1656 2181 1736 praefertur.

176 1735 390 1808 abbae
419 1739 614 1799 sativa
633 1748 691 1799 et
719 1742 776 1799 in
805 1740 1059 1801 silvestri
1083 1759 1319 1820 quoque
1355 1743 1563 1804 melior
1597 1744 1839 1804 aestiva.
1896 1739 2027 1800 Non
2053 1742 2190 1802 dant

100 1837 158 1879 2⁰
180 1839 256 1881 ex
299 1840 487 1882 murra
538 1827 837 1902 portiones
882 1827 1034 1901 deo,
1092 1828 1358 1904 quoniam
1389 1837 1464 1887 et
1513 1828 1663 1906 apud
1716 1827 1864 1888 alios
1908 1827 2182 1890 nascitur.

175 1907 304 1982 regi
336 1915 525 1966 tamen
557 1907 957 1971 Gebanitarum
988 1919 1221 1989 quartas
1255 1912 1434 1987 partis
1475 1912 1601 1972 eius
1648 1912 1920 1990 pendunt.
1981 1919 2183 1971 cetero

175 1990 392 2067 passim
422 2009 454 2049 a
486 1991 666 2068 volgo
700 2004 1023 2071 coemptam
1056 1996 1113 2052 in
1143 1994 1304 2054 sollis
1335 1995 1715 2069 conferciunt,
1750 1997 2051 2072 nostrique
2083 2012 2183 2054 un·

174 2074 463 2150 guentarii
501 2075 768 2152 digerunt
823 2078 959 2138 haut
1002 2077 1316 2138 difficulter
1363 2079 1560 2140 odoris
1604 2088 1778 2157 atque
1818 2077 2184 2157 pinguedinis

177 2159 549 2234 argumentis.
2057 2228 2062 2231 j

107 2252 161 2297 2⁵
310 2241 406 2301 16,
465 2241 691 2302 Genera
742 2245 1059 2322 conplura:
1121 2246 1516 2325 Trogodytica
1576 2246 1926 2306 silvestrium
1977 2247 2179 2323 prima,
2198 2254 2266 2309 69

178 2341 433 2401 sequens
462 2324 713 2401 Minaea,
742 2329 798 2387 in
832 2346 946 2406 qua
974 2330 1308 2390 Atramitica
1339 2338 1512 2390 estet
1543 2326 1877 2391 Gebanitica
1909 2339 1967 2387 et
1994 2329 2181 2389 Ausa·

176 2408 300 2467 ritis
344 2405 746 2470 Gebanitarum
797 2430 1017 2490 regno,
1058 2416 1229 2474 tertia
1269 2414 1545 2489 Dianitis,
1599 2421 1800 2491 quarta
1852 2412 2181 2489 conlaticia,

178 2491 371 2569 quinta
397 2493 787 2563 Sembracena
814 2514 847 2555 a
878 2497 1108 2557 civitate
1136 2500 1302 2574 regni
1326 2497 1684 2559 Sabaeorum
1711 2499 1853 2557 mari
1877 2514 2179 2575 proxuma,

177 2583 343 2633 sexta
368 2592 537 2652 quam
566 2576 861 2638 Dusiritim
889 2590 1118 2640 vocant.
1176 2591 1347 2642 estet
1378 2581 1619 2641 candida
1644 2597 1756 2639 uno
1780 2589 1994 2640 tantum
2019 2581 2178 2656 loco,

107 2672 325 2741 acquae
356 2659 410 2717 in
445 2658 760 2721 Messalam
792 2663 1066 2740 oppidum
1098 2666 1412 2725 confertur.
1453 2663 1751 2743 -probatur
1787 2663 2181 2741 Trogodytica

176 2741 522 2818 pinguedine
564 2754 623 2803 et
659 2746 814 2823 quod
856 2745 1137 2825 adspectu
1169 2749 1384 2809 aridior
1415 2758 1506 2808 est
1548 2748 1896 2827 sordidaque
1936 2767 2007 2807 ac
2048 2747 2179 2808 bar·

176 2821 351 2900 bara,
385 2827 490 2886 sed
521 2830 714 2889 acrior
748 2831 983 2890 ceteriS.
1046 2832 1438 2892 Sembracena
1465 2833 1780 2910 praedictis
1816 2841 1975 2893 caret
2002 2832 2177 2907 vitiis,

175 2916 303 2967 ante
333 2909 475 2970 alias
507 2912 727 2988 hilariS,
757 2914 862 2974 sed
896 2913 1112 2974 viribus
1141 2917 1351 2975 tenuis.
1402 2915 1466 2975 ln
1494 2915 1727 2994 plenum
1757 2925 1946 2976 autem
1970 2914 2178 2994 proba·
2194 2923 2265 2978 70

175 2990 255 3050 tio
297 3001 388 3052 est
423 2996 650 3061 minutis
682 2997 912 3075 glaebis
967 3016 1080 3058 nec
1118 2996 1411 3075 rotundis,
1456 3001 1513 3059 in
1551 3009 1833 3060 concretu
1873 3000 2177 3060 albicantis

106 3077 299 3134 assuci
350 3086 408 3136 et
459 3080 847 3158 tabescentis,
900 3091 1078 3160 utque
1128 3080 1635 3144 fractacandidcs
1684 3085 1890 3161 unguis
1943 3083 2175 3159 habeat,

177 3169 347 3236 gustu
378 3160 587 3223 leniter
630 3183 840 3225 amara.
912 3167 1171 3226 secunda
1207 3166 1435 3228 bonitas
1476 3169 1623 3226 intus
1668 3169 1860 3242 varia,
1905 3186 2179 3246 pessuma

173 3243 324 3305 intus
353 3246 538 3322 nigra,
567 3249 764 3325 peior,
801 3251 850 3309 si
879 3251 1048 3311 etiam
1080 3251 1245 3310 foris.
1313 3251 1499 3328 pretia
1531 3267 1608 3308 ex
1638 3252 1954 3315 occasione
1984 3269 2176 3311 emen-

174 3328 310 3387 tium
349 3331 537 3406 varia,
571 3339 791 3392 stactae
822 3351 854 3393 a
896 3332 952 3393 X
987 3349 1070 3396 111
1109 3335 1183 3395 ad
1212 3334 1267 3395 X
1300 3348 1382 3411 L,
1416 3334 1634 3394 sativae
1674 3350 1951 3393 summum
1981 3333 2039 3395 X
2077 3347 2174 3408 XI,
