2320 3650
150 53 267 118 136
327 23 334 38 x
851 63 911 114 e.
944 65 1135 114 Pmm
1168 64 1474 114 securim

54 230 127 285 88
264 223 362 284 31.
415 222 581 300 (46.)
621 219 870 281 Oscines
898 230 1134 299 praeter
1168 230 1451 299 exceptas
1477 237 1596 282 non
1624 230 1849 281 temere
1884 222 2049 281 fetus
2082 224 2166 283 fa-

142 309 295 365 ciunt
331 314 462 365 ante
496 307 924 384 aequinoctium
953 323 1190 365 vernum
1222 314 1318 364 aut
1341 315 1474 383 post
1500 306 1854 384 autumnale,
1880 308 2169 368 antesol-

139 391 348 450 stitium
377 399 565 450 autem
596 389 823 465 dubios,
862 398 998 467 post
1028 390 1336 448 solstitium
1364 390 1576 450 vitalis,

53 483 124 539 89
259 473 357 534 32.
421 475 591 552 (47.)
646 472 734 533 Eo
783 492 1049 552 maxume
1097 482 1229 538 eunt
1289 475 1548 550 insignes
1604 474 2007 549 halcyonemu
2034 475 2173 538 dies

138 575 335 617 earum
365 567 563 636 partus
592 560 766 618 maria
803 559 1016 636 quique
1051 560 1322 634 navigant
1353 575 1595 618 novere.
1658 560 1787 637 ipsa
1818 577 1854 618 a
1900 559 1917 573 '
2022 623 2037 642 ,
2108 558 2211 620 bs

138 643 383 724 amplior
415 660 679 720 passere,
709 643 913 702 colore
940 659 1189 717 cyaneo,
1217 660 1292 701 ex
1316 650 1481 719 parte
1512 643 1736 703 minore
1768 652 1894 703 tant
2142 675 2172 686 ⁴

135 745 340 805 putea,
373 727 479 786 sed
511 726 766 788 candidis
797 727 1046 786 admixta
1079 727 1288 804 pinnis,
1324 726 1481 786 collo
1516 728 1726 803 gracili
1772 746 1848 787 ac
1878 741 2171 805 procero.

139 811 385 870 alterum
415 829 600 886 genus
625 828 822 872 earum
843 811 1232 888 magnitudine
1260 811 1626 887 distinguitur
1658 821 1717 870 et
1762 824 1935 871 caree
1974 820 2171 872 canta.

53 905 123 959 90
143 897 395 955 minores
428 897 482 953 in
505 895 897 958 harundinetis
921 904 1147 955 canunt.
1179 894 1542 970 Halcyonem
1562 896 1768 956 videre
1800 897 2171 956 rarissimum

140 989 251 1054 est,
288 997 397 1039 nec
429 980 537 1037 nisi
583 980 956 1055 vergiliarum
988 996 1204 1039 occasu
1241 988 1300 1038 et
1332 981 1488 1039 circa
1531 980 1791 1040 solstitia·
1817 980 2229 1040 brumamveio

139 1082 285 1123 nave
344 1062 652 1141 aliquando
696 1064 1109 1124 circumvolata
1169 1064 1354 1124 statim
1402 1065 1460 1122 in
1513 1063 1773 1124 latebras
1827 1065 2169 1126 abeuntem.
2272 1123 2273 1132 ,

140 1147 444 1207 Fetificant
468 1147 688 1222 bruma,
721 1148 819 1224 qui
850 1148 975 1207 dies
1002 1146 1384 1223 halcyonides
1409 1158 1717 1224 vocantur,
1754 1149 2005 1227 placido
2027 1150 2170 1209 mari

141 1249 248 1310 per
279 1248 384 1290 eos
419 1241 476 1291 et
506 1230 838 1308 navigabili,
877 1233 1077 1292 Siculo
1109 1250 1392 1292 maxume.
1457 1232 1673 1292 faciunt
1702 1243 1896 1293 autem
1929 1243 2165 1312 septem

141 1326 272 1376 ante
316 1315 574 1376 brumam
616 1315 819 1376 diebus
852 1316 1053 1390 nidos,
1100 1325 1160 1376 et
1203 1318 1445 1376 totidem
1487 1317 2163 1397 sequentibus-pariunt.

55 1409 122 1462 91
144 1402 259 1461 nidi
304 1419 499 1461 earum
550 1400 980 1460 admirationem
1030 1400 1247 1466 habent
1290 1401 1444 1478 pilae
1503 1401 1688 1478 figura
1732 1403 1975 1481 paulum
2026 1405 2221 1461 emi-1⁵

137 1487 294 1545 nenti
327 1503 431 1545 ore
462 1502 742 1563 perquam
775 1494 1056 1562 angusto,
1113 1486 1414 1561 grandium
1458 1503 1856 1564 spongearum
1901 1488 2162 1547 similitu·
2272 1485 2273 1544 ζ

140 1570 291 1629 dine.
368 1570 527 1629 ferro
559 1570 822 1629 intercidi
862 1587 978 1629 non
1008 1579 1255 1649 queunt,
1294 1571 1635 1647 franguntur
1658 1572 1780 1630 ictu
1819 1572 2059 1646 valido,
2106 1580 2166 1631 ut
2272 1591 2273 1604 ¹

139 1672 339 1733 spuma
368 1652 527 1714 arida
557 1656 750 1712 maris.
817 1673 928 1714 nec
966 1654 1114 1718 unde
1151 1654 1550 1731 confingantur
1582 1656 1891 1716 invenitur.
1963 1665 2163 1735 putant
2272 1703 2273 1738 ³

142 1758 216 1798 ex
240 1740 422 1816 spinis
450 1738 755 1814 aculeatis,
789 1737 1049 1816 piscibus
1083 1740 1235 1800 enim
1259 1740 1474 1798 vivont.
1520 1739 1770 1800 subeunt
1793 1741 1941 1800 etin
1964 1742 2159 1800 amnis.

141 1824 367 1902 pariunt
398 1839 509 1882 ova
544 1822 734 1899 quina.
1266 1834 1275 1841 ·
1467 1897 1470 1901 .
1965 1857 1978 1871 ·
2168 1840 2217 1880 10
2260 1783 2274 1885 i

265 1905 434 1986 (48.)
483 1905 697 1966 Gaviae
741 1908 799 1967 in
827 1908 1008 1985 petris
1033 1906 1361 1983 nidificant,
1408 1910 1598 1986 mergi
1644 1917 1703 1968 et
1737 1911 1795 1968 in
1827 1909 2156 1970 arboribus.

139 1992 367 2070 pariunt
416 1991 737 2071 plurumum
783 2001 996 2068 terna‚·
1040 1993 1148 2052 sed
1199 1994 1406 2068 gaviae
1464 2002 1719 2067 aestate,
1770 1997 1964 2072 mergi
2020 1995 2158 2054 inci·

140 2078 337 2155 piente
374 2094 538 2135 vere.
607 2116 614 2123 -
1517 2132 1526 2141 ,
1610 2140 1619 2149 4

52 2170 122 2225 92
263 2160 362 2221 33.
409 2159 574 2239 (49.)
622 2157 980 2234 Halcyouum
1015 2160 1130 2219 nidi
1162 2161 1347 2238 figura
1377 2161 1729 2238 reliquarum
1770 2178 2013 2240 quoque
2044 2162 2159 2222 sol·

140 2244 346 2305 lertiae
382 2245 670 2319 admonet,
713 2262 904 2322 neque
937 2244 1049 2304 alia
1080 2255 1247 2323 parte
1278 2247 1510 2323 ingenia
1540 2247 1727 2305 avium
1758 2248 1948 2323 magis
1984 2240 2215 2307 'admi-n
2262 2240 2274 2281 ³

139 2328 317 2389 randa
354 2337 503 2388 sunt.
561 2327 907 2389 Hirundines
944 2329 1064 2388 luto
1098 2339 1470 2405 construunt,
1502 2339 1822 2390 stramento
1854 2331 2155 2391 roborant.

141 2414 189 2472 si
221 2413 447 2491 quando
480 2414 674 2491 inopia
705 2423 795 2473 est
824 2414 958 2489 luti,
1003 2414 1375 2474 madefactae
1398 2414 1578 2475 multa
1616 2433 1771 2492 aqua
1805 2415 2157 2495 pinnis-pul·

136 2515 337 2561 venem
367 2507 664 2576 spargunt.
729 2500 918 2576 ipsum
949 2515 1093 2557 vero
1143 2500 1336 2559 nidum
1364 2498 1636 2559 mollibus
1671 2499 1886 2577 plumis
1926 2500 2161 2560 floccis·

141 2600 253 2660 que
285 2591 660 2642 consternunt
679 2582 1131 2662 tepefaciendis·
1157 2585 1307 2658 ovis,
1340 2584 1509 2645 simul
1546 2602 1620 2643 ne
1644 2584 1837 2644 durus
1871 2585 1948 2643 sit
1978 2584 2155 2645 infan-

139 2666 290 2726 tibus
327 2666 523 2746 pullis.
587 2668 643 2729 in
674 2665 797 2726 fetu
841 2685 1057 2729 summa
1094 2669 1389 2746 aequitate
1431 2667 1957 2729 alternantcibum.
1996 2677 2210 2734 nota-s
2242 2620 2274 2763 4

140 2750 241 2810 bili
270 2751 541 2811 munditia
565 2760 811 2827 egerunt
840 2761 1217 2817 excrementa
1251 2752 1560 2831 pullorum,
1585 2752 2167 2831 adultioresquetiri

52 2837 373 2913 oacumagi
418 2837 633 2896 docent
686 2844 744 2896 et
789 2836 937 2899 foris
993 2838 1360 2897 saturitatem*
1403 2838 1688 2897 emittere.
1757 2836 2033 2899 Alterum
2068 2844 2161 2898 est

140 2919 497 2991 hirundinum
538 2937 725 2996 genus
769 2921 1113 2982 rusticarum
1148 2930 1207 2979 et
1247 2922 1564 2998 agrestium
1613 2936 1763 2998 quae
1795 2937 1935 2981 raro
1971 2923 2037 2982 in
2058 2921 2156 2985 {o-

139 3003 324 3065 mibus
368 3005 634 3064 diversos
679 3006 861 3082 figura
910 3005 1016 3067 sed
1064 3005 1268 3066 eadem
1315 3006 1556 3065 materia
1598 3004 1942 3081 confingunt
1967 3007 2153 3085 uideo,
2204 3070 2213 3087 ,
2272 3008 2273 3035 ³

132 3094 298 3142 'totos
329 3090 589 3165 supinos,
635 3089 900 3149 faucibus
937 3091 1225 3168 porrectis
1266 3091 1322 3148 in
1354 3098 1676 3166 angustum,
1721 3098 1894 3149 utero
1928 3090 2269 3170 capucii-3⁸³

144 3167 344 3224 mirum
374 3186 484 3243 qua
513 3174 719 3248 peritia
754 3183 812 3232 et
840 3174 1200 3235 occultandis
1230 3173 1441 3234 habilis
1477 3173 1652 3252 pullis
1683 3181 1744 3232 et
1777 3172 2157 3237 substernent

55 3247 238 3312 mdis
270 3248 481 3308 mollis.
544 3252 609 3311 In
642 3254 898 3334 Aegypti
938 3257 1352 3318 Heracleotico
1401 3260 1551 3318 ostio
1594 3257 1811 3317 molem
1862 3261 2159 3323 eoam·
2272 3286 2273 3315 2

147 3328 305 3386 tione
345 3331 601 3392 nidorum
640 3344 905 3416 evaganti
938 3342 1072 3401 Nilo
1119 3342 1968 3422 inexpugnabilemopponunt
2010 3342 2165 3406 staff
2272 3416 2273 3419 Ἴ
