2320 3650
141 119 224 183 92
578 90 594 197 s
910 134 1101 183 pum
1134 92 1446 184 ssscnnnr

61 315 130 353 ιιο
148 287 390 349 diximus
419 287 643 367 spirare
688 295 748 348 et
777 287 1000 348 vicinus
1032 287 1120 348 his
1162 302 1351 351 corus.
1401 288 1460 349 hi
1503 298 1563 349 et
1606 288 1865 370 reliquos
1907 307 2125 372 conpe-

143 380 318 433 scunt,
353 379 413 431 et
455 372 622 431 nubis
667 372 919 449 abigunt.
976 372 1145 432 umidi
1187 372 1420 434 Africus
1467 381 1525 433 et
1567 376 1885 453 praecipue
1930 385 2127 437 auster

141 456 362 517 Italiae.
406 465 635 531 narrant
664 464 725 515 et'
751 458 807 515 in
828 456 1007 515 Ponto
1041 458 1280 516 caecian
1309 458 1460 516 inse
1490 457 1723 517 trahere
1748 459 1933 519 nnbiS.
1978 461 2126 520 sicci

143 557 316 599 corus
347 547 406 597 et
431 532 728 599 volturnus
762 549 1167 618 praeterquam
1200 540 1551 600 desinentes.
1588 541 1812 602 nivales
1842 543 2035 623 aquilo
2065 553 2131 604 et

141 623 479 702 septentrio.
532 623 840 699 grandines
872 624 1471 702 septentri0.inportat
1501 632 1559 683 et
1593 642 1785 684 corus.
1819 636 2124 686 aestuosus
2148 649 2181 705 ,⁵

141 717 367 797 auster,
410 707 593 785 tepidi
620 706 915 766 volturnus
948 714 1006 765 et
1035 706 1315 766 favonius.
1368 708 1542 767 iidem
1574 707 1910 774 subsolano
1918 711 2128 770 siccio-

141 792 261 867 res,
296 797 354 849 et
384 791 439 848 in
471 798 647 849 totum
676 806 879 848 omnes
910 807 942 850 a
975 793 1370 868 septentrione
1414 800 1473 850 et
1506 792 1811 852 occidente
1845 794 2131 854 sicciores

59 881 158 940 127
185 892 351 954 quam
394 891 428 933 a
471 872 711 933 meridie
764 882 823 932 et
877 874 1119 933 oriente.
1186 874 1610 935 saluberrimus
1652 885 1840 936 autem
1883 878 2130 937 omnium

142 956 370 1040 aqui10,
411 957 618 1016 noxius
649 965 843 1016 auster
872 965 930 1015 et
939 957 1140 1054 ’magis
1174 958 1398 1033 siccu8‚
1446 948 1724 1018 fortassis
1744 961 1876 1038 quia
1904 961 2131 1022 umidus

140 1044 406 1121 frigidior
434 1049 542 1102 est.
585 1041 767 1099 minus
799 1040 1022 1099 esurire
1055 1057 1129 1100 eo
1162 1043 1417 1119 spirante
1453 1041 1759 1102 creduntur
1786 1044 2119 1105 animantes.
2148 1063 2205 1106 ιο

140 1128 377 1188 Etesiae
420 1134 594 1185 noctu
624 1123 890 1186 desinunt
921 1123 1085 1199 fere,
1137 1134 1197 1184 et
1240 1143 1273 1185 a
1304 1125 1474 1185 tertia
1505 1125 1637 1185 diei
1677 1126 1821 1187 hora
1852 1129 2128 1189 oriuntur.

140 1214 198 1272 in
225 1210 497 1288 Hispania
529 1219 586 1269 et
615 1209 757 1270 Asia
790 1207 863 1268 ab
895 1208 1117 1267 oriente
1151 1207 1319 1268 flatus
1354 1217 1445 1268 est
1478 1224 1708 1285 eorum,
1758 1211 1814 1269 in
1843 1212 2026 1272 Ponto
2051 1212 2130 1272 ab

141 1294 447 1375 aquilone,
490 1294 732 1373 reliquis
773 1292 831 1353 in
864 1291 1121 1370 partibus
1153 1310 1186 1352 a
1218 1293 1480 1352 meridie.
1538 1294 1756 1370 spirant
1786 1304 1972 1354 autem
2005 1300 2063 1356 et
2096 1313 2131 1355 a

141 1379 361 1453 bruma,
395 1396 521 1438 cum
548 1388 826 1450 vocantur
848 1375 1164 1452 ornithiae‚‘
1185 1376 1571 1436 sed‘leniores
1596 1385 1654 1436 et
1677 1379 1879 1456 paucis
1902 1379 2129 1439 diebus.
2160 1400 2164 1403 ’

140 1463 464 1524 Permutant
492 1470 552 1521 et
579 1462 695 1523 dun
725 1471 979 1522 naturam
1008 1477 1132 1518 cum
1166 1461 1330 1536 situ,
1358 1470 1553 1520 auster
1585 1459 1822 1521 Africae
1857 1464 2123 1540 serenus,
2149 1479 2205 1523 ιι

59 1556 160 1612 128
181 1544 371 1625 aquilo
401 1545 646 1605 nubilus.
713 1543 927 1604 Omnes
958 1541 1116 1603 venti
1147 1542 1375 1603 vicibus
1405 1546 1523 1629 suis
1557 1544 1775 1622 spirant
1800 1547 2018 1606 maiore
2051 1564 2131 1606 ex

142 1639 304 1709 parte
330 1637 426 1689 aut
450 1637 511 1688 ut
540 1630 858 1689 contrarius
882 1627 1167 1688 desinenti
1189 1627 1440 1706 incipiat.
1475 1647 1602 1688 cum
1631 1630 1894 1706 proxumi
1919 1630 2129 1690 caden-

140 1714 292 1774 tibus
322 1722 589 1789 surgunt,
633 1731 668 1774 a
696 1711 866 1772 laevo
899 1711 1083 1771 latere
1113 1713 1172 1770 in
1204 1711 1462 1771 dextrum
1491 1720 1553 1771 nt
1582 1711 1676 1771 sol
1707 1698 1976 1773 ambiunt.
2034 1714 2129 1775 De

143 1797 362 1858 ratione
387 1813 585 1857 eorum
607 1805 892 1856 menstrua
924 1805 1122 1875 quarta
1144 1791 1405 1856 maxume
1437 1795 1568 1856 luna
1589 1796 1870 1857 decernit.
1914 1796 2129 1859 Iisdem

142 1890 331 1942 autem
376 1881 563 1940 ventis
607 1882 665 1940 in
710 1881 1054 1941 contrarium
1098 1881 1399 1957 navigatur
1446 1881 1691 1959 prolatis
1735 1881 2014 1959 pedibus,
2068 1890 2202 1941 ut2o

141 1974 315 2024 noctu
356 1963 694 2043 plerumque
737 1964 982 2024 adversa
1015 1964 1147 2024 vela
1195 1973 1557 2026 concurrant.
1616 1962 1832 2024 Austro
1877 1966 2130 2026 maiores
2157 1996 2170 2006 .

143 2049 347 2108 fluctus
379 2047 619 2107 eduntur
654 2065 822 2127 quam
852 2046 1156 2126 aquilone.
1191 2050 1456 2128 quoniam
1486 2048 1586 2108 ille
1618 2048 1875 2109 infernus
1907 2067 1984 2109 ex
2011 2050 2128 2109 imo

141 2132 282 2192 mari
312 2132 509 2209 spirat,
540 2131 637 2191 hic
667 2149 904 2192 summo.
938 2132 1191 2212 ideoque
1223 2142 1357 2210 post
1375 2142 1604 2193 austros
1626 2133 1783 2192 noxii
1806 2133 2128 2212 praecipue

60 2224 162 2281 129
183 2224 374 2276 terrae
407 2224 612 2275 motus.
671 2214 860 2275 Noctu
906 2224 1134 2293 auster,
1179 2216 1425 2276 interdiu
1468 2216 1661 2296 aquilo
1703 2215 2126 2292 vehementior,
2173 2275 2184 2280 ,
2261 2285 2268 2292 ,

144 2308 204 2358 et
231 2298 305 2359 ab
337 2307 462 2357 ortu
490 2297 696 2392 flantes
735 2298 1118 2359 diuturniores
1157 2309 1287 2360 sunt
1319 2300 1392 2360 ab
1437 2316 1653 2364 occasu
1683 2299 1966 2360 flantibus.
2027 2313 2119 2360 se·
2139 2322 2197 2365 25

142 2382 507 2481 ptentriones
538 2373 724 2462 inpari
756 2382 885 2443 fere
918 2383 1181 2456 desinunt
1210 2401 1481 2460 numeru,
1515 2402 1662 2464 quae
1702 2383 2035 2445 observatio
2070 2392 2131 2443 et

143 2466 202 2525 in
232 2466 359 2526 aliis
382 2467 570 2526 multis
598 2484 790 2526 rerum
812 2476 1050 2527 naturae
1078 2467 1337 2544 partibus
1362 2467 1536 2528 valet.
1569 2486 1761 2527 mares
1786 2468 1979 2546 itaque
2004 2468 2127 2527 exi-

145 2558 454 2609 stumantur
482 2551 714 2628 inpares
743 2552 980 2610 numeri.
1041 2550 1145 2611 Sol
1190 2560 1249 2610 et
1287 2560 1463 2627 auget
1504 2560 1563 2611 et
1597 2551 1900 2630 conprimit
1938 2550 2126 2612 flatus.

145 2642 321 2710 auget
351 2634 622 2693 exoriens
666 2634 966 2709 occidens,
1001 2635 1303 2713 conprimit
1330 2635 1678 2695 meridianus
1709 2634 1946 2695 aestivis
1982 2642 2126 2695 tem-

143 2716 402 2795 poribus.
455 2718 648 2797 itaque
682 2718 872 2778 medio
916 2718 1032 2778 diei
1073 2726 1171 2777 aut
1216 2718 1403 2777 noctis
1445 2718 1785 2798 plerumque
1828 2718 2203 2797 sopiunturso

145 2801 243 2879 qui
273 2810 369 2860 aut
410 2802 579 2882 nimio
616 2802 836 2878 frigore
868 2809 964 2861 aut
997 2810 1159 2859 aestu
1192 2801 1509 2862 solvontur.
1563 2801 1637 2862 Et
1665 2801 1942 2862 imbribus
1970 2802 2130 2863 venti

146 2884 458 2963 sopiuntur.
495 2893 904 2963 exspectantur
933 2892 1120 2944 autem
1148 2879 1413 2945 maxume
1442 2886 1592 2946 unde
1617 2885 1802 2946 nubes
1829 2884 2130 2946 discussae

62 2973 166 3038 130
189 2967 547 3045 adaperuere
583 2967 823 3029 caelum.
889 2965 1146 3027 Omnium
1178 2969 1408 3047 quidem
1460 2969 1542 3047 (si
1585 2969 1766 3029 libeat
1808 2968 2129 3029 observare

145 3051 423 3109 minumos
469 3050 744 3130 ambitus)
787 3051 983 3111 redire
1025 3052 1263 3112 easdem
1303 3053 1449 3119 vicis
1494 3054 1867 3132 quadriennio
1919 3060 2129 3112 exacto

146 3132 424 3193 Eudoxus
464 3143 652 3214 putat,
706 3151 822 3194 non
865 3142 1167 3195 ventorum
1208 3137 1383 3196 modo
1430 3155 1633 3196 verum
1681 3145 1740 3196 et
1778 3136 2205 3234 reliquarnmss

147 3225 545 3294 tempestatum
585 3236 803 3295 magna
833 3236 909 3278 ex
935 3226 1121 3296 parte.
1177 3228 1236 3279 et
1284 3229 1376 3280 est
1416 3220 1757 3298 principium
1796 3219 1959 3280 lustri
2002 3219 2130 3278 eius

149 3317 384 3443 seniper
403 3301 771 3363 intercalario
793 3318 940 3364 anno
967 3302 1292 3364 caniculari
1300 3312 1445 3365 ortu.
1482 3302 1574 3365 De
1589 3301 1965 3384 generalibus
1987 3318 2129 3363 ven-

150 3383 224 3442 tis
291 3400 416 3444 aec.
