2320 3650
137 53 260 115 226
869 65 927 112 ο.
954 65 1145 114 Pmm
1179 62 1478 113 smmi

137 218 373 283 Seleuci
436 218 584 278 iilius
653 219 857 279 eodem
916 220 1052 280 loco
1107 218 1355 279 restituit
1413 217 1710 293 Syrianam
1770 216 2153 281 interfluente

136 304 336 380 Margo
372 303 466 380 qui
512 304 836 363 conrivatur
878 304 936 362 in
971 301 1235 362 Zothale.
1322 303 1371 360 is
1413 301 1692 361 maluerat
1742 300 1896 361 illam
1934 298 2150 360 Antio-

139 388 323 448 chiam
353 384 657 464 appellari.
725 385 880 445 urbis
915 386 1225 465 amplitudo
1259 386 1583 445 circumitur
1615 384 1813 443 stadiis
1838 381 2012 443 LXX.
2085 386 2154 444 in

120 472 286 532 'hanc
318 468 546 529 Orodes
576 469 868 529 Romanos
901 468 1207 528 Crassiana
1253 468 1421 528 clade
1468 475 1675 546 captos
1717 467 1972 527 deduxit.
2041 466 2147 528 Ab

139 556 303 615 huius
348 554 606 613 excelsis
647 572 756 631 per
797 554 928 629 iuga
963 549 1211 612 Caucasi
1256 552 1617 630 protenditur
1660 551 1732 610 ad
1763 550 2004 609 Bactros
2034 570 2137 615 us·
2170 566 2200 604 s

138 657 252 717 que
299 655 447 715 gens
485 635 812 697 Mardorum
858 638 1014 710 sera,
1061 637 1147 695 sui
1189 636 1347 695 iuris·
1423 634 1529 695 suh
1579 652 1652 694 eo
1699 643 1882 694 tractu
1928 643 2150 710 gentes

139 722 403 796 Orciani,
468 718 792 795 Commori,
851 720 1202 796 Berdrigae,
1271 717 1728 796 Harmatotropi,
1788 714 2145 794 Citomarae,

53 817 123 870 48
148 804 417 887 Comani,
463 803 880 878 Murrasiarae,
926 802 1281 862 Mandrnani.
1346 802 1572 861 flumina
1602 800 1928 875 Mandrum,
1966 800 2145 861 Chin-

80 892 332 964 drum,
377 888 641 966 ultraque
675 885 1012 962 Chorasmi,
1062 885 1341 962 Gandari,
1391 886 1649 958 Arasmi,
1695 885 1989 961 Paricani,
2031 880 2145 945 Sa·

138 990 378 1049 rangae,
423 969 746 1045 Marotiani,
792 970 949 1045 Arsi,
994 969 1159 1030 Caeli
1193 987 1342 1047 quos
1374 968 1583 1029 Graeci
1615 965 1900 1028 Cadusios
1930 969 2143 1047 appel·
2168 989 2223 1029 ιο

139 1058 363 1130 lavere,
411 1053 660 1114 Matiani.
728 1054 1002 1133 oppidum
1029 1053 1318 1114 Heraclea
1354 1051 1425 1112 ab
1456 1050 1791 1111 Alexandro
1826 1052 2144 1136 conditum,

142 1139 298 1219 quod
330 1137 538 1196 deinde
571 1136 913 1199 subversum
943 1156 1012 1197 ac
1041 1138 1366 1221 restitutum
1398 1131 1716 1195 Antiochus
1745 1121 2002 1195 Achaida
2036 1153 2146 1213 ap·

139 1221 398 1301 pellavit.
498 1220 788 1282 Derbices
835 1239 1073 1300 quorum
1115 1221 1341 1281 medios
1383 1220 1510 1278 finis
1556 1227 1717 1278 secat
1748 1217 1908 1277 Oxus
1958 1220 2147 1278 amnis

140 1315 300 1365 ortus
345 1306 403 1363 in
457 1303 587 1366 lacu
632 1304 830 1382 Oaxo,
889 1305 1223 1380 Syrmatae,
1270 1303 1628 1379 Oxyttagae,
1672 1301 1855 1377 Moci,
1914 1301 2144 1378 Bateni,

139 1392 494 1468 Saraparae,
539 1389 729 1449 Bactri
771 1407 1011 1467 quorum
1052 1389 1326 1466 oppidum
1359 1387 1682 1461 Zariastes,
1731 1386 1885 1464 quod
1930 1396 2144 1465 postea
2169 1406 2221 1446 ιε,

140 1475 423 1548 Bactrum,
450 1491 482 1533 a
506 1473 733 1532 flumine
769 1472 1123 1552 appellatum
1155 1480 1264 1531 est.
1305 1470 1466 1545 Gens
1498 1469 1645 1529 haec
1678 1471 1898 1547 optinet
1929 1487 2144 1530 aversa

139 1558 345 1616 montis
373 1555 709 1634 Paropanisi
756 1556 1113 1616 exadversus
1145 1555 1321 1614 fontis
1352 1553 1508 1628 Indi,
1556 1553 1862 1613 includitur
1906 1552 2145 1612 flumine

55 1650 122 1703 49
144 1639 327 1700 Ocho.
428 1639 588 1700 Ultra
620 1640 927 1716 Sogdiani,
972 1639 1254 1717 oppidum,
1279 1637 1469 1697 Panda
1491 1645 1559 1697 ⁴et
1600 1638 1655 1695 in
1687 1637 1895 1697 ultimis
1938 1653 2143 1696 eorum

140 1723 346 1783 finibus
379 1723 729 1797 Alexandria
761 1723 833 1782 ab
869 1722 1206 1782 Alexandro
1238 1721 1449 1797 Magno
1482 1721 1787 1780 conditum.
1874 1720 2028 1779 Arae
2061 1719 2144 1779 ibi

140 1815 268 1867 sunt
309 1806 381 1867 ab
426 1805 679 1866 Hercule
722 1823 792 1866 ac
835 1805 1045 1866 Libero
1084 1800 1270 1866 Patre'
1299 1806 1674 1880 constitutae,
1722 1806 1856 1864 item
1888 1801 2043 1879 Cyro
2082 1812 2218 1864 et2⁰

140 1889 511 1951 Samiramide
545 1900 718 1968 atque
750 1889 1119 1965 Alexandro,
1160 1890 1287 1948 finis
1320 1890 1563 1948 omnium
1595 1905 1792 1948 eorum
1829 1889 2029 1948 ductus
2067 1888 2146 1948 ab

141 1974 247 2053 illa
270 1982 433 2050 parte
466 1982 764 2048 terrarum,
798 1973 1125 2033 includente
1162 1974 1387 2033 flumine
1419 1971 1666 2048 Iaxarte,
1701 1972 1853 2051 quod
1889 1972 2145 2046 Scythae

139 2057 300 2116 Silim
323 2066 555 2132 vocant,
583 2056 916 2116 Alexander
937 2057 1263 2136 militesque
1289 2055 1660 2116 eius'l'anaim
1686 2064 1965 2134 putavere
1982 2067 2142 2116 esse.

139 2141 491 2200 transcendit
551 2158 682 2201 cum
733 2158 955 2200 amnem
997 2138 1421 2214 DemodamaS,
1490 2139 1727 2200 Seleuci
1772 2147 1828 2197 et
1873 2137 2144 2198 Antiochi

139 2243 341 2301 regum
375 2224 509 2299 dux,
555 2242 725 2303 quem
755 2242 1017 2286 maxume
1048 2225 1345 2302 sequimur
1374 2225 1432 2282 in
1465 2222 1576 2299 his,
1609 2240 1856 2301 arasque
1881 2221 2142 2300 Apollini
2161 2239 2215 2279 25

138 2306 459 2383 Didymaeo
497 2309 708 2367 statuit.

54 2401 125 2453 50
312 2392 407 2450 17.
482 2391 651 2469 (19.)
728 2390 889 2451 Ultra
937 2400 1066 2450 sunt
1096 2389 1438 2465 Scytharum
1469 2389 1688 2468 populi.
1761 2388 1975 2449 Persae
2006 2387 2141 2449 illos

140 2476 323 2534 Sacas
364 2474 421 2533 in
463 2475 793 2535 universum
837 2474 1216 2573 appellavere
1259 2493 1292 2534 a
1340 2491 1619 2551 proxuma
1660 2481 1869 2549 gente,
1925 2473 2141 2549 antiqui

138 2558 423 2617 Aramios.
496 2556 750 2633 Scythae
791 2559 903 2637 ipsi
931 2558 1141 2617 Persas
1169 2555 1493 2617 Chorsaros
1528 2566 1586 2615 et
1625 2553 1943 2616 Caucasum
1983 2573 2138 2614 mon-

139 2651 253 2701 tem
291 2639 660 2717 Groucasim,
705 2640 820 2701 hoc
862 2650 953 2700 est
983 2643 1117 2700 nive
1150 2641 1470 2702 candidum.
1557 2638 1857 2700 Multitudo
1893 2627 2136 2717 populo·
2160 2656 2211 2697 ao

137 2744 261 2784 rum
291 2726 583 2784 innumera
619 2734 677 2785 et
709 2743 860 2804 quae
892 2742 1018 2784 cum
1039 2725 1294 2785 Parthis
1296 2743 1371 2783 ex
1394 2740 1581 2804 aequo
1619 2723 1811 2800 degat.
1874 2721 2137 2782 celeber·

137 2810 263 2868 rimi
306 2823 506 2868 eorum
550 2809 773 2883 Sacae,
819 2806 1222 2885 Massagetae,
1278 2807 1511 2883 Dahae,
1556 2806 1923 2880 EssedoneS,
1972 2806 2137 2867 Asta-

140 2911 280 2967 cae,
325 2891 625 2967 Rumnici,
667 2889 953 2967 Paestici,
994 2891 1338 2967 Homodoti,
1382 2892 1550 2966 Hist'i,
1597 2889 1855 2965 EdoneS,
1902 2886 2136 2966 Camae,

141 2974 447 3052 Camacae,
485 2973 807 3050 Euchatae,
857 2972 1098 3051 Cotieri,
1144 2974 1504 3049 Anthusiani,
1551 2974 1791 3050 Psacae,
1826 2973 2134 3051 Arimaspi,

139 3058 437 3135 Antacati,
485 3056 798 3135 Chroasai,
859 3059 1046 3118 Oetei.
1130 3057 1218 3118 lbi
1263 3056 1488 3137 Napaei
1537 3059 1826 3120 interiisse
1876 3058 2137 3130 dicuntur
2156 3076 2205 3119 ss

54 3150 117 3202 51
147 3160 177 3200 a
207 3140 453 3202 PalaeiS.
544 3141 776 3202 Nobilia
819 3143 970 3220 apud
1019 3160 1123 3202 eos
1168 3142 1392 3201 flumina
1424 3141 1867 3218 Mandragaeum
1910 3148 1967 3200 et
1999 3137 2134 3201 Cas-

141 3242 362 3303 pasum.
435 3241 545 3285 nec
576 3229 634 3286 in
669 3225 779 3286 alia
810 3236 974 3304 parte
1000 3228 1183 3286 maior
1206 3234 1501 3285 auctorum
1523 3225 1921 3301 inconstantia,
1957 3223 2133 3284 credo

141 3315 384 3387 propter
420 3308 746 3380 innumeras
789 3327 1084 3388 vagasque
1126 3310 1337 3388 gentis.
1429 3307 1702 3370 Haustum
1741 3309 1923 3389 ipsius
1964 3306 2136 3369 maris

15 3525 105 3553 —a
