2320 3650
484 118 853 169 NAT.H18'1·.
881 105 1715 185 11.103——107.(106-—‚111.)
2033 104 2149 166 119

283 274 428 335 106.
465 274 635 352 (110.
641 275 671 352 )
695 272 949 332 Verum·
933 292 988 331 in
1012 275 1279 332 montium
1303 272 1591 332 miraculis
1616 273 1778 332 ardet
1800 271 1986 330 Aetna
2010 288 2110 330 no-
2135 281 2238 335 236

165 359 357 419 ctibus
386 376 640 436 semper,
673 366 944 435 tantoque
977 375 1125 417 aevo
1155 358 1368 454 ignium
1397 357 1635 416 materia
1670 356 1912 431 sufficit,
1949 355 2153 414 nivalis

160 443 423 503 hibernis
476 440 827 519 temporibus
874 450 1250 519 egestumque
1297 441 1548 499 cinerem
1600 441 1815 517 pruinis
1859 441 2151 517 operiens.

163 526 286 585 Nec
323 526 430 586 illo
463 535 674 585 tantum
717 533 918 584 natura
964 527 1147 585 saevit
1192 525 1551 583 exustionem
1594 525 1764 581 terris
1796 523 2151 583 denuntians.

118 611 377 687 sflagrat
435 611 492 669 in
539 609 843 668 Phaselitis
902 626 1066 668 mons
1112 603 1443 683 Chimaera,
1499 616 1556 666 et
1599 608 1827 685 quidem
1872 607 2156 666 inmortali

161 694 369 754 diebus
402 711 473 753 ac
503 693 771 752 noctibus
805 692 1045 753 flamma.
1095 695 1286 769 ignem
1319 693 1443 751 eius
1470 691 1710 752 accendi
1742 708 1908 767 aqua,
1943 692 2154 749 exstin-

160 779 257 855 gui
279 795 431 837 vero
463 786 748 837 terra-aut
777 776 946 837 faeno
981 774 1217 836 Cnidius
1242 773 1468 842 Ctesias
1503 775 1692 835 tradit.
1741 774 1943 834 eadem
1971 775 2027 832 in
2048 773 2154 848 Ly-

161 863 251 921 cia
281 861 627 939 Hephaestii
653 870 877 919 montes
908 855 1077 921 taeda
1108 860 1429 919 flammante
1453 861 1589 919 tacti
1610 858 1885 935 flagrant,
1923 867 1980 917 et
2005 858 2154 918 adeo

159 955 223 1005 nt
254 945 486 1023 lapides
518 962 751 1023 quoque
784 946 1036 1003 rivorum
1068 953 1126 1003 et
1159 944 1412 1003 harenae
1444 945 1501 1002 in
1531 944 1672 1020 ipsis
1704 944 1866 1021 aquis
1896 943 2154 1015 ardeant,

97 1047 145 1088 ιο
163 1030 453 1107 aliturque
482 1030 630 1105 ignis
664 1028 765 1088 ille
797 1028 1023 1106 pluviis.
1072 1027 1281 1087 baculo
1315 1029 1362 1086 si
1392 1028 1520 1105 quis
1555 1045 1630 1085 ex
1657 1028 1727 1086 iis
1759 1031 2012 1086 accenso
2041 1035 2154 1085 tra-

160 1116 315 1173 xerit
347 1113 597 1187 sulcum,
629 1113 787 1171 rivos
822 1113 1033 1189 ignium
1065 1109 1233 1190 seqdi
1267 1120 1514 1170 narrant.
1576 1110 1780 1187 flagrat
1807 1113 1864 1170 in
1892 1110 2113 1171 Bactris
2134 1115 2239 1171 23⁷

163 1196 455 1275 Cophanti
483 1191 747 1255 noctibus
775 1206 999 1255 vertex.
1043 1195 1248 1272 flagrat
1278 1196 1333 1254 in
1361 1194 1548 1254 Medis
1579 1204 1638 1253 et
1670 1196 1984 1270 Sittacene,
2020 1211 2154 1262 con-

162 1281 297 1341 finio
346 1280 636 1355 Persidis,
686 1280 846 1339 Susis
890 1280 1120 1358 quidem
1163 1275 1237 1339 ad
1266 1278 1486 1338 Turrim
1531 1277 1718 1338 albam
1747 1277 1854 1337 XV
1899 1278 2154 1352 caminis,

159 1382 428 1425 maxumo
463 1381 660 1423 eorum
694 1373 751 1422 et
789 1365 1053 1426 interdiu.
1107 1380 1343 1441 campus
1375 1361 1727 1437 Babyloniae
1776 1362 1979 1439 flagrat
2018 1379 2155 1440 qua-

97 1475 146 1515 15
164 1449 292 1509 dam
321 1448 504 1507 veluti
534 1466 570 1525 p
662 1447 752 1507 ina
785 1449 970 1524 iugeri
1014 1448 1416 1525 magnitudine.
1472 1445 1818 1523 Aethiopum
1858 1447 2012 1505 iuxta
2041 1445 2154 1504 He·

162 1550 402 1611 sperum
442 1540 598 1590 mont
708 1531 1068 1608 ,stellarum
1113 1531 1285 1591 modo
1330 1532 1516 1608 campi
1550 1538 1742 1589 noctu.
1803 1529 2058 1588 similiter
2101 1531 2157 1587 in
2244 1531 2247 1534 ’

161 1614 789 1693 Megalopolitanorum
840 1633 1002 1693 agro.
1061 1633 1192 1675 nam
1252 1616 1299 1674 si
1360 1615 1662 1674 intermisit
1724 1614 1823 1673 ille
1877 1613 2155 1672 iucundus

161 1699 547 1777 frondemque
577 1699 741 1759 densi
771 1717 945 1778 supra
977 1718 1042 1759 se
1073 1700 1326 1759 nemoris
1353 1716 1469 1758 non
1498 1699 1744 1758 adurens
1779 1707 1836 1757 et
1864 1699 2018 1757 iuxta
2053 1716 2154 1774 ge-

163 1783 342 1844 lidum
388 1783 607 1844 fontem
650 1801 886 1863 semper¹
924 1784 1134 1865 ardens
1163 1783 1486 1863 Nymphaei
1517 1792 1726 1859 crater,
1759 1782 1879 1842 dira
1913 1781 2156 1861 Apollo-

96 1887 148 1928 ιο
164 1869 334 1928 niatis
359 1869 477 1927 suis
502 1869 811 1945 portendit,
837 1876 898 1928 ut
919 1868 1331 1948 Theopompus
1352 1868 1598 1928 tradidit.
1624 1877 1864 1945 augetur
1886 1866 2160 1927 imbribus

166 1953 475 2030 egeritque
506 1951 755 2011 bitumen
791 1953 1229 2032 temperandum
1272 1953 1430 2012 fonte
1474 1953 1575 2016 illo
1608 1951 1966 2028 ingustabili,
2015 1952 2159 2011 alias

166 2036 318 2096 omni
352 2035 627 2095 bitumine
675 2037 921 2096 dilutius.
947 2078 954 2083 .
985 2037 1103 2097 Sed
1126 2038 1272 2115 'quis
1317 2036 1464 2096 haec
1506 2033 1780 2096 miretur?
1833 2034 1895 2095 In
1924 2036 2114 2096 medio
2138 2044 2244 2100 238

164 2121 306 2179 mari
335 2119 513 2179 Hiera
541 2121 727 2181 insula
757 2120 966 2181 Aeolia
994 2122 1148 2181 iuxta
1181 2120 1397 2181 Italiam
1443 2138 1570 2180 cum
1610 2122 1739 2199 ipso
1784 2121 1924 2180 mari
1955 2138 2156 2180 arsere

164 2221 278 2282 per
306 2203 525 2282 aliquot
561 2203 687 2264 dies
725 2205 933 2264 'sociali
965 2204 1164 2280 bello,
1216 2205 1404 2264 donec
1439 2204 1652 2282 legatio
1695 2213 1928 2264 senatus
1960 2204 2153 2282 piavit.

100 2304 431 2347 umaxumo
461 2296 653 2347 tamen
682 2288 844 2347 ardet
877 2289 1144 2348 incendio
1172 2288 1374 2348 Theon
1409 2288 1650 2348 ochema
1678 2289 1887 2348 dictum
1917 2287 2155 2348 Aethio-

161 2386 302 2449 pum
334 2372 974 2450 iugum,ltorrentisque
995 2372 1137 2432 solis
1171 2371 1471 2432 ardoribus
1500 2372 1752 2432 flammas
1780 2373 1985 2450 egerit.
2048 2372 2159 2432 Tot

166 2453 338 2530 lociS,
372 2463 460 2515 tot
493 2455 774 2514 incendiis
802 2474 995 2515 rerum
1024 2465 1227 2517 natura
1258 2465 1445 2516 terras
1482 2465 1718 2517 cremat.

290 2539 427 2598 107.
462 2537 671 2618 (111.)
704 2539 1017 2599 Praeterea
1049 2559 1177 2600 cum
1206 2541 1278 2600 sit
1308 2541 1472 2600 huius
1498 2541 1657 2599 unius
1682 2541 1950 2600 elementi
1972 2541 2119 2600 ratio
2141 2550 2243 2606 239

165 2622 447 2698 fecunda,
497 2641 682 2701 seque
730 2624 856 2701 ipsa
900 2625 1087 2702 pariat>
1126 2632 1186 2684 et
1231 2625 1489 2699 minumis
1537 2633 1764 2684 crescat
1810 2643 1843 2684 a
1875 2624 2158 2700 scintilliS,

103 2718 153 2760 3ο
173 2705 308 2785 quid
336 2706 465 2766 fore
499 2707 807 2784 putandum
836 2716 926 2766 est
956 2709 1010 2766 in
1044 2717 1128 2767 tot
1160 2709 1320 2784 rogis
1351 2705 1584 2767 terrae?
1630 2725 1777 2785 quae
1812 2717 1900 2767 est
1935 2708 2032 2767 illa
2059 2726 2157 2767 na·

168 2800 294 2850 tura
324 2808 471 2868 quae
506 2792 879 2850 voracitatem
909 2792 964 2850 in
992 2801 1114 2851 toto
1145 2792 1354 2852 mundo
1386 2792 1768 2851 avidissimam
1801 2792 1922 2851 sine
1954 2791 2179 2851 damno’

169 2875 256 2934 sui
292 2872 519 2951 pascit?
572 2873 869 2934 Addantur
897 2875 987 2935 his
1018 2876 1533 2936 siderainnumera
1562 2877 1879 2952 ingensque
1910 2874 2022 2949 sol,
2060 2876 2156 2935 ad·

169 2958 373 3018 dantur
406 2958 633 3018 hnmani
668 2957 834 3034 ignes
862 2967 920 3017 et
944 2959 1195 3037 lapidum
1221 2977 1450 3058 quoque
1472 2960 1622 3018 insiti
1645 2967 1915 3034 naturae,
1941 2961 2157 3018 attritu-

169 3059 285 3120 que
314 3042 474 3100 inter
493 3059 558 3101 se
595 3042 757 3117 ligni,
794 3043 904 3101 iam
932 3042 1162 3102 nubium
1194 3053 1251 3102 et
1281 3045 1536 3120 origines
1565 3043 1873 3102 fulminum.
1930 3044 2160 3104 excedit

101 3118 438 3204 ssprofecto
481 3125 759 3185 miracula
806 3128 990 3187 omnia
1038 3126 1213 3186 ullum
1262 3127 1410 3186 diem
1440 3127 1619 3186 fuisse
1667 3143 1779 3205 quo
1809 3143 1924 3185 non
1955 3137 2158 3188 cuncta

169 3208 627 3285 conflagrarent,
679 3226 805 3268 cum
850 3211 1091 3288 specula
1139 3227 1369 3289 quoque
1421 3227 1678 3270 concava
1719 3211 1964 3271 adversa
2012 3211 2155 3271 solis

165 3292 348 3353 radiis
381 3292 607 3352 facilius
637 3294 806 3351 etiam
840 3294 1159 3353 accendant
1189 3311 1356 3385 quam
1384 3294 1534 3353 ullus
1564 3295 1707 3354 alius
1742 3296 1906 3371 ignis.
1967 3294 2114 3366 Quid
2137 3302 2242 3356 240

168 3375 324 3456 quod
372 3375 816 3438 innumerabiles
857 3378 1022 3458 parvi
1073 3377 1179 3438 sed
1221 3368 1512 3440 naturales
1553 3376 1816 3438 scatent?
1877 3376 1940 3437 In
1983 3376 2154 3450 Nym

2238 3542 2306 3562 -
