2320 3650
186 66 268 127 96
872 75 934 123 c.
981 75 1173 122 Pmm
1217 73 1518 121 sncmsm
2247 29 2253 130 Α

186 232 498 308 sexagenis
527 230 730 291 diebus
762 230 965 308 latent,
997 239 1059 289 ut
1087 230 1362 307 glaucus,
1410 228 1611 303 aselii,
1635 223 1928 288 -anratae.-
1963 225 2175 289 Fluviu-

68 314 73 324 '
186 317 363 376 tilium
394 315 603 375 silurus
638 316 934 375 caniculae
961 323 1170 373 exortu
1202 315 1508 388 sideratur,
1545 321 1603 384 et
1632 312 1775 372 alias
1822 329 2056 389 semper
2083 310 2176 371 ful·

188 417 333 476 gure
388 401 632 477 sopitur.
697 400 811 458 hoc
854 396 912 457 et
950 401 1007 457 in
1047 399 1189 457 mari
1250 397 1522 456 accidere
1573 396 1818 474 cyprino
1868 404 2084 473 putant.
2132 403 2178 454 et

187 482 403 560 alioqui
434 493 613 543 totum
641 501 799 542 mare
837 484 1009 542 sentit
1040 490 1304 541 exortum
1335 483 1459 540 eius
1491 480 1726 554 sideris,
1750 480 1909 557 quod
1937 496 2179 539 maxume

189 569 243 625 in
272 566 539 645 Bosporo
573 568 833 645 adparet.
869 567 1001 643 alga
1035 569 1184 624 enim
1209 575 1266 624 et
1290 567 1492 643 pisces
1514 564 1985 642 superferuntur,
2018 565 2213 623 omnias

190 652 261 711 ab
298 653 413 710 imo
446 669 636 711 versa.

104 744 174 799 59
321 737 415 796 17.
452 736 619 814 (26.)
666 734 942 811 Mugilum
973 745 1174 794 natura
1203 732 1421 806 ridetur
1452 735 1510 792 in
1542 742 1701 793 metu
1733 733 1932 811 capite
1956 730 2181 790 abscon·

193 818 311 879 dito
343 827 501 879 totos
533 838 598 878 se
630 819 910 878 occultari
943 819 1320 886 credentium.
1383 818 1589 877 iisdem
1635 826 1749 876 tam
1783 819 2020 875 incauta
2059 814 2181 874 sala-

194 905 338 963 citas
371 913 430 962 ut
460 906 516 962 in
546 902 841 962 Phoenice
876 912 932 961 et
969 901 1335 962 Narbonensi
1383 902 1687 978 provincia
1720 902 1914 960 coitus
1947 910 2182 976 tempore

194 1004 227 1046 e
256 988 490 1047 vivariis
520 1005 736 1046 marem
769 987 903 1046 linia
934 986 1246 1063 longinqua
1278 1003 1384 1063 per
1415 1003 1483 1044 os
1509 985 1581 1045 ad
1613 984 1931 1044 branchias
1963 983 2224 1060 religans

196 1073 464 1130 emissum
495 1073 551 1129 in
586 1088 743 1130 mare
789 1071 1111 1148 eademque
1147 1067 1281 1128 linia
1319 1079 1631 1130 retractum
1674 1070 1932 1129 feminae
1964 1084 2183 1147 sequau-

193 1163 282 1212 tur
315 1154 386 1213 ad
418 1154 551 1213 litus
581 1172 898 1232 rursusque
931 1147 1417 1213 feminam'mares
1442 1163 1640 1232 partus
1683 1162 1982 1230 tempore.

107 1246 179 1300 60
320 1237 486 1317 (27.)
523 1238 694 1316 Apud
727 1242 991 1317 antiquos
1026 1240 1270 1317 piscium
1301 1237 1693 1297 nobilissimus
1720 1236 1958 1297 babitus
1981 1237 2184 1314 acipen-

195 1338 310 1395 ser,
343 1340 487 1381 unus
520 1323 764 1382 omnium
794 1324 1049 1401 squamis
1072 1321 1144 1381 ad
1167 1339 1236 1380 os
1264 1323 1475 1397 versia,
1505 1330 1707 1382 contra
1741 1338 1919 1400 quam
1944 1322 2002 1380 in
2027 1318 2186 1379 nando

193 1415 414 1482 meant,
464 1407 643 1486 nullo¹
669 1425 818 1466 nunc
851 1409 906 1465 in
937 1407 1162 1466 honore
1197 1415 1307 1481 est,
1359 1406 1515 1485 quod
1559 1404 1798 1484 quidem
1823 1407 2039 1480 miror,
2082 1420 2231 1463 cun-a

194 1491 268 1548 sit
298 1508 462 1550 rarus
493 1493 743 1550 inventu.
809 1493 1037 1569 quidam
1071 1509 1201 1549 eum
1231 1489 1465 1567 elopem
1496 1497 1731 1549 vocant.

106 1583 172 1636 61
316 1574 482 1654 (28.)
518 1575 729 1635 Postea
764 1576 1134 1652 praecipuam
1153 1576 1556 1633 auctoritatem
1587 1573 1775 1633 fuisse
1809 1572 1954 1651 lupo
1986 1581 2043 1632 et
2065 1569 2187 1631 asel·

195 1657 266 1722 lis
313 1656 621 1717 Cornelius
670 1658 871 1736 Nepos
919 1668 976 1717 et
1020 1658 1298 1726 Laberius
1342 1667 1519 1735 poeta
1549 1658 1854 1728 mimorum
1899 1656 2186 1735 tradidere..
2251 1659 2252 1692 z

195 1741 459 1819 luporum
504 1742 876 1802 laudatissimi
913 1744 1009 1821 qui
1054 1741 1419 1820 appellantur
1452 1741 1626 1801 lanati
1672 1758 1705 1800 a
1739 1728 2003 1801 candore
2032 1737 2188 1800 mom-

193 1825 389 1903 tiaque
423 1829 631 1885 carnis.
692 1828 1006 1887 asellorum
1041 1825 1153 1886 duo
1187 1844 1431 1903 genera,
1460 1823 1671 1901 collyri
1702 1827 1967 1885 minores
1994 1834 2050 1886 et
2076 1823 2236 1893 bne-2

198 1908 313 1982 chi,
360 1909 456 1986 qui
496 1927 611 1969 non
645 1914 754 1971 nisi
801 1914 855 1970 in
890 1911 1007 1970 alto
1043 1913 1383 1990 capiuntur,
1431 1911 1566 1970 ideo
1609 1910 1863 1988 praelati
1901 1907 2188 1988 prioribus.
2251 1928 2252 1933 ¹

197 2000 253 2051 at
283 1993 524 2072 in-lupis
557 1994 613 2052 in
645 2013 810 2055 amne
842 1997 996 2074 capti
1032 1995 1456 2072 praeferuntur.
1558 2032 1564 2037 -

110 2085 179 2139 62
277 2076 446 2156 (29.)
492 2077 657 2139 Nunc
690 2082 1044 2158 principatus
1089 2096 1259 2138 scaro
1291 2077 1497 2159 datur„
1525 2078 1622 2156 qui
1653 2076 1816 2137 solus
1849 2078 2099 2155 piscium
2127 2072 2192 2135 di-

198 2163 343 2221 citur
373 2163 658 2222 ruminare
691 2164 1008 2241 herbisque
1042 2164 1241 2238 vesci,
1280 2180 1394 2222 non
1426 2162 1554 2222 aliis
1585 2161 1883 2240 piscibus,
1903 2158 2191 2241 Carpathio

194 2262 457 2305 maxume
490 2249 632 2306 mari
662 2248 957 2326 frequens.
1022 2248 1478 2325 promontorium
1507 2245 1755 2309 Troadis
1786 2243 2035 2306 Lectum
2063 2259 2239 2311 nun-⁸

234 2347 364 2391 ,uam
394 2340 602 2409 sponte
633 2333 853 2395 transit.
915 2331 1047 2390 inde
1079 2330 1361 2391 advectos
1392 2329 1630 2390 Tiberio
1666 2327 1917 2389 Claudio
1949 2329 2194 2409 principe

251 2421 439 2489 ptatus
464 2413 781 2493 Elipertius
812 2416 1150 2494 praefectus
1182 2413 1389 2474 classis
1421 2416 1571 2474 inter
1589 2411 1927 2479 Ostiensem
1960 2424 2020 2475 et
2055 2410 2193 2483 Gan·

111 2501 181 2558 63
198 2498 402 2572 paniae
436 2516 596 2559 oram
632 2517 872 2578 sparsos
904 2499 1319 2560 disseminavit.
1370 2499 1760 2577 quinquennio
1793 2497 1929 2559 fere
1966 2514 2101 2559 cura
2123 2501 2196 2555 cat

196 2579 448 2642 adhibita
480 2592 540 2641 ut
582 2586 734 2662 capti
771 2584 1157 2644 redderentur
1186 2584 1346 2643 mari.
1413 2591 1622 2662 postea
1666 2582 2020 2661 frequentes
2060 2582 2195 2653 inre·

198 2666 425 2725 niuntur
469 2665 670 2727 Italiae
701 2667 908 2745 litore,
952 2685 1067 2727 non
1109 2675 1278 2727 antea
1319 2668 1399 2726 ibi
1448 2667 1624 2746 capti.
1687 2664 2070 2747 admovitque
2103 2656 2253 2737 ,Μ

196 2749 334 2825 gula
365 2768 613 2830 sapores
648 2751 906 2830 piscibus
937 2753 1077 2811 satis
1113 2762 1171 2810 et
1205 2767 1415 2811 novom
1458 2751 1710 2811 incolani
1744 2751 1890 2810 mari
1925 2748 2112 2827 defit,
2245 2758 2253 2832 l

198 2835 324 2909 quis
370 2836 716 2914 peregrinas
759 2836 882 2894 avis
931 2834 1151 2894 Romae
1196 2853 1407 2915 parere
1456 2836 1715 2895 miretur.
1788 2761 2220 2976 Proxuma?

195 2933 393 2978 mensa
440 2921 624 2980 iecori
662 2919 953 2979 dumtaxat
984 2918 1389 2994 mustelarum,
1422 2935 1598 2996 quas,
1644 2918 1849 2978 mirum
1899 2919 2095 2994 dictu,
2189 2904 2252 2995 ,f

196 3006 288 3069 ter
322 3001 493 3082 Alpis
522 3021 759 3082 quoque
808 3003 969 3063 lacus
999 3000 1241 3063 Raetiae
1279 3003 1644 3081 Brigantinus
1685 3002 1954 3065 aemulas
1988 2998 2253 3145 m*ff

198 3095 460 3153 generat.
1346 3124 1352 3129 -
2011 3148 2020 3157 ,
2131 3124 2156 3149 ι.

116 3166 188 3219 64
325 3164 492 3246 (30.)
526 3167 619 3229 Ex
655 3170 881 3248 reliqua
913 3171 1212 3231 nobilitate
1241 3180 1300 3231 et
1329 3174 1513 3249 gratia
1538 3188 1802 3235 maxuma
1833 3182 1932 3232 est
1957 3181 2022 3234 et
2053 3164 2196 3253 a*

201 3243 415 3319 mullis,
447 3250 593 3308 sicut
620 3252 950 3329 magnitudo
973 3254 1224 3331 modica,
1255 3254 1538 3336 binasque
1570 3251 1753 3319 libras
1775 3255 2194 3336 ponderis*

203 3322 503 3385 admodum
554 3345 935 3412 exsuperant,
983 3355 1094 3397 nee
1133 3341 1191 3397 in
1236 3340 1472 3399 vivariis
1518 3322 2192 3419 piscinisqub'oeoemt
