2320 3650
174 119 257 183 68
728 91 736 99 ⁴
907 131 969 178 c,
998 131 1193 180 Pur-11
1221 130 1522 179 suenum

174 288 417 348 totidem
438 286 585 347 deos
610 286 822 347 faciant
851 284 1101 346 Iunones
1132 283 1465 365 Geniosque
1497 285 1826 364 adoptando
1863 285 1997 362 sibi,
2028 305 2173 365 gen-

173 381 268 432 tes
298 388 442 431 vero
476 370 757 450 quaedam
799 369 1060 429 animalia
1091 377 1150 428 et
1193 370 1384 448 aliqua
1432 372 1602 431 etiam
1636 369 1898 430 obscena
1939 388 2048 448 pro
2086 372 2175 432 dis

175 454 428 516 habeant
473 473 543 516 ac
585 452 760 513 multa
809 453 963 514 dictu
1004 453 1187 529 magis
1233 453 1533 531 pudenda,
1579 472 1688 532 per
1716 452 1927 514 fetidas
1963 473 2170 533 cepas,

91 547 159 603 17
177 539 286 600 alia
320 548 380 600 et
411 538 616 599 similia
645 539 921 597 iurantes.
974 535 1331 597 Matrimonia
1375 539 1605 617 quidem
1644 539 1796 596 inter
1827 538 1977 598 deos
2008 539 2172 598 credi

174 632 450 702 tantoque
483 638 632 682 aevo
669 639 747 681 ex
772 622 861 681 his
891 621 1177 681 neminem
1205 623 1398 698 nasci,
1445 630 1504 681 et
1538 620 1685 682 alios
1718 638 1853 681 esse
1884 622 2171 699 grandae·
2193 636 2220 680 ο

174 725 283 767 vos
313 724 547 785 semper
581 710 900 783 canosque,
932 705 1080 764 alios
1113 705 1355 765 iuvenes
1386 715 1559 784 atque
1591 696 1829 782 pueros,
1867 707 1977 764 atri
2009 705 2171 765 colo-

173 793 277 866 ris,
309 791 603 867 aligeros,
638 789 900 864 claudOS,
935 805 1048 847 ovo
1081 788 1292 863 editos,
1329 798 1388 849 et
1418 789 1655 849 alternis
1686 788 1893 848 diebus
1920 790 2175 849 viventis

172 875 614 953 morientisque,
652 872 954 950 puerilium
977 889 1166 950 prope
1192 873 1696 932 deliramentorum
1720 881 1829 932 est.
1862 873 1971 932 sed
1992 890 2174 952 snper

176 977 405 1019 omnem
436 956 823 1035 inpudentiam
853 955 1133 1016 adulteria
1162 957 1313 1016 inter
1340 958 1504 1035 ipsos
1534 957 1693 1033 fingi,
1726 973 1866 1015 mox
1894 957 2084 1034 iurgia
2112 965 2173 1015 et

95 1043 345 1118 modia,
401 1050 576 1118 atque
612 1041 783 1099 etiam
816 1040 1097 1100 furtorum
1127 1058 1261 1100 esse
1295 1050 1353 1100 et
1383 1041 1672 1100 scelerum
1701 1041 1945 1100 numina.
2009 1039 2173 1100 Deus
2193 1053 2239 1096 ιο

175 1135 266 1187 est
295 1124 526 1185 mortali
568 1124 763 1184 iuvare
808 1123 1144 1199 mortalem,
1197 1133 1258 1183 et
1296 1124 1445 1185 haec
1485 1124 1558 1187 ad
1597 1133 1894 1184 aeternam
1922 1124 2174 1202 gloriam

173 1212 285 1271 via.
323 1209 434 1268 hac
467 1224 753 1285 proceres
778 1208 904 1268 iere
939 1207 1202 1284 Romani,
1236 1207 1347 1267 hac
1380 1226 1530 1268 nunc
1561 1208 1805 1268 caelesti
1834 1220 2014 1287 passu
2044 1226 2173 1267 cum

173 1293 378 1355 liberis
429 1293 552 1351 suis
592 1292 749 1353 vadit
789 1309 1084 1353 maxumus
1135 1288 1319 1351 omnis
1361 1293 1492 1353 aevi
1535 1300 1736 1351 rector
1775 1291 2172 1369 Vespasianus

93 1388 161 1444 19
174 1378 470 1454 Augustus
512 1376 688 1436 fessis
731 1376 910 1437 rebus
941 1375 1310 1436 subveniens.
1369 1375 1478 1436 Hic
1510 1385 1599 1435 est
1627 1376 2048 1436 vetustissimus
2078 1394 2171 1435 re-

175 1461 403 1522 ferendi
434 1460 588 1520 bene
619 1459 973 1521 merentibus
1002 1461 1244 1538 gratiam
1277 1476 1426 1536 mos,
1470 1466 1531 1522 ut
1560 1460 1693 1520 talis
1720 1459 2041 1519 numinibus
2073 1459 2171 1520 ad·
2193 1471 2241 1512 15

121 1545 453 1606 ascribant.
517 1545 733 1623 quippe
784 1554 842 1604 et
883 1544 1126 1611 aliorum
1172 1545 1397 1603 nomina
1434 1544 1673 1604 deorum
1711 1552 1772 1603 et
1817 1562 1968 1622 quac
2001 1550 2176 1622 snpra

175 1629 346 1690 retuli
380 1629 632 1688 siderum
663 1646 740 1688 ex
768 1628 1053 1689 hominurn
1088 1636 1219 1688 nata
1248 1636 1376 1687 sunt
1408 1628 1645 1688 meritis.
1713 1626 1912 1687 Iovem
1940 1627 2177 1706 quidem

176 1722 273 1774 aut
311 1711 658 1771 Mercurium
703 1711 949 1772 aliterve
993 1712 1142 1772 alios
1186 1713 1337 1772 inter
1378 1730 1443 1771 se
1484 1713 1684 1771 vocari
1719 1721 1778 1771 et
1808 1730 1944 1772 esse
1976 1711 2174 1772 caele-

92 1806 323 1865 20stem
370 1793 900 1856 nomenclaturam?
963 1794 1104 1872 Quis
1145 1813 1261 1856 non
1302 1796 1774 1874 interpretatione
1807 1805 2044 1857 naturae
2089 1795 2171 1855 fa·

179 1890 367 1941 teatur
404 1880 761 1940 inridendum
790 1889 974 1958 ‘agere
1006 1899 1201 1941 curam
1219 1899 1415 1941 rerum
1444 1880 1809 1941 humanarum
1843 1880 1985 1940 illud
2009 1880 2240 1959 quid-2⁰

181 1964 317 2042 quid
348 1973 442 2023 est
470 1961 787 2024 summum?
819 1983 964 2024 anne
996 1974 1112 2025 tam
1141 1966 1289 2025 tristi
1323 1974 1493 2043 atque
1524 1959 2173 2044 multiplici'ministerio

177 2065 294 2107 non
319 2046 501 2125 pollui
538 2045 884 2108 credamus?
929 2046 1369 2110 dubitemusne?
1415 2048 1528 2108 Vix
1551 2065 1737 2128 prope
1774 2058 1867 2109 est
1885 2049 2171 2123 iudicare,

179 2141 365 2191 utrum
409 2131 593 2207 magis
640 2132 924 2192 conducat
961 2134 1167 2210 generi
1206 2133 1484 2209 humanu,
1544 2132 1769 2211 quando
1812 2131 1942 2192 aliis
1982 2132 2174 2192 nullus

93 2224 273 2288 21est
315 2215 553 2276 deorum
598 2225 905 2295 respectus
955 2217 1083 2280 aliis
1130 2217 1453 2296 pudendus.
1522 2215 1792 2276 Externis
1832 2216 2174 2276 famulantur

180 2300 387 2374 sacris,
420 2317 491 2359 ac
521 2298 718 2375 digitis
749 2301 896 2360 deos
923 2309 1177 2377 gestant,
1211 2310 1466 2361 monstra
1496 2318 1727 2380 quoque
1764 2300 1980 2375 colunt,
2015 2300 2238 2359 dam-25

177 2390 312 2442 nant
358 2391 418 2441 et
461 2385 797 2459 excogitant
841 2384 1041 2459 cibos,
1084 2386 1327 2463 imperia
1375 2386 1499 2445 dira
1539 2386 1597 2444 in
1638 2386 1802 2463 ipsos
1847 2402 1921 2443 ne
1968 2399 2172 2443 somno

179 2466 410 2545 quidem
432 2469 628 2545 quieto
649 2468 932 2545 inrogant.
959 2484 1072 2527 non
1087 2471 1459 2544 matrimonia,
1483 2486 1599 2529 nou
1615 2468 1858 2544 liberos,
1875 2486 1992 2527 non
2011 2468 2171 2528 deni·

179 2568 293 2628 que
320 2551 627 2629 quicquam
656 2552 810 2612 aliud
841 2553 947 2611 nisi
981 2552 1302 2612 iuvantibus
1335 2554 1518 2612 sacris
1549 2552 1825 2630 deligunt.
1864 2553 1963 2613 alii
1981 2554 2038 2613 in
2062 2550 2171 2612 Ca·

177 2635 382 2713 pitolio
411 2634 614 2695 fallunt
643 2653 713 2696 ac
738 2636 1124 2696 fulminantem
1157 2638 1451 2716 periurant
1486 2635 1717 2713 Iovem,
1755 2636 1947 2696 ethos
1979 2638 2175 2696 iuvant

93 2729 162 2782 22
181 2718 432 2795 scelera,
466 2718 602 2779 illos
631 2737 797 2780 sacra
829 2738 930 2780 sua
962 2722 1169 2799 poenis
1204 2729 1397 2797 agunt.
1438 2719 1661 2780 Invenit
1681 2730 1872 2780 tamen
1896 2722 2048 2780 inter
2067 2720 2243 2780 ham

177 2812 452 2881 utrasque
489 2805 806 2864 sententias
838 2804 1084 2863 medium
1115 2804 1225 2864 sibi
1254 2806 1382 2883 ipsa
1410 2805 1729 2865 mortalitas
1770 2823 2011 2881 numen,
2055 2820 2172 2883 quo

175 2887 360 2946 minus
384 2889 554 2948 etiam
577 2888 749 2967 plana
771 2889 844 2950 de
871 2888 982 2947 deo
1009 2889 1358 2948 coniectatio
1379 2896 1557 2948 esset.
1584 2898 1705 2949 toto
1722 2890 1938 2968 quippe
1963 2888 2173 2947 mundo

178 2979 238 3029 et
283 2970 542 3032 omnibus
577 2971 724 3031 locis
771 2971 1148 3052 omnibusque
1183 2971 1341 3032 boris
1371 2973 1616 3032 omnium
1649 2972 1893 3032 vocibus
1923 2971 2175 3033 Fortuna
2299 2969 2300 3046 1

178 3051 304 3113 sola
326 3055 624 3115 invocatur
647 3073 717 3115 ac
740 3057 1076 3132 nominatur,
1102 3074 1211 3115 una
1227 3065 1551 3132 accusatur,
1578 3074 1687 3117 una
1709 3058 1896 3132 agitur
1912 3074 2036 3131 rea,
2062 3072 2175 3115 una
2299 3059 2300 3086 ¹

177 3136 482 3213 cogitatur,
508 3139 633 3198 sola
656 3139 936 3215 laudatur,
963 3139 1088 3199 sola
1110 3140 1383 3216 arguitur.
1411 3149 1468 3200 et
1492 3158 1619 3200 cum
1642 3141 1919 3200 conviciis
1935 3140 2168 3214 colitur,
2191 3147 2241 3190 8⁵

177 3217 472 3296 volubilis,
502 3239 537 3280 a
569 3222 867 3301 plerisque
898 3240 1042 3282 vero
1075 3231 1134 3283 et
1166 3240 1343 3283 caeca
1376 3225 1733 3300 existumant,
1765 3242 1938 3301 vaga,
1970 3226 2170 3285 incon·

181 3311 357 3375 stans,
390 3302 642 3377 incerta,
677 3307 867 3381 varia,
899 3307 1376 3386 indignorumque
1407 3308 1632 3369 fautrix.
1684 3308 1818 3368 huic
1847 3309 2036 3369 omnia
2067 3326 2172 3369 ex-

180 3402 362 3465 pensa
380 3430 398 3463 ,
436 3385 566 3448 huic
595 3389 783 3451 omnia
811 3389 1070 3451 feruntur
1099 3398 1380 3469 accepta,
1427 3401 1485 3452 et
1530 3393 1585 3452 in
1614 3401 1733 3453 tota
1762 3392 1989 3455 ratione
2018 3410 2172 3454 mor·
