2320 3650
578 121 737 169 NAT.
770 120 949 169 ms‘r.
981 122 1074 193 vr.
1121 73 1357 173 25—29.
1396 107 1688 191 (32-33.)
2005 110 2125 172 249

152 273 433 336 Maribam
465 274 704 350 circuitu
730 274 811 335 VI
838 276 953 335 mil.
987 293 1275 354 passuum,
1310 277 1442 355 item
1474 272 1819 353 Caripetam,
1863 294 1974 354 quo
2009 278 2128 336 lon·

155 360 394 436 gissime
423 360 730 436 processit.
802 356 1011 419 Cetera
1043 360 1346 437 explorata
1374 358 1597 417 retulit:
1632 358 1917 420 Nomadas
1947 361 2215 425 lacte161

159 450 218 501 et
260 441 440 500 ferina
474 443 649 501 carne'
678 443 872 518 vesci,
917 442 1175 521 reliquos
1202 444 1390 501 vinum
1418 449 1478 519 ut
1505 439 1677 500 Indos
1707 442 1909 521 palmis
1942 446 2130 522 expri-

158 537 350 599 mere,
397 523 587 584 oleum
620 528 886 585 sesimae.
951 526 1450 585 numerosissimos
1481 542 1613 583 esse
1642 525 1987 601 Homeritas,
2027 526 2131 586 Mi-

113 624 364 682 snaeos,
395 606 604 668 fertilis
635 625 808 685 agros
841 608 1104 687 palmetis
1136 607 1516 686 arbustoque,
1546 609 1602 666 in
1637 626 1855 687 pecore
1887 609 2132 670 divitias.

92 707 93 710 ’
161 689 462 751 Cerbanos
494 699 552 750 et
580 691 847 768 Agraeos
883 693 1050 752 armis
1098 701 1427 771 praestare,
1470 709 1728 752 maxume
1763 689 2133 753 Chatramoti-

158 784 267 834 tas.
315 771 546 834 Carreis
577 775 884 835 latissimos
916 784 974 836 et
1002 775 1385 836 fertilissimos
1416 792 1609 851 agroS.
1690 774 1949 843 Sabaeos
1980 777 2133 836 ditis·

160 859 338 916 simos
380 857 647 918 silvarum
696 859 988 919 fertilitate
1025 859 1349 933 odorifera,
1396 860 1516 918 auri
1546 858 1828 934 metallis,
1872 876 2136 936 agrorum

159 937 360 1018 riguiS,
401 940 589 1000 mellis
625 959 912 1020 ceraeque
944 949 1244 1021 proventu.
1305 942 1378 1001 de
1410 941 1681 1001 odoribus
1715 959 1820 1001 suo
1851 942 2149 1003 dicemns1.
2175 961 2219 996 ιι

92 1036 143 1078 10
161 1024 468 1098 volumine
546 1024 772 1085 Arabes
810 1027 1017 1086 mitrati
1046 1024 1260 1122 degunt
1303 1034 1397 1084 aut
1435 1026 1661 1084 intonso
1694 1026 1883 1101 crine,
1924 1025 2101 1086 barba
2123 1035 2217 1090 162

161 1106 454 1167 abraditur
491 1117 894 1205 praeterquam
939 1111 996 1168 in
1031 1110 1341 1206 superiore
1377 1107 1560 1168 labro.
1624 1108 1750 1169 aliis
1792 1117 1850 1168 et
1878 1108 2070 1170 haec
2054 1128 2135 1168 ιιι-

161 1200 348 1250 tonsa.
431 1192 744 1288 mirumque
778 1192 930 1251 dictu
962 1210 1037 1251 ex
1065 1192 1373 1250 innumeris
1409 1191 1640 1289 populis
1682 1210 1815 1271 pars
1866 1210 2049 1270 aequa
2085 1193 2140 1251 in

164 1274 503 1332 conmereiis
538 1284 632 1334 aut
662 1275 974 1336 latrociniis
1009 1276 1184 1351 degit.
1248 1276 1306 1333 in
1336 1276 1658 1333 universum
1692 1284 1898 1351 gentes
1931 1275 2137 1342 ditissi-

161 1374 311 1431 mae,
347 1365 408 1416 ut
437 1357 585 1435 apud
620 1367 765 1437 quas
790 1375 1084 1418 maxumae
1114 1374 1259 1436 opes
1287 1356 1667 1417 Romanorum
1691 1357 2140 1437 Parthorumque

96 1455 146 1496 ιε
164 1439 485 1516 subsidant,
527 1440 905 1502 vendentibus
935 1459 1083 1521 quae
1124 1458 1157 1499 e
1200 1442 1341 1548 mari
1376 1450 1470 1501 aut
1498 1440 1660 1500 silvis
1704 1443 1962 1520 capiunt,
2000 1442 2139 1503 nihil

162 1525 409 1582 invicem
441 1524 869 1586 redimentibus,

334 1605 499 1687 (33.)
552 1606 716 1668 Nunc
752 1607 1030 1687 reliquam
1061 1625 1218 1668 oram
1249 1607 1499 1668 Arabiae
1536 1595 1874 1668 contrariam
1907 1617 2225 1708 perse-163

165 1706 421 1767 quemur.
509 1689 908 1751 Timosthenes
951 1701 1126 1752 totum
1162 1693 1342 1752 sinum
1374 1692 1652 1770 quatridui
1695 1694 2056 1769 navigatione
2085 1694 2141 1751 in

164 1772 573 1850 longitudinem
604 1778 839 1852 taxavit,
880 1775 1033 1837 bidui
1065 1778 1123 1836 in
1156 1762 1526 1852 latitudinem,
1574 1778 1861 1854 angustias
1888 1775 1993 1836 Vll
2022 1777 2137 1836 mil.

93 1856 217 1917 201)
246 1875 484 1936 passus,
521 1858 932 1920 Eratosthenes
957 1859 1027 1920 ab
1054 1862 1204 1920 ostio
1223 1861 1341 1935 ῑιιῑ
1361 1860 1476 1919 mil.
1503 1862 1559 1920 in
1590 1878 1869 1939 quamque
1901 1869 2139 1938 partem,

164 1940 561 2001 Artemidorus
593 1942 840 2003 Arabiae
887 1944 1069 2004 latere
1099 1960 1261 2010 XVII.
1296 1943 1337 2003 L
1368 1944 1520 2018 mil.,
1571 1943 1671 2005 29.
1717 1944 2105 2021 Trogodytico
2122 1952 2225 2007 164

163 2040 307 2084 vero
364 2024 452 2092 ῑῑ,
495 2024 766 2086 XXXVII
812 2026 872 2087 M
906 2027 956 2085 D
1001 2044 1156 2105 pass.
1202 2027 1553 2088 Ptolemaida
1595 2045 1797 2105 usque.
1882 2027 2141 2106 Agrippa

161 2125 328 2174 XVII.
361 2107 522 2168 XXII
550 2109 664 2167 mil.
697 2126 964 2186 passuum
1000 2112 1124 2170 sine
1168 2110 1485 2171 differentia
1532 2111 1791 2171 laterum.
1875 2111 2140 2189 plerique

165 2192 515 2252 latitudinem
552 2189 960 2256 CCCCLXXV
987 2193 1390 2270 prodiderunt,
1423 2193 1720 2272 faunisque
1754 2193 1995 2252 hiberno
2032 2195 2142 2252 ori-

97 2276 288 2334 25enti
321 2275 599 2353 obversas
636 2276 732 2335 alii
761 2275 903 2355 XII,
949 2275 1044 2336 alii
1072 2275 1182 2336 XV
1218 2277 1333 2335 mil.
1371 2293 1640 2354 passuum
1668 2286 1887 2355 patere.
1954 2277 2107 2336 Situs
2122 2285 2223 2340 165

166 2366 356 2418 autem
386 2361 463 2419 ita
493 2377 558 2418 se
591 2358 793 2419 habet:
835 2358 888 2417 A
922 2361 1046 2419 sinu
1074 2359 1404 2420 Laeanitico
1436 2359 1583 2419 alter
1617 2361 1773 2419 sinus
1809 2377 1975 2439 quem
1999 2359 2144 2419 Ara-
2231 2424 2237 2432 ,

166 2441 276 2501 bes
303 2443 493 2502 Soean
523 2450 749 2518 vocant,
787 2443 842 2500 in
874 2459 987 2520 quo
1017 2441 1254 2502 Heroon
1283 2443 1553 2521 oppidum
1582 2452 1689 2503 est.
1753 2444 1856 2503 fuit
1890 2451 1947 2502 et
1982 2440 2143 2503 Cam?

168 2524 317 2599 bysu
354 2527 501 2585 inter
528 2523 710 2585 Nelos
741 2533 799 2584 et
827 2524 1162 2587 Marchadas
1197 2527 1455 2587 deductis
1487 2543 1560 2585 eo
1610 2528 1801 2603 aegris
1834 2528 2142 2586 exercitus.

168 2626 316 2685 gens
338 2608 549 2685 Tyron,
581 2609 821 2668 Daneon
850 2617 1070 2686 portus,
1104 2628 1180 2669 ex
1203 2626 1320 2688 ‘quo
1350 2608 1729 2686 navIgabilem
1760 2609 1982 2671 alveum
2014 2628 2143 2688 per·
2207 2602 2212 2613 ’

100 2692 384 2752 seducere
414 2694 469 2751 in
499 2692 708 2767 Nilum,
756 2709 863 2770 qua
894 2700 1057 2770 parte
1107 2692 1177 2752 ad
1208 2692 1379 2753 Delta
1417 2693 1627 2753 dictum
1665 2693 1936 2768 decurrit,
1979 2691 2229 2767 LXlla‚4e

170 2773 229 2833 M
256 2774 306 2833 D
338 2793 603 2853 passuum
637 2775 976 2851 interva110,
1025 2776 1178 2855 quod
1212 2778 1359 2836 inter
1388 2776 1594 2836 flumen
1628 2785 1686 2836 et
1710 2775 1960 2835 Rubrum
1989 2792 2144 2835 mare

169 2860 444 2934 interest,
500 2860 711 2937 primus
766 2860 1009 2918 omnium
1068 2859 1353 2919 Sesostris
1389 2859 1643 2938 Aegypti
1694 2877 1802 2918 rex
1851 2858 2145 2936 cogitavit,

170 2958 306 3000 mox
341 2942 548 3002 Darius
586 2940 923 3017 Persarum,
954 2941 1174 3005 ,deinde
1217 2943 1578 3002 Ptolemaeus
1619 2960 1904 3021 sequens,
1951 2943 2044 3018 qui
2090 2951 2148 3001 et

173 3024 331 3084 duxit
367 3025 581 3085 fossam
622 3023 914 3084 latitudine
956 3024 1166 3103 pedum
1196 3024 1274 3102 C,
1317 3025 1611 3085 altitudine
1638 3025 1767 3100 XL,
1813 3026 1870 3084 in
1900 3025 2144 3101 longitu-

102 3107 362 3167 ³5dinem
414 3106 686 3167 XXXVII
735 3106 792 3166 M
836 3107 889 3168 D
948 3126 1216 3186 passuum
1279 3126 1461 3185 usque
1524 3108 1595 3168 ad
1645 3107 1841 3167 Fontis
1900 3125 2143 3167 amaros·

106 3219 117 3229 ·
173 3191 322 3251 ultra
352 3191 628 3251 deterruit
657 3190 1032 3253 inundationis
1064 3200 1279 3268 metus,
1325 3190 1653 3250 excelsiore
1693 3191 1888 3253 tribus
1906 3191 2109 3251 cubitis
2129 3201 2231 3256 166

172 3266 371 3333 Rubro
405 3276 544 3334 mari
585 3283 862 3352 conperto
896 3292 1061 3353 quam
1094 3283 1250 3334 terra
1282 3272 1555 3351 Aegypti.
1642 3274 1817 3352 aliqui
1869 3292 1981 3333 non
2024 3292 2147 3334 eam

172 3357 433 3463 adferunt
472 3374 731 3433 causam,
777 3357 882 3417 sed
931 3375 1004 3421 ne
1048 3358 1282 3417 inmisso
1321 3357 1459 3417 mari
1502 3366 1963 3437 corrumperetur
2004 3374 2150 3436 aqua
