2320 3650
133 79 213 139 24
545 91 552 102 ·
870 89 929 137 c,
964 90 1156 136 PLINI
1189 91 1491 137 SECUNDI

137 248 387 322 candro,
429 245 803 321 Menecrate,
849 246 1131 322 Dionysio
1171 248 1266 326 qui
1303 246 1611 325 Magonem
1645 250 1965 325 transtulit,
2014 249 2160 310 Em-

136 331 415 414 pedocle,
457 330 836 407 Callimacho,
877 330 1072 391 Attalo
1099 350 1267 409 rege,
1304 332 1674 410 Apollodoro
1709 336 1806 413 qui
1836 335 1908 395 de
1942 334 2160 396 bestiis

133 419 471 492 venenatis,
511 415 905 495 Hippocrate,
944 414 1302 494 Herophilo,
1338 415 1722 494 Erasistrato,
1764 416 2157 498 Asclepiade,

139 503 521 577 Themisone,
567 499 881 561 Posidonio
923 500 1163 577 Stoico,
1209 499 1542 562 Menandris
1573 502 1887 563 Prienense
1933 513 1994 563 et
2032 503 2157 563 He-

137 587 437 663 racleote,
474 581 813 665 Euphronio
848 584 1178 662 Athenaeo,
1221 584 1650 666 Theophrasto,
1690 588 1972 664 Hesiodo,
2015 588 2210 656 Phi-5·

141 673 425 734 lometore
458 689 626 748 rege.
751 663 762 724 i

169 779 174 786 ¹
263 757 439 817 Libro
479 755 607 816 XII.
660 755 1025 814 continentur
1066 754 1336 816 arborum
1382 764 1638 816 naturae.
1701 757 1793 834 (1.
1835 756 1904 837 2)
1949 756 2163 817 Honor
2296 831 2297 840 χ

140 862 354 904 earum.
417 839 688 919 (3—63)
730 839 819 899 De
856 840 1552 917 peregrinisarboribus.
1616 840 1845 921 (3-5)
1884 840 2189 920 platanus.
2296 849 2297 856 ’

141 923 416 1013 [quando
453 925 692 1004 primum
734 925 789 982 in
821 922 986 983 Italia
1024 933 1083 1002 et
1115 924 1288 985 unde.
1343 926 1404 984 4.
1440 934 1640 985 natura
1672 921 1891 1000 earum,
1945 927 2004 986 5.
2047 927 2157 985 mi·
2295 961 2297 1008 1

140 1012 334 1072 racula
380 1028 455 1068 ex
498 1002 655 1096 his).
721 1008 825 1088 (6)
869 1008 1347 1088 chamaeplatani.
1413 1008 1560 1082 Quis
1603 1011 1843 1089 primum
1877 1010 2229 1071 viridarium

138 1097 385 1157 tondere
435 1094 761 1153 instituerit.
829 1094 930 1172 (7)
970 1091 1183 1152 Malum
1219 1092 1521 1169 Assyrium
1563 1095 1855 1173 quomodo
1899 1104 2156 1155 seratur.

141 1179 413 1259 (8—17)
452 1178 650 1238 Indiae
686 1178 951 1238 arbores,
1000 1171 1104 1263 [9.
1146 1179 1375 1257 quando
1418 1180 1658 1257 primum
1701 1179 1923 1240 Romae
1963 1180 2158 1240 hebe-

139 1284 243 1325 nus
276 1260 420 1323 visa.
470 1281 619 1341 quae
654 1280 877 1340 genera
914 1264 1058 1322 eius.
1126 1264 1222 1324 10.
1262 1264 1431 1342 spina
1464 1262 1680 1324 Indica.
1742 1266 1837 1324 11.
1879 1261 2026 1324 ficus
2058 1263 2156 1323 In·

140 1352 288 1411 dica.
340 1347 433 1407 12.
474 1348 651 1408 arbor
688 1349 841 1427 pala,
884 1365 1113 1427 pomum
1137 1349 1352 1408 ariena.
1408 1347 1502 1408 13.
1530 1348 1853 1420 Indicarum
1876 1348 2158 1410 arborum

140 1436 360 1495 formae
398 1433 521 1493 sine
557 1433 899 1493 nominibus.
943 1433 1209 1493 liniferae
1234 1431 1436 1493 Indiae
1471 1434 1735 1493 arbores.
1796 1434 1890 1493 14.
1923 1434 2155 1512 piperis
2179 1452 2233 1493 ιε
2296 1493 2297 1508 ,

140 1519 420 1593 arbores,
458 1536 679 1595 genera
715 1519 971 1598 piperiS,
1013 1518 1290 1595 bregma,
1336 1517 1619 1595 zingiberi
1656 1519 1779 1577 sive
1819 1518 2154 1597 zimpiberi,
2296 1515 2297 1524 ’

146 1606 241 1664 15.
281 1602 727 1681 caryophyllon,
766 1603 978 1678 lycium
1013 1603 1138 1661 sive
1180 1603 1604 1680 pyxacanthum
1642 1600 1992 1678 Chironium,
2050 1602 2154 1663 16.

139 1689 338 1763 macir,
390 1688 484 1747 17.
526 1682 914 1772 saccharon].
976 1685 1121 1765 (18)
1164 1686 1438 1754 Arbores
1468 1687 1720 1747 Arianae
1758 1688 1971 1765 gentiS,
2007 1687 2157 1746 item

142 1771 498 1847 Gedrosiae,
563 1772 699 1830 item
748 1769 1105 1846 Hyrcaniae,
1170 1771 1315 1853 (19)
1360 1773 1496 1833 item
1538 1767 1822 1833 Bactriae.
1868 1771 2155 1833 bdellium

141 1859 267 1917 sive
304 1856 570 1916 brochon
604 1857 729 1914 sive
761 1854 1079 1915 malacham
1119 1857 1243 1915 sive
1279 1858 1659 1933 malodacum,
1705 1858 2016 1917 scordacti.
2084 1855 2154 1916 In
2170 1881 2230 1921 20

141 1940 407 2002 omnibus
461 1939 740 2000 odoribus
794 1948 889 1998 aut
935 1939 1317 2000 condimentis
1363 1942 1625 2001 dicuntur
1669 1940 2152 2016 adulterationeS,

143 2025 579 2105 experimenta,
631 2025 835 2103 pretia³
908 2023 1056 2103 (20)
1100 2024 1358 2085 Persidis
1403 2025 1667 2086 arbores.
1704 2020 1878 2104 ‘(21)
1925 2025 2155 2107 Persici

139 2112 313 2170 maris
360 2110 668 2170 insularum
713 2108 977 2169 arbores,
1038 2110 1416 2187 gossypinum
1459 2109 1652 2169 arbor.
1723 2109 1868 2189 (22)
1915 2107 2158 2185 Chynas

141 2195 335 2256 arbor.
392 2193 485 2259 Ex
520 2193 727 2272 quibus
768 2193 1075 2254 arboribus
1105 2193 1229 2260 ‘lina
1263 2194 1319 2251 in
1357 2194 1583 2253 oriente
1619 2195 1771 2254 fiant.
1834 2193 1979 2274 (23)
2015 2193 2155 2267 Quo

141 2281 210 2338 in‘
238 2280 375 2339 loco
420 2278 690 2339 arborum
734 2278 906 2338 nullis
948 2278 1090 2339 folia
1140 2277 1429 2338 decidant.
1498 2277 1643 2357 (24)
1690 2277 1912 2351 Quibus
1957 2278 2155 2339 modis
2172 2303 2231 2343 25

142 2373 406 2429 constent
448 2362 716 2423 arborum
755 2363 993 2422 fructus.
1064 2361 1212 2441 (25)
1248 2361 1340 2422 De
1377 2372 1564 2422 costo.
1630 2361 1775 2443 (26)
1825 2363 1900 2422 d'e
1941 2363 2152 2423 nard0.

140 2448 505 2508 differentiae
544 2449 669 2506 eius
704 2444 831 2507 XII.
893 2446 1038 2526 (27)
1075 2448 1324 2506 Asaron.
1369 2444 1513 2527 (28)
1549 2463 1850 2523 amomum,
1885 2448 2154 2523 amomis,

142 2533 288 2612 (29)
316 2531 756 2592 cardamomum.
814 2530 1126 2611 (ΒΟ-32)
1154 2530 1245 2590 De
1275 2532 1514 2592 turifera
1538 2532 1783 2609 regione
1824 2526 1970 2616 [31.
1998 2549 2157 2611 quae

140 2618 387 2679 arbores
422 2625 513 2676 tus
549 2617 759 2690 ferant,
815 2615 915 2675 32.
956 2622 1104 2693 quae
1149 2624 1349 2676 natura
1392 2617 1534 2675 turis
1572 2626 1630 2676 et
1674 2635 1822 2696 quae
1856 2611 2153 2704 genera).
2296 2686 2297 2693 ἵ

144 2701 455 2780 (33-35)
483 2699 591 2760 «De
631 2699 860 2776 myrrha
907 2693 1052 2785 (34.
1098 2701 1171 2761 de
1217 2700 1524 2761 arboribus
1569 2719 1718 2780 quae
1761 2702 1951 2761 ferunt
1995 2718 2151 2761 eam.
2177 2725 2238 2767 30

142 2785 241 2847 35.
278 2796 478 2847 natura
514 2793 571 2845 et
604 2802 824 2862 genera
862 2780 1196 2873 myrrhae).
1245 2784 1391 2865 (36)
1432 2785 1506 2845 de
1541 2786 1841 2846 mastiche.
1890 2783 2034 2864 (37)
2074 2786 2158 2846 de
2296 2806 2297 2841 ;

141 2871 368 2931 ladano.
404 2871 476 2930 de
500 2869 753 2931 stobolo.
795 2867 939 2948 (38)
966 2868 1323 2930 Euhaemon.
1363 2868 1508 2949 (39)
1535 2869 1732 2930 bratus
1756 2869 1948 2930 arbor.
2000 2870 2156 2950 (40)
2295 2878 2297 2997 p

143 2954 399 3014 stobrum
424 2954 619 3015 arbor.
670 2954 814 3033 (41)
841 2952 930 3013 De
954 2953 1233 3014 felicitate
1257 2953 1532 3015 Arabiae.
1574 2953 1720 3035 (42)
1743 2954 1834 3014 De
1858 2955 2156 3031 cinnamo,
2185 3022 2195 3032 ,
2296 3004 2297 3029 ¹

142 3040 532 3113 cinnamomo,
582 3039 1009 3114 xylocinnamo.
1072 3037 1216 3117 (43)
1255 3039 1431 3099 casia.
1501 3039 1647 3119 (44)
1675 3056 2025 3113 cancamum,
2066 3048 2156 3099 ta·
2295 3038 2298 3117 1

143 3139 268 3182 ron.
342 3121 486 3200 (45)
533 3123 914 3198 serichatum,
963 3121 1270 3199 gabalium.
1329 3122 1475 3202 (46)
1514 3122 1941 3198 myrobalanus.
1997 3123 2151 3204 (47)
2178 3149 2236 3193 3⁵

143 3204 696 3285 phoenicobalanus.
747 3204 892 3285 (48)
919 3206 1010 3265 De
1037 3206 1258 3265 calamo
1288 3207 1554 3284 odorato,
1581 3208 1655 3268 de
1682 3207 1850 3266 iunco
1877 3207 2153 3269 odorato.
2296 3226 2297 3275 3

143 3290 287 3369 (49)
312 3289 795 3350 Hammoniacum.
837 3290 982 3369 (50)
1008 3289 1324 3368 sphagnos.
1363 3291 1507 3370 (51)
1534 3308 1769 3369 cyproS.
1810 3290 1956 3371 (52)
1977 3310 2157 3371 aspa·
2206 3342 2211 3351 .
2296 3306 2297 3353 ἲ

141 3374 329 3434 lathos
372 3374 495 3433 sive
540 3375 1014 3453 erysisceptrum.
1079 3372 1223 3453 (53)
1264 3392 1480 3435 maron.
1542 3375 1687 3455 (54)
1724 3374 1814 3435 De
1862 3375 2191 3456 balsamo‚·-
2296 3378 2297 3431 3

2294 3498 2298 3582 l
