2320 3650
697 71 855 117 NAT.
886 71 1065 122 mser.
1096 72 1218 120 vn.
1250 70 1492 122 κιο-44.
1530 58 1829 145 (41-45.)
2123 64 2249 134 527

236 222 491 288 tuisset?
540 243 576 285 o
600 243 785 302 prava
810 226 1208 303 interpretatio
1239 237 1300 286 et
1329 228 1518 294 futuro
1553 238 1815 307 tempore
1845 231 2081 292 infelix&
2125 250 2246 294 uon

233 311 499 370 melioris
524 311 698 372 sortis
729 319 873 372 tunc
885 310 1052 370 fuere
1082 320 1394 387 pereuntes
1417 330 1660 389 quorum
1687 316 2026 382 miseremur
2047 315 2242 392 hodie,

235 412 368 453 cum
396 394 618 454 Sullam
660 410 827 452 nemo
872 410 987 453 uon
1026 391 1258 458 oderit?
1313 412 1459 470 age,
1502 413 1617 458 non
1655 397 1840 460 exitus
1888 401 2040 457 vitae
2082 401 2204 464 eius
2228 408 2313 462 13!

196 479 486 540 omnium
519 479 974 555 proscriptorum
1008 477 1091 537 ab
1135 477 1237 535 illo
1271 478 1596 539 calamitate
1637 481 1926 542 crudelior
1969 481 2076 541 fnit
2115 500 2242 546 ero-

173 561 411 622 sdente
454 579 519 618 se
555 562 685 637 ipso
722 577 976 637 corpore
1016 570 1073 619 et
1120 562 1404 638 supplicia
1447 562 1559 626 sibi
1604 561 1926 640 gignente?
1989 565 2144 642 quod
2183 575 2243 624 ut

228 644 680 706 dissimulaverit
722 655 781 704 et
816 661 1091 722 supremo
1134 662 1355 706 sommo
1401 647 1559 720 eius,
1607 648 1700 705 cui
1739 648 2050 710 inmortuus
2101 666 2242 725 quo-

218 728 538 787 dammodo
582 737 704 803 est,
753 728 1077 790 credamus
1086 728 1180 787 ab
1209 746 1321 787 uno
1353 729 1455 792 illo
1486 731 1751 798 invidiam
1791 730 1981 806 gloria
2011 733 2238 805 victam,

226 812 347 870 hoc
382 821 572 870 tamen
601 829 813 890 nempe
851 811 1114 870 felicitati
1140 830 1286 871 suae
1324 812 1579 872 defuisse
1611 813 1916 873 confessus
1955 823 2044 872 est
2087 816 2240 892 quod

230 893 582 972 Capitolium
612 912 730 954 ιιοιι
759 894 1194 960 dedicavisset„

120 999 217 1040 ,ιιι
358 979 524 1056 (45.)
592 977 833 1050 Quintus
862 978 1134 1039 Metellus
1169 980 1226 1037 in
1259 998 1330 1039 ea
1374 981 1635 1040 oratione
1680 998 1847 1057 quam
1879 980 2078 1044 hahuit
2107 998 2201 1039 su·
2223 990 2313 1043 135

229 1063 449 1140 premis
484 1062 747 1122 laudibus
778 1063 957 1140 patris
1003 1064 1088 1121 sui
1128 1062 1190 1122 L.
1224 1061 1446 1124 Metelli
1477 1064 1799 1140 pontificis,
1831 1064 1923 1128 bis
1964 1064 2278 1137 consulis,

212 1146 563 1220 dictatoris,
601 1147 856 1223 magistri
891 1148 1176 1223 equitum,
1207 1146 1641 1222 quindecimviri
1681 1150 1858 1245 agris·
1872 1148 2105 1221 dandis,
2143 1148 2238 1224 qui

200 1230 449 1307 primus
481 1229 827 1307 elephantos
858 1249 934 1290 ex
970 1231 1151 1306 primo
1184 1229 1397 1290 Punico
1440 1229 1601 1290 bello
1646 1221 1806 1292 duxit
1839 1232 1898 1290 in
1926 1230 2233 1329 triumpho,

224 1314 507 1391 scriptum
554 1313 790 1390 reliquit
833 1313 1038 1373 decem
1078 1331 1372 1373 maxumas
1415 1331 1511 1371 res
1557 1323 1973 1392 optumusque,
2013 1316 2075 1374 in
2114 1316 2233 1392 qui-

124 1407 205 1456 .15
230 1395 338 1455 bus
384 1396 731 1474 quaerendis
781 1397 1075 1474 sapientes
1119 1405 1368 1455 aetatem
1421 1398 1757 1472 exigerent,
1805 1414 2233 1464 consummasse

202 1499 377 1539 eum.
438 1481 698 1540 voluisse
744 1482 892 1539 enim
933 1481 1261 1557 primarium
1303 1479 1649 1542 bellatorem
1696 1499 1863 1555 esse,
1907 1490 2197 1557 optumum
2216 1489 2313 1542 140

227 1574 552 1638 oratorem,
586 1564 957 1624 fortissimum
998 1566 1440 1641 imperatorem,
1476 1565 1735 1641 auspicio
1785 1581 1891 1630 suo
1935 1581 2231 1630 maxumas

224 1665 324 1706 res
355 1649 500 1723 geri,
530 1665 799 1706 maxumo
819 1648 1042 1708 honore
1075 1648 1178 1721 uti,
1211 1665 1425 1708 summa
1457 1649 1739 1725 sapientia
1772 1666 1927 1722 esse,
1959 1664 2231 1706 summum

224 1740 556 1790 senatorem
599 1731 831 1804 haberi,
880 1733 1183 1808 pecuniam
1227 1748 1496 1807 magnam.
1532 1730 1687 1792 hono
1726 1731 1898 1798 modo
1947 1731 2246 1806 inuenire,

148 1828 207 1868 20
222 1814 433 1877 multos
458 1814 679 1877 liberes
708 1815 1039 1892 relinquere
1064 1824 1123 1877 et
1148 1814 1524 1877 clarissimum
1554 1817 1612 1874 in
1641 1813 1869 1879 civitate
1895 1833 2048 1879 esse.
2081 1813 2229 1877 haec

212 1901 541 1975 ,contigisse
568 1900 623 1958 ei
644 1918 754 1958 nec
775 1899 877 1957 ulli
901 1900 999 1958 alii
1023 1908 1156 1976 post
1180 1898 1417 1960 Romam
1456 1900 1758 1959 conditam.
1809 1899 2067 1975 Longum
2100 1906 2189 1957 est
2213 1907 2308 1959 141

221 1982 503 2045 refellere
540 1991 598 2041 et
633 1999 1055 2060 supervacuum
1085 1982 1312 2049 abunde
1358 1999 1471 2041 uno
1508 2001 1644 2045 casu
1676 1984 1993 2049 refutante-1
2052 1981 2226 2058 siqui-

200 2067 351 2142 dem
384 2067 433 2124 is
454 2065 731 2125 Metellus
769 2064 968 2125 orbam
998 2064 1301 2127 luminibus
1333 2067 1534 2141 exegit
1564 2076 1857 2129 senectam
1888 2066 2112 2126 amissis
2145 2065 2227 2122 in-

223 2149 464 2223 cendio,
505 2168 634 2210 cum
665 2149 979 2209 Palladium
1012 2156 1250 2226 raperet
1294 2167 1368 2207 ex
1400 2150 1548 2209 aede
1581 2150 1834 2222 Vestae,
1869 2147 2227 2215 memorabili

151 2251 206 2292 25
225 2250 400 2293 causa
433 2233 541 2292 sed
574 2241 788 2292 eventu
818 2234 1050 2293 misere.
1112 2247 1229 2309 quo
1275 2231 1336 2289 fit
1377 2241 1437 2290 ut
1471 2232 1934 2309 infelixquidem
1963 2231 2077 2291 dici
2107 2247 2227 2297 :uon

223 2316 467 2390 debeat,
512 2316 656 2376 felix
686 2326 881 2376 tamen
905 2332 1019 2373 non
1057 2314 1263 2392 possit.
1330 2314 1524 2375 tribuit
1555 2316 1618 2374 ei.
1654 2314 2224 2392 populusRomanus

223 2399 378 2477 quod
416 2399 557 2458 nulli
600 2400 696 2458 alii
728 2399 798 2458 ab
836 2399 1068 2458 condito
1102 2414 1284 2471 neve,
1328 2407 1390 2456 ut
1432 2401 1698 2476 quotiens
1730 2400 1787 2456 in
1816 2408 2073 2458 senatum
2116 2398 2226 2455 iret

224 2501 392 2543 curru
420 2482 735 2547 veheretur
760 2483 831 2542 ad
863 2483 1092 2543 curiam.
1149 2499 1418 2557 magnum
1440 2491 1498 2547 et
1520 2481 1784 2557 sublime,
1820 2483 1926 2544 sed
1954 2499 2059 2559 pro
2086 2497 2221 2539 ocu·

226 2567 294 2627 lis
310 2567 528 2627 meatum

155 2664 211 2706 ao
348 2651 449 2711 44.
510 2649 690 2713 Huius
728 2666 959 2727 quoque
982 2648 1062 2720 Q.
1099 2648 1322 2709 Metelli
1367 2651 1461 2726 qui
1503 2648 1623 2711 illa
1635 2649 1713 2709 de
1759 2658 1924 2726 patre
1966 2648 2189 2719 dixerat
2208 2655 2309 2708 142

224 2733 371 2791 iilius
408 2735 557 2796 inter
576 2740 718 2794 rara
752 2732 1045 2793 felicitatis
1078 2731 1358 2795 humanae
1392 2732 1663 2809 exempla
1690 2739 2035 2793 numeratur.
2096 2747 2224 2791 nam

202 2827 453 2893 praeter
492 2819 752 2879 bonores
801 2816 1186 2893 amplissimos
1229 2833 1674 2893 cognomenque
1723 2834 1755 2873 e
1803 2813 2141 2877 Macedonia
2192 2831 2224 2870 a

224 2909 490 2977 quattuor
520 2892 655 2961 filiis
693 2900 901 2960 inlatus
943 2917 1126 2975 roge,
1173 2916 1298 2965 uno
1319 2901 1649 2976 praetorio,
1684 2899 1864 2958 tribus
1909 2897 2222 2957 consulari-

204 2982 373 3058 bus,
390 2984 620 3045 &iebus
655 2976 1127 3080 triumphalibus,
1162 2999 1276 3041 uno
1308 2983 1612 3057 censorio,
1647 3000 1796 3059 quae
1823 2980 2049 3056 singula
2078 2996 2221 3058 quo-

158 3081 343 3142 asque
369 3069 569 3145 paucis
613 3069 934 3143 contigere.
993 3068 1049 3125 in
1078 3068 1208 3144 ipso
1226 3074 1431 3129 ttamen
1473 3066 1620 3125 flore
1663 3065 2007 3140 dignationis
2045 3080 2184 3127 suae
2205 3070 2308 3125 143

222 3149 296 3211 ab
330 3149 396 3210 C.
429 3150 625 3211 Atinio
652 3150 958 3224 Labeone,
990 3150 1092 3211 ,cui
1126 3165 1451 3225 cognomen
1477 3149 1582 3208 fuit
1610 3147 1957 3223 Macerioni,
1993 3146 2219 3206 tribuno

225 3233 445 3310 plebis,
490 3252 660 3311 quem
702 3252 738 3295 e
773 3243 975 3299 senatu
1009 3250 1221 3294 censor
1255 3233 1544 3306 eiecerat,
1590 3241 1896 3295 revertens
1935 3250 1984 3295 e.
2016 3244 2218 3305 campo

225 3318 534 3383 meridiano
582 3326 879 3396 tempore,
939 3335 1124 3393 vacuo
1181 3317 1314 3377 foro
1363 3325 1421 3376 et
1465 3313 1754 3394 Capitolio
1798 3316 1870 3376 ad
1915 3314 2219 3391 Tarpeium
