2320 3650
670 94 828 140 NAT.
860 93 1040 182 mss.
1073 94 1220 139 vm.
1244 90 1481 141 22—25.
1512 82 1815 162 (34—38.)
2159 86 2239 147 59

234 247 732 327 praedivinatione
766 246 1008 324 quadam
1027 246 1098 305 ad
1123 247 1292 323 quem
1317 263 1533 304 summo
1562 257 1730 307 auctu
1757 266 1829 308 eo
1860 267 2006 309 anno
2038 268 2237 325 egres-

236 350 418 401 surus*
439 342 527 389 est
557 331 739 390 Nilus,
804 349 912 388 nec
943 331 1101 406 ‘aliud
1132 329 1335 388 animal
1365 349 1437 388 ex
1466 332 1686 390 minore
1719 334 1941 409 origine
1976 336 2031 392 in
2061 336 2236 394 maio·
2297 357 2302 360 ·

235 434 359 475 rem
404 417 619 474 crescit
663 414 1126 491 magnitudinem.
1202 422 1260 471 et
1303 413 1583 489 unguibus
1629 425 1817 475 autem
1860 427 2107 477 armatus
2150 428 2240 477 est

239 509 441 572 contra
473 501 654 559 omnis
687 500 836 557 ictus
868 508 1001 557 cute
1032 498 1263 556 invicta.
1312 498 1438 556 dies
1482 500 1539 556 in
1586 509 1740 559 terra
1772 503 1929 577 agit,
1961 504 2150 561 noctis
2181 504 2239 561 in

185 604 210 643 5
236 602 406 662 aqua,
440 584 664 661 teporis
701 592 1003 660 utrumque
1035 583 1278 643 ratione.
1342 582 1491 641 huuc
1534 593 1785 643 saturum
1831 585 1962 643 cibo
1995 588 2236 663 piscium
2255 597 2320 651 90

233 679 295 729 et
326 686 564 745 semper
601 667 917 734 esculento
949 683 1052 726 ore
1097 668 1154 725 in
1185 667 1357 725 litore
1399 683 1600 726 somno
1645 668 1835 728 datum
1881 687 2058 746 parva
2091 672 2235 745 avis,

232 772 385 834 quae
416 752 698 811 trochilos
729 751 809 809 ibi
835 757 1097 826 vocatur,
1122 768 1228 809 rex
1260 752 1444 809 avium
1468 753 1524 810 in
1553 751 1738 826 ltalia,
1764 754 1962 811 invitat
1992 753 2062 812 ad
2081 753 2236 811 hian-

231 839 363 898 dum
408 836 603 914 pabuli
649 836 737 894 sui
768 837 982 912 gratia,
1033 852 1100 893 os
1145 836 1384 913 primum
1426 836 1549 894 eius
1579 836 1845 895 adsultim
1890 854 2235 914 repurganS,

230 939 368 980 mox
401 921 588 980 dentis
623 929 681 979 et
710 921 860 979 intus
892 920 1075 979 faucis
1110 936 1341 997 quoque
1367 919 1438 977 ad
1469 919 1615 978 hanc
1661 920 1939 981 scabendi
1983 920 2235 980 dulcedi-

157 1025 211 1067 ιο
230 1024 362 1065 nem
397 1022 565 1082 quam
595 1022 856 1064 maxume
890 1003 1118 1078 hiantis,
1151 1005 1208 1061 in
1241 1020 1352 1080 qua
1385 1003 1688 1082 voluptate
1730 1016 1932 1063 somno
1972 1018 2237 1082 pressum

233 1092 608 1167 conspicatus
652 1089 995 1148 ichneumon
1038 1091 1147 1165 ‘per
1194 1088 1429 1146 easdem
1470 1087 1655 1146 faucis
1693 1097 1754 1146 ut
1793 1089 1970 1147 telum
1999 1088 2235 1165 aliquod

231 1175 498 1233 inmissus
532 1173 720 1232 erodit
750 1173 958 1232 alvom.
1621 1249 1626 1252 Α

363 1256 529 1336 (38.)
578 1256 791 1316 Similis
818 1255 1140 1329 crocodilo,
1169 1256 1273 1314 sed
1306 1256 1489 1313 minor
1520 1256 1688 1315 etiam
1716 1256 2119 1331 ichneumone,
2145 1265 2234 1314 est
2253 1264 2318 1317 91

233 1343 292 1400 in
339 1341 471 1400 Nilo
512 1350 679 1399 natus
730 1341 993 1413 scincos,
1046 1347 1247 1398 contra
1287 1356 1513 1397 venena
1556 1341 1904 1417 praecipuus
1943 1340 2233 1414 antidotiS,

161 1445 212 1486 15
232 1427 367 1484 item
397 1426 469 1484 ad
501 1424 952 1484 inflammandam
982 1426 1235 1497 virorum
1265 1430 1559 1482 venerem.
1615 1442 1815 1482 verum
1844 1426 1900 1482 in
1934 1424 2233 1484 crocodilo

232 1511 414 1568 maior
446 1518 570 1568 erat
612 1510 795 1586 pestis
832 1525 1000 1585 quam
1029 1516 1089 1566 ut
1133 1524 1247 1565 uno
1281 1518 1440 1566 esset
1486 1508 1609 1564 eius
1660 1507 1828 1566 hoste
1862 1517 2063 1567 natura
2096 1525 2231 1566 con-

233 1602 408 1652 tenta.
472 1595 668 1671 itaque
703 1602 759 1650 et
791 1592 1047 1669 delphini
1077 1593 1396 1650 inmeantes
1419 1589 1577 1665 Nilo,
1612 1609 1853 1669 quorum
1884 1591 2059 1651 dorso
2093 1602 2231 1651 tam-

235 1694 403 1755 quam
430 1677 500 1745 ad
526 1677 676 1735 hunc
706 1694 868 1734 usum
892 1675 1188 1735 cultellata
1212 1678 1360 1734 inest
1387 1676 1578 1753 pinna,
1604 1675 1909 1751 abigentes
1936 1692 2039 1733 eos
2064 1693 2230 1754 prae-

233 1762 360 1821 dam
398 1780 465 1820 ac
491 1761 697 1819 velut
682 1778 737 1818 m
773 1778 876 1819 suo
908 1769 1121 1819 tantum
1162 1778 1325 1819 amne
1355 1760 1694 1858 regnantis,
1715 1759 1969 1838 alioquin
2000 1762 2232 1838 inpares

159 1866 210 1907 20
229 1846 495 1905 viribus
479 1847 591 1924 ipsi
634 1854 759 1905 astu
804 1847 1144 1905 interimunt.
1210 1845 1424 1905 callent
1456 1846 1604 1904 enim
1645 1847 1702 1903 in
1731 1845 1847 1904 hoc
1880 1855 2083 1904 cuncta
2116 1847 2230 1903 ani-

229 1929 420 2003 malia,
457 1931 758 2008 sciuntque
792 1947 907 1988 nou
947 1949 1061 1990 sua
1082 1931 1254 1989 modo
1300 1929 1601 1989 commoda
1645 1947 1845 1988 verum
1889 1939 1946 1988 et
1984 1929 2233 1988 hostium

231 2015 499 2088 adversa,
524 2023 741 2076 norunt
769 2031 871 2072 sna
907 2014 1055 2087 tela,
1089 2024 1297 2073 norunt
1337 2015 1680 2073 occasiones
1728 2015 2023 2091 partisque
2066 2013 2230 2074 dissi-

230 2097 484 2156 dentium
514 2097 764 2157 inbellis.
814 2099 870 2155 in
901 2107 1105 2156 ventre
1142 2098 1332 2156 mollis
1366 2107 1454 2156 est
1488 2100 1793 2173 tenuisque
1846 2100 1991 2156 cutis
2024 2115 2229 2156 croco-

229 2181 366 2240 dilo.
429 2181 561 2241 ideo
589 2200 652 2240 se
687 2191 747 2241 ut
776 2182 960 2240 territi
989 2190 1254 2257 mergunt
1284 2180 1537 2258 delphini
1570 2181 2002 2259 subeuntesque
2040 2182 2231 2240 alvom

156 2284 210 2325 25
229 2266 330 2324 illa
366 2275 567 2324 secant
590 2268 784 2342 spina.
851 2266 986 2342 quin
1027 2275 1085 2324 et
1112 2283 1260 2341 gens
1293 2264 1578 2323 hom'inum
1610 2274 1702 2323 est
1731 2264 1864 2327 huic
1892 2265 2101 2324 beluae
2127 2265 2221 2323 ad·
2247 2275 2317 2326 92

227 2367 402 2408 versa
433 2351 489 2407 in
523 2352 652 2427 ipso
685 2348 818 2408 Nilo
851 2366 884 2407 a
915 2348 1151 2422 Tentyri
1186 2348 1367 2407 insula
1409 2351 1464 2406 in
1508 2365 1618 2425 qua
1650 2348 1867 2407 habitat
1913 2344 2227 2427 appellata.

228 2450 497 2492 mensura
542 2449 741 2491 eorum
771 2451 980 2510 parva,
1031 2433 1136 2491 sed
1181 2434 1510 2510 praesentia
1553 2433 1719 2503 animi
1758 2434 1812 2490 in
1858 2432 1971 2491 hoc
2016 2442 2229 2492 tantum

228 2536 335 2576 usu
366 2519 524 2576 mira.
563 2517 838 2576 terribilis
864 2517 1011 2576 haec
1038 2516 1235 2576 contra
1259 2516 1532 2592 fugientis
1556 2515 1727 2575 belua
1754 2526 1863 2590 est,
1891 2517 2068 2593 fugax
2092 2534 2227 2575 con-

228 2610 313 2660 tra
346 2603 660 2678 sequentis.
722 2601 1023 2660 adversum
1059 2602 1143 2659 ire
1177 2601 1286 2659 soli
1318 2601 1374 2659 hi
1406 2601 1636 2675 audent,
1685 2603 1780 2678 qui
1812 2611 1868 2659 et
1893 2602 2102 2660 flumini
2141 2603 2220 2658 in·
2244 2609 2319 2661 93

158 2694 450 2759 sonatant,
494 2685 791 2762 dorsoque
839 2686 1210 2762 equitantium
1261 2685 1433 2744 modo
1476 2686 1706 2762 inpositi
1742 2685 2028 2744 hiantibus
2065 2703 2226 2743 resu—

227 2770 361 2847 pino
398 2771 585 2847 capite
618 2769 691 2829 ad
721 2786 972 2826 morsum
1003 2762 1191 2846 addita
1240 2771 1295 2827 in
1327 2776 1394 2828 os
1428 2771 1613 2843 clava,
1648 2787 1678 2827 a
1714 2770 1917 2828 dextra
1954 2787 2023 2828 ac
2059 2768 2228 2827 laeva

174 2870 185 2881 ³
225 2862 497 2912 tenentes
545 2862 804 2912 extrema
854 2853 978 2910 eius
1020 2854 1337 2931 utrimque,
1386 2862 1442 2911 ut
1487 2852 1668 2912 frenis
1715 2855 1771 2911 in
1802 2864 2013 2912 terram
2054 2861 2229 2928 agunt

227 2938 512 3014 captivoS,
545 2955 614 2997 ac
643 2955 795 2997 voce
832 2940 1001 2996 etiam
1033 2937 1158 2995 sola
1205 2940 1439 2996 territos
1471 2946 1685 3013 cogunt
1716 2954 1992 2996 evomere
2024 2953 2225 2995 recen-

108 3080 113 3095 ,
226 3022 302 3080 tia
345 3038 601 3098 corpora·
641 3023 713 3081 ad
757 3022 1127 3098 sepulturam.
1195 3023 1387 3099 itaque
1433 3023 1526 3079 uni
1571 3023 1627 3079 ei
1674 3020 1896 3081 insulae
1944 3020 2227 3079 crocodili

159 3119 208 3161 ³5
226 3121 340 3163 non
369 3105 608 3180 adnant,
643 3105 978 3182 olfactuque
1009 3107 1133 3165 eius
1166 3107 1401 3181 generis
1445 3105 1764 3179 hominum,
1813 3113 1874 3162 ut
1903 3104 2226 3178 Psyllorum

227 3198 565 3266 serpentes,
632 3191 919 3267 fugantur.
1010 3189 1269 3248 Hebetes
1320 3190 1526 3249 oculos
1581 3189 1694 3248 hoc
1750 3188 1955 3248 animal
2015 3189 2220 3248 dicitur
2243 3197 2318 3251 94

225 3272 441 3331 habere
498 3275 554 3330 in
606 3292 783 3352 aqua,
814 3283 1010 3351 ,extra
1074 3276 1337 3333 acerrimi
1390 3276 1579 3371 vis-uS,
1635 3282 2017 3352 quattuorque
2069 3291 2225 3331 men·
2317 3284 2320 3334 ι’

226 3374 322 3415 ses
353 3357 555 3416 hiemis
608 3374 840 3435 semper
879 3358 1067 3418 inedia
1096 3361 1415 3419 tramittere
1468 3359 1526 3417 in
1577 3374 1779 3436 specu.
1841 3356 2071 3442 quidam
2109 3357 2226 3414 hoc
