2320 3650
200 53 284 117 96
328 96 336 103 -
978 66 1171 114 Pmm
1211 66 1507 115 suenum

199 239 345 284 mus.
403 228 601 281 cetera
647 221 829 301 ipsius
861 223 1051 283 mundi
1085 222 1355 300 portione
1384 224 1566 282 minus
1600 237 1887 302 prospera
1922 231 2020 283 aut
2055 223 2190 286 dira.

204 303 501 377 Quaedam
530 305 760 382 fulgura
795 308 1088 366 enuntiare
1119 324 1236 365 non
1266 315 1464 384 putant
1494 306 1584 366 fas
1612 325 1724 366 nec
1759 307 1996 383 audire,
2030 325 2193 387 prae·

202 397 467 467 ter-,quam
509 390 557 447 si
590 389 804 468 hospiti
845 390 1168 450 indicentur
1202 398 1299 450 aut
1341 391 1586 468 parenti.
1646 389 1854 467 Magna
1897 390 2064 450 huius
2097 392 2194 451 ob-

203 472 548 538 servationis
577 475 800 533 vanitas
833 482 989 535 tacta
1021 472 1256 533 Iunonis
1282 474 1430 533 aede
1455 473 1676 534 Romae
1710 474 2080 552 deprehensa
2112 473 2198 535 est

119 560 220 618 145
244 556 463 616 Scauro
507 557 748 616 consule
795 559 890 634 qui
920 574 1055 616 mox
1094 558 1371 636 princeps
1400 557 1522 617 fuit.
1583 555 1772 640 Noctu
1815 560 2002 634 magis
2035 577 2236 637 quams

200 640 446 699 interdiu
469 641 592 700 sine
624 641 928 701 tonitribus
958 642 1229 718 fulgurat.
1285 640 1470 700 Unum
1493 642 1718 717 animal,
1748 641 2075 724 hominem,
2093 661 2199 702 non

202 741 435 803 semper
487 726 832 803 exstinguit,
877 736 1074 785 cetera
1123 726 1320 800 illico,
1364 725 1515 784 hunc
1558 725 1835 792 videlicet
1876 735 2081 786 natura
2107 728 2196 786 tri-

200 806 413 867 buente
447 808 761 885 honorem,
812 828 937 869 cum
982 818 1068 869 tot
1102 808 1316 869 beluae
1359 809 1576 869 viribus
1618 818 1937 909 praestent.
2007 809 2199 871 Omnia

202 893 522 952 contrarias
553 854 820 952 incuba’n't
853 911 954 972 pal
984 895 1054 968 is,
1086 892 1261 953 homo
1286 893 1393 951 nisi
1418 901 1785 953 convertatur
1809 895 1866 952 in
1887 912 2197 973 percussas

200 993 316 1034 non
351 977 629 1054 exspirat.
682 994 934 1055 superne
969 978 1067 1037 icti
1100 977 1422 1036 considunt.
1467 978 1686 1054 vigilan,
1745 979 1892 1037 :ctus
1927 980 2194 1038 coniven-
2214 992 2257 1035 ιο

205 1059 358 1118 tibus
408 1059 628 1135 oculis,
684 1060 974 1120 dormiens
1021 1061 1350 1139 patentibus
1397 1063 1707 1139 reperitur.
1772 1061 2082 1125 Hominem
2128 1064 2201 1122 ita
2300 1139 2301 1142 Ἴ

204 1144 582 1203 exanimatum
613 1161 875 1204 cremare
910 1145 999 1205 fas
1032 1162 1146 1203 non
1179 1153 1289 1220 est,
1326 1145 1496 1204 condi
1526 1155 1682 1205 terra
1714 1145 1927 1222 religio
1951 1147 2200 1216 tradidit.

201 1224 429 1286 Nullum
464 1226 670 1301 animal
714 1230 821 1287 nisi
858 1230 1236 1288 exanimatum
1273 1190 1512 1289 fulmine
1546 1229 1900 1289 accenditur.
1962 1231 2205 1291 volnera

203 1295 622 1371 fulminatorum
656 1311 952 1411 frigidiora
986 1321 1111 1371 sunt
1140 1312 1370 1390 reliquo
1403 1330 1676 1401 corpore.

120 1402 223 1458 146
337 1396 436 1455 55.
459 1396 639 1475 (.56)
672 1394 808 1455 Ex
792 1397 863 1455 iis
876 1414 1041 1495 ‘quae
1071 1406 1229 1456 terra
1259 1390 1565 1474 gignuntur
1595 1393 1738 1457 lauri
1777 1397 2053 1458 fruticem
2097 1416 2204 1459 non
2220 1415 2258 1456 ιε

204 1479 324 1555 icit,
359 1498 470 1539 nec
501 1499 765 1560 umquam
795 1482 1045 1560 quinque
1080 1480 1247 1540 altius
1280 1481 1529 1558 pedibus
1552 1481 1904 1542 descendit
1886 1501 1947 1540 ιιι
1969 1491 2200 1542 terram.

202 1562 345 1623 Ideo
385 1565 577 1643 pavidi
611 1564 849 1624 altiores
881 1583 1093 1643 specus
1117 1566 1431 1624 tutissimos
1452 1574 1669 1643 putant,
1708 1574 1802 1625 aut
1825 1565 2203 1626 tabernacula

204 1646 457 1726 pellibus
482 1648 778 1708 beluarum
806 1666 948 1728 quas
974 1647 1188 1708 vitulos
1219 1649 1538 1727 appellant,
1572 1651 1838 1728 quoniam
1867 1649 1986 1710 hoc
2020 1652 2202 1711 solum

205 1732 410 1791 animal
444 1750 518 1791 ex
547 1731 777 1792 marinis
808 1750 922 1792 non
939 1733 1258 1832 percutiat,
1293 1735 1438 1793 sicut
1465 1752 1585 1793 nec
1608 1753 1641 1792 e
1671 1734 2013 1794 volucribus
2046 1736 2198 1814 aqui-

107 1856 112 1863 ·
203 1814 339 1891 lam,
378 1835 525 1895 quae
557 1815 633 1876 ob
667 1816 779 1877 hoc
813 1818 1096 1895 armigera
1127 1816 1293 1877 huius
1321 1818 1424 1878 teli
1457 1818 1702 1896 fingitur.
1764 1817 1829 1878 In
1859 1817 2029 1879 Italia
2061 1820 2257 1879 interw

207 1897 573 1960 Tarracinam
620 1910 678 1960 et
724 1902 932 1963 aedem
976 1900 1263 1962 Feroniae
1318 1912 1508 1962 turres
1564 1902 1796 1965 bellicis
1842 1904 2203 1984 temporibus

206 1983 439 2044 desiere
474 1984 600 2044 fieri
634 1985 789 2045 nulla
818 2004 933 2044 non
965 2005 1160 2046 earum
1193 1986 1426 2047 fulmine
1459 1987 1659 2047 diruta.

123 2073 225 2130 147
350 2069 449 2130 56.
486 2069 652 2148 (57.)
689 2070 928 2130 Praeter
959 2070 1108 2130 haec
1149 2072 1424 2132 inferiore
1470 2072 1639 2131 caelo
1666 2071 1927 2131 relatum
1978 2072 2040 2130 in
2085 2088 2198 2130 mo-

206 2132 472 2213 numenta
516 2162 603 2212 est
650 2153 801 2213 lacte
839 2163 896 2215 et
931 2156 1207 2232 sanguine
1241 2157 1499 2234 pluvisse
1531 2154 1627 2215 M.
1661 2146 1852 2215 Acilio
1887 2153 1954 2214 C.
1993 2155 2199 2216 Porcio

208 2254 363 2297 coss.
402 2247 459 2297 et
494 2255 674 2316 saepe
708 2238 871 2314 aliaS,
906 2240 1050 2299 sicut
1083 2258 1257 2299 carne
1287 2238 1348 2299 P.
1374 2239 1680 2299 Volumnio
1705 2240 1914 2300 Servio
1940 2240 2259 2319 Sulpicioat

208 2338 397 2397 coss,
446 2339 637 2401 exque
682 2340 752 2382 ea
797 2341 910 2381 non
952 2325 1240 2402 putruisse
1288 2324 1442 2403 quod
1482 2341 1597 2383 non
1638 2324 2011 2402 diripuissent
2042 2341 2197 2386 aves.

205 2405 342 2465 item
385 2405 544 2465 ferro
594 2407 651 2465 in
693 2405 938 2466 Lucanis
981 2425 1127 2467 anno
1174 2417 1478 2486 antequam
1505 2406 1582 2467 M.
1618 2405 1864 2468 Crassus
1911 2427 1947 2468 a
1979 2409 2202 2469 Parthis

206 2491 583 2568 interemptus
632 2499 722 2549 est
771 2508 1088 2570 omnesque
1136 2509 1262 2550 cum
1305 2508 1378 2551 eo
1409 2491 1620 2551 Lucani
1661 2492 1907 2566 militeS‚
1964 2510 2205 2571 quorum

203 2591 443 2650 magnus
475 2592 743 2633 numerus
773 2576 830 2633 in
863 2573 1126 2635 exercitu
1158 2584 1300 2635 erat.
1353 2575 1597 2653 Effigies
1629 2594 1778 2655 quae
1811 2576 1998 2654 pluvit
2031 2594 2200 2656 spon-

202 2676 446 2737 gearum*
476 2658 605 2718 fere
640 2659 839 2718 similis
871 2660 992 2718 fuit.
1048 2659 1394 2738 haruspices
1437 2669 1920 2738 praemonuerunt
1953 2677 2262 2740 supernato

201 2740 465 2802 volnera.
527 2741 591 2801 L.
628 2752 815 2805 autem
846 2743 1023 2802 Paulo
1059 2741 1123 2802 G.
1160 2743 1442 2804 Marcello
1482 2761 1635 2804 coss.
1671 2744 1799 2804 lana
1830 2744 2015 2823 pluvit
2048 2747 2205 2805 circa

205 2827 509 2887 castellum
538 2825 941 2905 Compsanum‚
972 2829 1129 2887 iuxta
1162 2829 1478 2907 quod'post
1501 2846 1704 2888 annum
1726 2828 1793 2887 T.
1819 2828 2043 2889 Annius
2067 2828 2204 2889 Milo

206 2913 439 2971 occisus
472 2920 581 2970 est.
636 2910 863 2971 Eodem
895 2929 1124 2971 causam
1156 2912 1385 2973 dicente
1420 2912 1698 2973 lateribus
1733 2913 1919 2972 coctis
1942 2912 2206 2993 pluvisse

201 2995 262 3054 in
293 3005 419 3055 acta
452 2997 577 3054 eius
611 2996 740 3054 anni
772 2995 1014 3055 relatum
1046 3005 1151 3055 est.

126 3087 229 3144 148
351 3079 450 3137 57.
504 3078 669 3158 (58.)
719 3079 1022 3140 Armorum
1066 3078 1322 3159 crepitus
1366 3060 1424 3139 et
1477 3079 1651 3141 tubae
1705 3081 1927 3141 sonitus
1980 3081 2265 3143 auditosst

208 3181 243 3221 e
283 3162 449 3221 caelo
489 3161 792 3222 Cimbricis
826 3163 1001 3223 bellis
1049 3165 1412 3241 accepimuS,
1468 3165 1799 3245 crebroque
1847 3174 1908 3225 et
1951 3151 2116 3245 prius
2151 3172 2210 3226 et

206 3253 433 3324 postea.
466 3247 637 3304 tertio
669 3265 812 3306 vero
848 3247 1146 3307 consulatu
1169 3246 1312 3307 Mari
1349 3248 1419 3307 ab
1446 3248 1733 3309 Amerinis
1766 3258 1825 3308 et
1851 3247 2206 3311 Tudertibus

206 3336 469 3417 spectata
512 3346 665 3390 arma
710 3331 987 3393 caelestia
1028 3331 1101 3391 ab
1139 3341 1266 3391 ortu
1317 3349 1646 3413 occasuque
1679 3335 1827 3394 inter
1858 3352 1926 3393 se
1960 3351 2204 3396 concur·
