2320 3650
165 68 249 129 76
866 78 925 124 ο.
962 78 1153 124 rum
1186 76 1488 124 suenum

165 236 318 297 diota
349 235 447 311 qui
489 232 811 293 concubino
843 232 1081 310 procaci
1111 248 1246 289 rure
1279 247 1566 291 omassum
1602 230 1800 291 edisse
1827 250 1912 291 se-
1935 244 2197 312 negante

165 317 468 379 occiderat
497 316 740 390 bovem,
780 325 1060 394 actusque
1091 316 1146 372 in
1179 314 1442 373 exsilium
1484 324 1769 393 tamquam
1810 316 2045 376 colono
2097 336 2194 377 suo

84 413 181 467 181
200 405 567 480 interempto.
633 401 837 464 Tauris
878 402 933 458 in
979 399 1261 476 adspectu
1305 400 1707 474 generositas,
1752 408 1927 459 torva
1972 400 2192 474 fronte,

164 486 401 546 auribus
430 488 701 561 saetosis‚
736 484 1009 545 cornibus
1040 484 1097 542 in
1129 483 1434 560 procinctu
1471 484 1898 544 dimicationem
1934 502 2192 563 poscen-

167 570 338 632 tibus.
404 571 509 630 sed
558 579 679 629 tota
713 569 1059 628 conminatio
1091 566 1382 644 prioribus
1415 569 1471 625 in
1506 566 1772 645 pedibus.
1811 577 1933 627 stat
1959 570 2056 628 ira
2088 570 2223 646 gli-s

80 663 83 670 ⁴
167 664 369 714 scente
400 655 657 714 alternos
701 653 995 731 replicans
1044 649 1447 728 spargensque
1489 652 1546 709 in
1580 651 2108 712 alvom-harenam
2140 664 2192 713 et

84 739 359 803 182solus
390 738 711 797 animalium
746 754 822 795 eo
878 735 1107 795 stimulo
1144 734 1479 794 ardescens.
1533 735 1792 795 Vidimus
1828 754 1906 794 ex
1936 740 2189 815 imperio

167 824 487 883 dimicantis
519 832 580 881 et
610 822 743 884 ideo
767 829 1118 879 monstratos
1151 820 1351 902 rotari,
1386 819 1663 879 cornibus
1691 820 1958 879 cadentis
1991 823 2188 900 excipi

166 909 491 982 iterumque
519 923 860 981 resurgere,
912 903 1083 962 modo
1113 905 1360 962 iacentis
1402 921 1478 962 ex
1508 903 1678 962 humo
1708 904 1858 978 tolli,
1889 904 2185 981 bigarum-

164 1009 283 1069 que
320 992 491 1049 etiam
524 1007 693 1047 curru
743 991 919 1048 citato
947 987 1108 1046 velut
1147 989 1379 1064 aurigas
1410 989 1699 1047 insistere.
1763 987 2228 1052 Thessalorumn

168 1075 361 1151 gentis
398 1075 691 1134 inventum
721 1081 814 1131 est
847 1088 1002 1150 equo
1043 1073 1201 1130 iuxta
1243 1071 1700 1149 quadripedante
1743 1089 1927 1131 cornu
1973 1075 2185 1134 intorta

170 1158 406 1216 cervice
451 1166 649 1216 tauros
681 1174 913 1215 necare.
975 1156 1194 1234 primns
1223 1154 1282 1213 id
1324 1156 1721 1233 spectaculum
1761 1156 1925 1215 dedit
1962 1156 2184 1217 Romae

86 1238 423 1305 183Caesar
463 1241 728 1300 dictator.
782 1240 927 1300 Hinc
954 1241 1223 1300 victimae
1258 1242 1485 1317 opimae
1517 1248 1577 1297 et
1613 1240 2010 1299 laudatissima
2043 1242 2184 1301 deo·

167 1342 291 1384 rum
327 1325 598 1403 placatio.
660 1326 793 1386 huic
829 1334 1040 1386 tantum
1069 1323 1294 1383 animali
1354 1326 1603 1382 omnium
1634 1323 1842 1402 quibus
1871 1328 2184 1401 procerior
2297 1337 2298 1342 ’

169 1410 350 1469 cauda
403 1427 518 1468 non
562 1411 749 1469 statim
812 1419 946 1469 nato
999 1416 1424 1468 consummatae
1469 1417 1530 1466 ut
1591 1410 1807 1467 ceteris
1846 1419 2230 1468 mensuraeA‘·

168 1496 384 1553 crescit
425 1496 521 1552 uni
579 1494 771 1554 donec
816 1494 889 1553 ad
947 1493 1194 1567 vestigia
1240 1494 1351 1550 ima
1401 1494 1723 1569 perveniat.
1802 1493 2183 1569 quamobrem

156 1579 521 1644 „victimarum
563 1578 831 1656 probatio
871 1580 927 1636 in
963 1576 1143 1635 vitulo
1171 1584 1236 1634 ut
1265 1576 1563 1635 articulum
1593 1576 1925 1653 suffraginis
1961 1580 2181 1637 contin·

168 1670 284 1739 gat.
318 1662 593 1721 breviore
622 1679 737 1721 non
769 1662 950 1721 litant.
1017 1660 1131 1719 hoc
1160 1676 1395 1738 quoque
1428 1669 1681 1719 notatum
1708 1660 1920 1719 vitulos
1955 1663 2031 1721 ad
2054 1680 2182 1721 aras

167 1747 381 1803 umeris
410 1738 656 1805 Hominis
688 1745 914 1805 adlatos
943 1761 1057 1803 non
1080 1744 1209 1802 fere
1235 1743 1420 1818 litare,
1454 1746 1602 1803 sicut
1627 1745 1766 1821 {nec
1788 1744 2178 1823 claudicante}

165 1848 281 1888 nec
312 1830 498 1890 aliena
532 1830 721 1889 hostia
752 1830 898 1888 deos
939 1830 1196 1907 placari,
1241 1847 1352 1887 nec
1381 1829 1644 1888 trahente
1688 1847 1754 1887 se
1799 1829 1871 1887 ab
1904 1833 2043 1891 aris.
2079 1829 2231 1889 Esta

168 1913 450 1991 frequens
491 1916 547 1972 in
590 1913 871 1990 prodigiis
925 1915 1249 1990 priscorum
1291 1912 1500 1971 bovem
1548 1912 1838 1988 locutum,
1894 1931 2014 1991 quo
2044 1932 2179 1972 nun·

168 1998 309 2056 tiato
341 2007 599 2058 senatum
634 1997 738 2057 sub
774 1998 906 2056 divo
940 1996 1142 2059 haberi
1172 1997 1425 2059 solitum.
1634 2038 1637 2041 ι

86 2088 190 2143 184
326 2082 430 2142 46.
467 2083 636 2161 (71.)
697 2082 812 2140 Bos
842 2084 898 2140 in
947 2081 1225 2158 Aegypto
1274 2083 1441 2140 etiam
1488 2081 1728 2138 numinis
1768 2083 1901 2139 vice
1947 2083 2177 2142 colitur.

168 2166 340 2243 Apim
367 2175 597 2228 vocant.
662 2168 888 2242 insigne
924 2167 978 2224 ei
1023 2167 1079 2223 in
1126 2165 1337 2224 dextro
1382 2164 1569 2223 latere
1614 2164 1927 2223 candicans
1956 2167 2179 2247 macula
2297 2240 2298 2243 Ἴ

168 2250 445 2309 cornibus
489 2251 658 2310 lunae
691 2269 966 2310 crescere
1010 2249 1371 2327 incipientiS,
1410 2248 1595 2307 nodus
1629 2247 1735 2306 sub
1780 2248 1976 2324 lingua
2009 2264 2234 2326 quenz
2297 2248 2298 2277 ³

168 2332 501 2413 cantharum
533 2335 851 2413 appellant.
915 2351 1029 2393 non
1059 2342 1152 2392 est
1182 2334 1271 2393 fas
1301 2350 1430 2392 eum
1468 2341 1663 2392 certos
1694 2333 1850 2391 vitae
1879 2334 2179 2393 *excedere

169 2414 388 2490 annos,
435 2436 806 2496 mersumque
853 2420 908 2476 in
957 2417 1327 2477 sacerdotum
1379 2416 1539 2475 fonte
1592 2425 1801 2475 necant
1862 2419 2178 2494 quaesituri

168 2500 327 2560 luctu
373 2501 543 2561 alium
584 2518 758 2578 quem
803 2502 1180 2576 substituant,
1238 2509 1295 2559 et
1325 2500 1515 2559 donec
1561 2501 1887 2558 invenerint
1917 2508 2180 2560 maerent

166 2585 396 2645 derasis
440 2587 609 2644 etiam
656 2587 962 2664 capitibus.
1021 2603 1132 2645 nec
1173 2594 1363 2644 tamen
1410 2602 1672 2662 umquam
1719 2584 1815 2642 diu
1861 2587 2172 2661 quaeritur.

83 2678 184 2732 185
203 2670 469 2730 inventus
501 2669 804 2729 deducitur
833 2668 1142 2746 Memphim
1177 2687 1210 2728 a
1243 2668 1664 2728 sacerdotibus.
1711 2667 1957 2727 delubra
1989 2671 2047 2727 ei
2078 2683 2232 2745 ge-su

163 2755 347 2828 mina,
397 2770 547 2831 quae
595 2762 810 2813 vocant
851 2752 1169 2827 thalamos,
1205 2753 1442 2829 auguria
1486 2752 1851 2831 populorum.
1936 2751 2175 2815 alterum

164 2838 413 2898 intrasse
450 2837 662 2903 laetum
697 2846 806 2911 est,
840 2839 896 2895 in
929 2837 1116 2896 altero
1147 2838 1270 2896 dira
1303 2837 1613 2914 portendit.
1676 2851 1964 2913 responsa
1995 2837 2173 2914 privis

164 2922 260 2982 dat
290 2939 323 2980 e
353 2938 522 2981 mauu
555 2921 976 2980 consulentium
1010 2921 1197 2980 cibum
1234 2919 1539 2998 capiendo.
1589 2917 1925 2980 Germanici»
1962 2917 2172 2979 Gaesa-
2297 2972 2298 3011 ¹

84 3058 93 3067 f
165 3007 245 3063 ris
276 3022 501 3064 manum
529 3014 832 3065 aversatus
879 3014 970 3064 est
1004 3005 1138 3064 haut
1164 3006 1342 3067 multo
1377 3013 1587 3082 postea
1615 3004 1908 3063 exstincti.
1973 3013 2171 3073 cetero

163 3098 454 3161 secretus,
486 3107 614 3148 cum
635 3105 702 3147 se
724 3090 1013 3166 proripuit
1040 3092 1098 3147 in
1123 3098 1349 3161 coetus,
1375 3087 1590 3147 incedit
1609 3087 1902 3160 submoto,
1929 3102 2167 3164 greges·
2183 3098 2226 3141 at

168 3186 283 3246 que
314 3186 627 3245 puerorum
658 3174 1001 3231 comitantur
1032 3189 1265 3231 carmen
1298 3171 1504 3229 honori
1540 3172 1666 3229 eius
1701 3171 2047 3255 canentium.
2093 3174 2167 3231 in»

166 3251 459 3325 tellegere
500 3254 730 3313 videtur
763 3264 820 3313 et
864 3256 1092 3314 adorari
1136 3254 1313 3312 velle.
1381 3252 1436 3311 hi
1468 3271 1686 3329 greges
1742 3261 1992 3330 repente
2036 3253 2165 3328 lym·

83 3334 359 3412 leophati
390 3332 574 3392 futura
604 3340 961 3411 praecinunt.
1022 3339 1231 3403 femina
1266 3336 1376 3393 bos
1417 3338 1472 3394 ei
1512 3337 1694 3395 semel
1738 3353 1886 3394 anno
1917 3338 2164 3397 ostendi·
