2320 3650
121 78 246 141 200
332 74 335 77 ’
760 88 822 136 c.
866 91 1055 138 rmm
1095 88 1396 138 securim
1446 83 1454 97 “

40 251 110 309 78
129 261 198 304 ea
225 241 575 303 tetrarchiae
610 249 669 301 et
698 240 1060 301 Palaestinae
1089 250 1209 302 tota
1241 243 1469 302 laxitas.
1514 250 1571 302 at
1604 239 1670 278 ²⁸¹*
1708 241 1767 300 in
1789 236 1898 301 'ora
1929 251 2120 303 autem

123 324 384 386 subiecta
415 324 631 385 Libano
670 324 875 384 fluvius
917 323 1218 401 Magoras,
1262 325 1508 400 Berytus
1555 323 1785 385 colonia
1826 342 1974 404 quae
2004 324 2117 386 Fe-

122 410 207 470 lix
235 408 377 468 Iulia
413 409 768 486 appellatur,
805 407 1055 467 Leontos
1087 409 1390 488 oppidum,
1423 408 1631 468 flumen
1658 408 1879 483 Lycos,
1915 408 2117 469 Palae-2

124 491 367 569 byblos,
416 493 622 553 flumen
665 489 916 566 Adonis,
981 493 1197 569 oppida
1244 491 1499 567 Byblos,
1559 491 1801 567 Botrys,
1862 490 2116 568 Gigarta,

125 576 379 651 Trieris,
435 573 735 650 Calamos,
779 573 1032 650 Tripolis
1074 592 1245 652 quam
1283 574 1442 649 Tyrii
1480 583 1538 633 et
1568 575 1789 635 Sidonii
1832 583 1889 634 et
1917 575 2162 636 Aradii5

128 661 419 737 optinent,
483 657 787 733 Orthosia,
856 656 1208 718 Eleutheros
1277 657 1520 732 flumen,
1592 658 1807 736 oppida
1870 657 2135 734 Simyra,

127 742 417 803 Marathos
472 751 787 819 contraque
831 740 1060 800 Arados
1101 740 1212 800 v11
1255 740 1569 801 stadiorum
1616 742 1890 820 oppidum
1934 750 1994 801 et
2035 743 2117 801 in-

127 825 253 885 sula
303 822 400 884 CC
449 842 655 903 passus
705 842 738 883 a
766 824 1111 884 *continente
1159 824 1396 884 distans.
1461 825 1628 902 regio
1659 827 1716 884 in
1758 843 1870 903 qua
1917 841 2118 902 supra-

128 909 263 969 dicti
310 908 574 967 desinunt
613 915 875 982 montes,
942 916 1000 966 et
1045 906 1519 967 interiacentibus
1571 910 1788 986 campis
1832 907 2119 984 Bargylus

126 1009 289 1051 mons
322 992 538 1069 incipit.
786 1034 793 1040 -
1824 1026 1829 1034 ι
2136 1006 2189 1049 ιο

45 1081 114 1137 79
299 1073 465 1152 (18.)
508 1073 653 1132 Hinc
694 1091 893 1132 rursus
929 1073 1129 1149 Syria,
1176 1071 1477 1133 desinente
1516 1073 1828 1135 Phoenice.
1905 1073 2119 1150 oppida

129 1155 350 1232 Carne,
383 1156 664 1230 Balanea,
696 1156 924 1231 Paltos,
959 1156 1214 1232 Gabala,
1255 1159 1707 1233 promontorium
1740 1160 1795 1216 in
1831 1172 1944 1234 quo
1973 1155 2119 1217 Lao·

129 1242 294 1301 dicea
328 1240 546 1315 libera,
578 1239 841 1318 Dipolis,
875 1239 1194 1314 Heraclea,
1229 1236 1586 1315 Charadrus,
1624 1240 1932 1300 Posidium.
2133 1292 2138 1295 .

296 1323 397 1382 21.
447 1323 601 1383 Dein
642 1325 1092 1401 promontorium
1125 1324 1328 1397 Syriae
1359 1285 1724 1384 Antiochiae.
1801 1325 1949 1382 intus
1989 1323 2119 1400 ipsa

128 1406 434 1467 Antiochia
493 1407 677 1467 libera
737 1406 1109 1484 Epidaphnes
1163 1408 1582 1482 cognominata.
1687 1406 1906 1466 Oronte
1955 1423 2118 1466 amne
2139 1413 2188 1457 ¹⁶

129 1489 414 1551 dividitur.
498 1487 555 1549 iri
592 1492 988 1569 promontorio
1033 1498 1225 1549 autem
1255 1490 1526 1551 Seleucia
1566 1489 1751 1550 libera
1791 1490 1981 1549 Pieria
2018 1506 2117 1569 ap-

127 1573 363 1652 pellata.

43 1664 115 1719 80
295 1655 397 1715 22.
439 1655 628 1733 Super
658 1672 785 1715 eam
814 1673 978 1716 mons
1011 1655 1220 1716 eodem
1256 1672 1370 1733 quo
1403 1655 1548 1721 alius
1587 1656 1846 1732 nomine,
1894 1653 2118 1716 Casius.

130 1739 290 1799 cuius
336 1738 574 1798 excelsa
619 1738 855 1798 altitudo
894 1748 1092 1817 quarta
1136 1739 1335 1816 vigilia
1377 1740 1657 1799 orientem
1703 1757 1810 1817 per
1849 1738 2120 1799 tenebras

130 1821 316 1884 solem
346 1821 625 1900 adspicit,
669 1821 836 1881 brevi
880 1825 1229 1882 circumactu
1276 1825 1542 1901 corporis
1583 1822 1733 1882 diem
1774 1833 2118 1903 noctemque
2135 1832 2190 1876 2⁰

132 1906 350 1984 pariter
379 1905 709 1965 ostendens.
787 1906 1028 1965 ambitus
1060 1906 1130 1966 ad
1167 1924 1443 1966 cacumen
1473 1905 1693 1965 XVIIII
1722 1904 1780 1964 Μ
1811 1924 1968 1983 pass.
2005 1915 2119 1982 est,

129 1988 369 2050 altitudo
402 2006 510 2067 per
541 1988 818 2048 directum
848 1988 972 2049 1111.
1034 1998 1091 2049 at
1125 1991 1182 2049 in
1211 2007 1315 2049 ora
1348 1990 1524 2048 amnis
1554 1989 1804 2048 Orontes
1842 1998 2007 2049 natus
2035 1990 2118 2048 in-

128 2081 222 2132 ter
253 2071 522 2131 Libanum
551 2080 609 2130 et
637 2071 1021 2133 Antilibanum
1063 2073 1220 2132 iuxta
1254 2072 1625 2150 Heliopolim.
1706 2073 1918 2151 oppida
1963 2070 2120 2130 Rho·

131 2173 231 2215 sos
279 2163 336 2214 et
379 2172 410 2214 a
455 2164 622 2231 tergo
666 2154 874 2215 Portae
925 2173 1074 2233 quae
1119 2156 1324 2230 Syriae
1366 2155 1765 2233 appellantur,
1815 2154 2119 2215 intervallo

130 2238 478 2297 Rhosiorum
506 2238 773 2297 montium
816 2246 877 2298 et
909 2238 1099 2298 Tauri.
1177 2240 1233 2297 in
1274 2255 1376 2298 ora
1421 2238 1694 2316 oppidum
1735 2238 2193 2312 Myriandros,2⁶

131 2339 293 2381 mons
326 2321 577 2381 Amanus
618 2322 676 2380 in
717 2338 833 2400 quo
868 2322 1143 2400 oppidum
1184 2321 1460 2381 Bomitae.
1533 2322 1663 2399 ipse
1705 2319 1777 2381 ab
1820 2321 1981 2397 syris
2026 2318 2121 2380 Ci-

131 2404 319 2464 liciam
350 2412 601 2481 separat.
748 2439 751 2442 ι

46 2495 112 2550 81
298 2486 398 2546 23.
448 2487 614 2566 (19.)
660 2485 825 2547 Nune
865 2486 1137 2548 interiora
1185 2487 1459 2547 dicantur.
1539 2484 1725 2547 Coele
1758 2486 1933 2547 habet
1964 2485 2120 2564 Apa·

132 2586 316 2630 meam
344 2568 571 2645 Marsya
597 2588 759 2630 amne
794 2571 1031 2630 divisam
1060 2588 1101 2629 a
1132 2570 1545 2630 Nazerinorum
1579 2570 1921 2645 tetrarchia,
1956 2569 2138 2650 Bam·-=

132 2654 322 2727 bycen
358 2670 504 2731 qnae
538 2654 654 2715 alio
695 2656 921 2713 nomine
956 2653 1284 2731 Hierapolis
1315 2663 1586 2730 vocatur,
1636 2654 1797 2728 Syris
1826 2669 1969 2712 vero
2000 2651 2194 2712 Ma-so

133 2736 257 2813 bog
310 2770 394 2780 ——
433 2737 513 2797 ibi
555 2736 891 2814 prodigiosa
945 2736 1271 2813 Atargatis,
1338 2736 1578 2797 Graecis
1629 2746 1816 2797 autem
1860 2736 2119 2795 Derceto

135 2820 322 2896 dicta}
357 2818 565 2879 colitur
596 2853 710 2896 -—-,
749 2818 1081 2880 Chalcidem
1112 2821 1569 2896 cognominatam
1600 2820 1671 2881 ad
1701 2820 1937 2894 Belum,
1969 2818 2123 2877 unde

133 2904 301 2979 regio
356 2899 708 2962 Chalcidene
759 2901 1111 2962 fertilissima
1159 2904 1381 2977 Syriae.
1479 2913 1538 2962 et
1601 2904 1732 2963 inde
1787 2900 2126 2977 Cyrrestiee

138 2986 404 3059 cyrrum,
455 2985 736 3060 Gazetas,
795 2984 1186 3059 Gindarenos,
1237 2984 1539 3062 Gabenos,
1600 2985 1940 3045 tetrarchias
1980 2984 2123 3043 duas

137 3084 285 3145 quae
319 3066 771 3128 Granucomatae
804 3078 1116 3143 vocantur,
1149 3067 1524 3144 ErmisenoS,
1556 3068 1827 3143 Hylatas,
1864 3067 2198 3128 Ituraeo-au

136 3166 257 3208 rum
286 3159 515 3225 gentem
547 3160 607 3210 et
636 3152 733 3230 qui
768 3169 843 3210 ex
869 3152 957 3211 his
987 3151 1247 3211 Bethemi
1280 3162 1587 3226 vocantur,
1619 3150 2124 3226 Mariammitanos‚

50 3240 120 3295 82
139 3232 502 3292 tetrarchiam
535 3251 683 3310 quae
714 3233 1041 3295 Mammisea
1072 3234 1436 3312 appellatur,
1479 3234 1841 3307 Paradisum,
1883 3233 2123 3307 Pagras,

76 3313 449 3393 wPinaritas,
500 3315 802 3378 Seleuciae
834 3325 1069 3395 praeter
1105 3319 1220 3378 iam
1255 3316 1463 3378 dictam
1505 3317 1679 3394 duas,
1716 3333 1866 3395 quae
1905 3314 1977 3377 ad
2005 3311 2123 3374 Eu·
