<?xml version="1.0" encoding="UTF-8"?>
<!DOCTYPE html PUBLIC "-//W3C//DTD XHTML 1.0 Transitional//EN"
    "http://www.w3.org/TR/xhtml1/DTD/xhtml1-transitional.dtd">
<html xmlns="http://www.w3.org/1999/xhtml" xml:lang="en" lang="en">
 <head>
  <title>
</title>
<meta http-equiv="Content-Type" content="text/html;charset=utf-8" />
  <meta name='ocr-system' content='tesseract 3.04.00' />
  <meta name='ocr-capabilities' content='ocr_page ocr_carea ocr_par ocr_line ocrx_word'/>
</head>
<body>
  <div class='ocr_page' id='page_1' title='image "./cplinisecundina00eldegoog_0445.png"; bbox 0 0 2320 3650; ppageno 0'>
   <div class='ocr_carea' id='block_1_1' title="bbox 177 70 1488 130">
    <p class='ocr_par' dir='ltr' id='par_1_1' title="bbox 177 70 1488 130">
     <span class='ocr_line' id='line_1_1' title="bbox 177 70 1488 130; baseline -0.005 0"><span class='ocrx_word' id='word_1_1' title='bbox 177 70 292 130; x_wconf 85' lang='lat'><strong>104</strong></span> <span class='ocrx_word' id='word_1_2' title='bbox 865 78 925 125; x_wconf 81' lang='grc' dir='ltr'><strong>ο.</strong></span> <span class='ocrx_word' id='word_1_3' title='bbox 962 78 1152 125; x_wconf 69' lang='lat' dir='ltr'><strong>Pnnu</strong></span> <span class='ocrx_word' id='word_1_4' title='bbox 1186 76 1488 125; x_wconf 65' lang='lat' dir='ltr'><strong>succum</strong></span> 
     </span>
    </p>
   </div>
   <div class='ocr_carea' id='block_1_2' title="bbox 82 228 2269 3405">
    <p class='ocr_par' dir='ltr' id='par_1_2' title="bbox 164 228 2191 395">
     <span class='ocr_line' id='line_1_2' title="bbox 166 228 2191 310; baseline 0 -17"><span class='ocrx_word' id='word_1_5' title='bbox 166 233 523 295; x_wconf 79' lang='lat' dir='ltr'><strong>volutatione</strong></span> <span class='ocrx_word' id='word_1_6' title='bbox 558 231 754 310; x_wconf 84' lang='lat' dir='ltr'><strong>spinas</strong></span> <span class='ocrx_word' id='word_1_7' title='bbox 790 233 1063 293; x_wconf 85' lang='lat' dir='ltr'><strong>atterere.</strong></span> <span class='ocrx_word' id='word_1_8' title='bbox 1097 264 1184 276; x_wconf 89' lang='lat'><strong>-—-</strong></span> <span class='ocrx_word' id='word_1_9' title='bbox 1208 231 1367 310; x_wconf 85' lang='lat' dir='ltr'><strong>quod</strong></span> <span class='ocrx_word' id='word_1_10' title='bbox 1401 229 1499 290; x_wconf 87' lang='lat' dir='ltr'><strong>ubi</strong></span> <span class='ocrx_word' id='word_1_11' title='bbox 1530 228 1733 292; x_wconf 77' lang='lat' dir='ltr'><strong>videre</strong></span> <span class='ocrx_word' id='word_1_12' title='bbox 1768 233 1988 292; x_wconf 78' lang='lat' dir='ltr'><strong>nautici</strong></span> <span class='ocrx_word' id='word_1_13' title='bbox 2007 277 2029 309; x_wconf 90' lang='lat'><strong>,</strong></span> <span class='ocrx_word' id='word_1_14' title='bbox 2074 241 2191 294; x_wconf 75' lang='lat' dir='ltr'><strong>st·-</strong></span> 
     </span>
     <span class='ocr_line' id='line_1_3' title="bbox 164 314 1411 395; baseline -0.002 -19"><span class='ocrx_word' id='word_1_15' title='bbox 164 319 263 376; x_wconf 87' lang='lat' dir='ltr'><strong>tim</strong></span> <span class='ocrx_word' id='word_1_16' title='bbox 292 315 553 395; x_wconf 84' lang='lat' dir='ltr'><strong>pluribus</strong></span> <span class='ocrx_word' id='word_1_17' title='bbox 582 316 815 375; x_wconf 85' lang='lat' dir='ltr'><strong>ancoris</strong></span> <span class='ocrx_word' id='word_1_18' title='bbox 847 317 1077 393; x_wconf 83' lang='lat' dir='ltr'><strong>navigia</strong></span> <span class='ocrx_word' id='word_1_19' title='bbox 1105 314 1411 377; x_wconf 73' lang='lat' dir='ltr'><strong>infrenant.</strong></span> 
     </span>
    </p>

    <p class='ocr_par' dir='ltr' id='par_1_3' title="bbox 82 398 2229 647">
     <span class='ocr_line' id='line_1_4' title="bbox 82 398 2193 478; baseline -0.003 -13"><span class='ocrx_word' id='word_1_20' title='bbox 82 413 178 465; x_wconf 88' lang='lat'><strong>101</strong></span> <span class='ocrx_word' id='word_1_21' title='bbox 294 398 393 459; x_wconf 84' lang='lat'><strong>32.</strong></span> <span class='ocrx_word' id='word_1_22' title='bbox 429 398 494 459; x_wconf 91' lang='lat' dir='ltr'><strong>In</strong></span> <span class='ocrx_word' id='word_1_23' title='bbox 517 401 725 460; x_wconf 90' lang='lat' dir='ltr'><strong>eodem</strong></span> <span class='ocrx_word' id='word_1_24' title='bbox 745 417 967 477; x_wconf 82' lang='lat' dir='ltr'><strong>genere</strong></span> <span class='ocrx_word' id='word_1_25' title='bbox 991 398 1239 461; x_wconf 74' lang='lat' dir='ltr'><strong>cocleae</strong></span> <span class='ocrx_word' id='word_1_26' title='bbox 1252 399 1540 477; x_wconf 73' lang='lat' dir='ltr'><strong>aquatiles</strong></span> <span class='ocrx_word' id='word_1_27' title='bbox 1557 408 2001 478; x_wconf 72' lang='lat' dir='ltr'><strong>terrestresque</strong></span> <span class='ocrx_word' id='word_1_28' title='bbox 2018 417 2193 459; x_wconf 81' lang='lat' dir='ltr'><strong>exse·</strong></span> 
     </span>
     <span class='ocr_line' id='line_1_5' title="bbox 164 483 2190 562; baseline 0 -20"><span class='ocrx_word' id='word_1_29' title='bbox 164 492 361 544; x_wconf 87' lang='lat' dir='ltr'><strong>rentes</strong></span> <span class='ocrx_word' id='word_1_30' title='bbox 392 501 459 544; x_wconf 90' lang='lat' dir='ltr'><strong>se</strong></span> <span class='ocrx_word' id='word_1_31' title='bbox 492 483 785 545; x_wconf 73' lang='lat' dir='ltr'><strong>domicilio</strong></span> <span class='ocrx_word' id='word_1_32' title='bbox 816 483 1067 562; x_wconf 76' lang='lat' dir='ltr'><strong>binaque</strong></span> <span class='ocrx_word' id='word_1_33' title='bbox 1102 501 1213 543; x_wconf 89' lang='lat' dir='ltr'><strong>ceu</strong></span> <span class='ocrx_word' id='word_1_34' title='bbox 1244 499 1460 542; x_wconf 88' lang='lat' dir='ltr'><strong>cornua</strong></span> <span class='ocrx_word' id='word_1_35' title='bbox 1494 484 1921 562; x_wconf 73' lang='lat' dir='ltr'><strong>protendentes</strong></span> <span class='ocrx_word' id='word_1_36' title='bbox 1956 490 2190 543; x_wconf 82' lang='lat' dir='ltr'><strong>eontra·</strong></span> 
     </span>
     <span class='ocr_line' id='line_1_6' title="bbox 165 567 2229 647; baseline -0.002 -19"><span class='ocrx_word' id='word_1_37' title='bbox 165 567 511 646; x_wconf 73' lang='lat' dir='ltr'><strong>nentesque.</strong></span> <span class='ocrx_word' id='word_1_38' title='bbox 546 567 733 628; x_wconf 89' lang='lat' dir='ltr'><strong>oculis</strong></span> <span class='ocrx_word' id='word_1_39' title='bbox 759 577 979 644; x_wconf 83' lang='lat' dir='ltr'><strong>carent,</strong></span> <span class='ocrx_word' id='word_1_40' title='bbox 1003 569 1201 645; x_wconf 85' lang='lat' dir='ltr'><strong>itaque</strong></span> <span class='ocrx_word' id='word_1_41' title='bbox 1227 567 1541 627; x_wconf 80' lang='lat' dir='ltr'><strong>corniculis</strong></span> <span class='ocrx_word' id='word_1_42' title='bbox 1559 576 1996 647; x_wconf 71' lang='lat' dir='ltr'><strong>praetemptant</strong></span> <span class='ocrx_word' id='word_1_43' title='bbox 2026 569 2158 628; x_wconf 82' lang='lat' dir='ltr'><strong>iter.</strong></span> <span class='ocrx_word' id='word_1_44' title='bbox 2205 585 2229 624; x_wconf 68' lang='grc' dir='ltr'>ι</span> 
     </span>
    </p>

    <p class='ocr_par' dir='ltr' id='par_1_4' title="bbox 163 649 2191 899">
     <span class='ocr_line' id='line_1_7' title="bbox 295 649 2189 728; baseline -0.001 -15"><span class='ocrx_word' id='word_1_45' title='bbox 295 649 396 713; x_wconf 86' lang='grc'><strong>33.</strong></span> <span class='ocrx_word' id='word_1_46' title='bbox 443 651 714 713; x_wconf 79' lang='lat' dir='ltr'><strong>Pectines</strong></span> <span class='ocrx_word' id='word_1_47' title='bbox 745 653 803 711; x_wconf 90' lang='lat' dir='ltr'><strong>in</strong></span> <span class='ocrx_word' id='word_1_48' title='bbox 831 653 971 713; x_wconf 88' lang='lat' dir='ltr'><strong>mari</strong></span> <span class='ocrx_word' id='word_1_49' title='bbox 1003 669 1080 710; x_wconf 85' lang='lat' dir='ltr'><strong>ex</strong></span> <span class='ocrx_word' id='word_1_50' title='bbox 1110 650 1321 711; x_wconf 90' lang='lat' dir='ltr'><strong>eodem</strong></span> <span class='ocrx_word' id='word_1_51' title='bbox 1344 669 1575 728; x_wconf 83' lang='lat' dir='ltr'><strong>genere</strong></span> <span class='ocrx_word' id='word_1_52' title='bbox 1605 651 1926 727; x_wconf 84' lang='lat' dir='ltr'><strong>habentur,</strong></span> <span class='ocrx_word' id='word_1_53' title='bbox 1980 669 2189 712; x_wconf 68' lang='lat' dir='ltr'><strong>recen.»</strong></span> 
     </span>
     <span class='ocr_line' id='line_1_8' title="bbox 163 735 2191 815; baseline 0 -20"><span class='ocrx_word' id='word_1_54' title='bbox 163 735 266 796; x_wconf 89' lang='lat' dir='ltr'><strong>diti</strong></span> <span class='ocrx_word' id='word_1_55' title='bbox 309 745 367 795; x_wconf 89' lang='lat' dir='ltr'><strong>et</strong></span> <span class='ocrx_word' id='word_1_56' title='bbox 415 737 529 815; x_wconf 89' lang='lat' dir='ltr'><strong>ipsi</strong></span> <span class='ocrx_word' id='word_1_57' title='bbox 582 737 804 813; x_wconf 84' lang='lat' dir='ltr'><strong>magnis</strong></span> <span class='ocrx_word' id='word_1_58' title='bbox 849 735 1168 814; x_wconf 70' lang='lat' dir='ltr'><strong>frigoribus</strong></span> <span class='ocrx_word' id='word_1_59' title='bbox 1204 753 1276 794; x_wconf 89' lang='lat' dir='ltr'><strong>ac</strong></span> <span class='ocrx_word' id='word_1_60' title='bbox 1315 737 1538 813; x_wconf 84' lang='lat' dir='ltr'><strong>magnis</strong></span> <span class='ocrx_word' id='word_1_61' title='bbox 1586 736 1882 811; x_wconf 78' lang='lat' dir='ltr'><strong>aestibus,</strong></span> <span class='ocrx_word' id='word_1_62' title='bbox 1931 754 2191 813; x_wconf 80' lang='lat' dir='ltr'><strong>ungues·</strong></span> 
     </span>
     <span class='ocr_line' id='line_1_9' title="bbox 165 819 2159 899; baseline -0.001 -20"><span class='ocrx_word' id='word_1_63' title='bbox 165 838 281 899; x_wconf 88' lang='lat' dir='ltr'><strong>que</strong></span> <span class='ocrx_word' id='word_1_64' title='bbox 311 820 474 879; x_wconf 88' lang='lat' dir='ltr'><strong>velut</strong></span> <span class='ocrx_word' id='word_1_65' title='bbox 496 821 630 897; x_wconf 92' lang='lat' dir='ltr'><strong>igne</strong></span> <span class='ocrx_word' id='word_1_66' title='bbox 649 820 916 880; x_wconf 87' lang='lat' dir='ltr'><strong>lucentes</strong></span> <span class='ocrx_word' id='word_1_67' title='bbox 941 819 1301 895; x_wconf 74' lang='lat' dir='ltr'><strong>intenebris,</strong></span> <span class='ocrx_word' id='word_1_68' title='bbox 1333 821 1505 879; x_wconf 88' lang='lat' dir='ltr'><strong>etiam</strong></span> <span class='ocrx_word' id='word_1_69' title='bbox 1527 821 1586 878; x_wconf 88' lang='lat' dir='ltr'><strong>in</strong></span> <span class='ocrx_word' id='word_1_70' title='bbox 1616 837 1723 879; x_wconf 86' lang='lat' dir='ltr'><strong>ore</strong></span> <span class='ocrx_word' id='word_1_71' title='bbox 1745 821 2159 881; x_wconf 78' lang='lat' dir='ltr'><strong>mandentium.</strong></span> 
     </span>
    </p>

    <p class='ocr_par' dir='ltr' id='par_1_5' title="bbox 82 902 2269 1317">
     <span class='ocr_line' id='line_1_10' title="bbox 82 902 2186 985; baseline -0.001 -17"><span class='ocrx_word' id='word_1_72' title='bbox 82 915 182 968; x_wconf 81' lang='lat'><strong>102</strong></span> <span class='ocrx_word' id='word_1_73' title='bbox 325 902 495 983; x_wconf 79' lang='lat'><strong>(52.)</strong></span> <span class='ocrx_word' id='word_1_74' title='bbox 540 903 839 985; x_wconf 68' lang='lat' dir='ltr'><strong>Eirmioris</strong></span> <span class='ocrx_word' id='word_1_75' title='bbox 860 906 971 964; x_wconf 90' lang='lat' dir='ltr'><strong>iam</strong></span> <span class='ocrx_word' id='word_1_76' title='bbox 991 912 1183 976; x_wconf 81' lang='lat' dir='ltr'><strong>testae</strong></span> <span class='ocrx_word' id='word_1_77' title='bbox 1207 904 1458 964; x_wconf 82' lang='lat' dir='ltr'><strong>murices</strong></span> <span class='ocrx_word' id='word_1_78' title='bbox 1480 912 1543 963; x_wconf 91' lang='lat' dir='ltr'><strong>et</strong></span> <span class='ocrx_word' id='word_1_79' title='bbox 1565 904 1920 965; x_wconf 71' lang='lat' dir='ltr'><strong>concharum</strong></span> <span class='ocrx_word' id='word_1_80' title='bbox 1934 922 2186 981; x_wconf 68' lang='lat' dir='ltr'><strong>genes-a,</strong></span> 
     </span>
     <span class='ocr_line' id='line_1_11' title="bbox 164 987 2239 1067; baseline -0 -20"><span class='ocrx_word' id='word_1_81' title='bbox 164 991 221 1047; x_wconf 92' lang='lat' dir='ltr'><strong>in</strong></span> <span class='ocrx_word' id='word_1_82' title='bbox 252 988 460 1067; x_wconf 87' lang='lat' dir='ltr'><strong>quibus</strong></span> <span class='ocrx_word' id='word_1_83' title='bbox 493 1005 701 1065; x_wconf 86' lang='lat' dir='ltr'><strong>magna</strong></span> <span class='ocrx_word' id='word_1_84' title='bbox 735 988 984 1049; x_wconf 87' lang='lat' dir='ltr'><strong>ludentis</strong></span> <span class='ocrx_word' id='word_1_85' title='bbox 1011 997 1252 1048; x_wconf 76' lang='lat' dir='ltr'><strong>naturae</strong></span> <span class='ocrx_word' id='word_1_86' title='bbox 1282 987 1556 1047; x_wconf 86' lang='lat' dir='ltr'><strong>varietas.</strong></span> <span class='ocrx_word' id='word_1_87' title='bbox 1630 996 1717 1047; x_wconf 85' lang='lat' dir='ltr'><strong>tot</strong></span> <span class='ocrx_word' id='word_1_88' title='bbox 1761 989 2033 1048; x_wconf 83' lang='lat' dir='ltr'><strong>colorum</strong></span> <span class='ocrx_word' id='word_1_89' title='bbox 2078 987 2239 1048; x_wconf 69' lang='lat' dir='ltr'><strong>dit-10</strong></span> 
     </span>
     <span class='ocr_line' id='line_1_12' title="bbox 165 1071 2187 1151; baseline 0 -18"><span class='ocrx_word' id='word_1_90' title='bbox 165 1073 470 1147; x_wconf 73' lang='lat' dir='ltr'><strong>terentiae,</strong></span> <span class='ocrx_word' id='word_1_91' title='bbox 506 1081 594 1131; x_wconf 90' lang='lat' dir='ltr'><strong>tot</strong></span> <span class='ocrx_word' id='word_1_92' title='bbox 620 1073 843 1148; x_wconf 83' lang='lat' dir='ltr'><strong>figurae</strong></span> <span class='ocrx_word' id='word_1_93' title='bbox 869 1073 1059 1151; x_wconf 86' lang='lat' dir='ltr'><strong>planis</strong></span> <span class='ocrx_word' id='word_1_94' title='bbox 1078 1117 1096 1147; x_wconf 87' lang='lat'><strong>,</strong></span> <span class='ocrx_word' id='word_1_95' title='bbox 1124 1072 1438 1147; x_wconf 77' lang='lat' dir='ltr'><strong>concavis,</strong></span> <span class='ocrx_word' id='word_1_96' title='bbox 1472 1072 1700 1148; x_wconf 84' lang='lat' dir='ltr'><strong>longis,</strong></span> <span class='ocrx_word' id='word_1_97' title='bbox 1732 1071 1972 1147; x_wconf 72' lang='lat' dir='ltr'><strong>lunatis,</strong></span> <span class='ocrx_word' id='word_1_98' title='bbox 2005 1075 2063 1131; x_wconf 89' lang='lat' dir='ltr'><strong>in</strong></span> <span class='ocrx_word' id='word_1_99' title='bbox 2092 1089 2187 1134; x_wconf 77' lang='lat' dir='ltr'><strong>or·</strong></span> 
     </span>
     <span class='ocr_line' id='line_1_13' title="bbox 166 1155 2269 1232; baseline -0 -16"><span class='ocrx_word' id='word_1_100' title='bbox 166 1156 299 1229; x_wconf 78' lang='lat' dir='ltr'><strong>bem</strong></span> <span class='ocrx_word' id='word_1_101' title='bbox 328 1156 716 1232; x_wconf 90' lang='lat' dir='ltr'><strong>circumactis,</strong></span> <span class='ocrx_word' id='word_1_102' title='bbox 746 1156 977 1217; x_wconf 89' lang='lat' dir='ltr'><strong>dimidio</strong></span> <span class='ocrx_word' id='word_1_103' title='bbox 1008 1155 1155 1216; x_wconf 88' lang='lat' dir='ltr'><strong>orbe</strong></span> <span class='ocrx_word' id='word_1_104' title='bbox 1187 1155 1416 1230; x_wconf 78' lang='lat' dir='ltr'><strong>caesis,</strong></span> <span class='ocrx_word' id='word_1_105' title='bbox 1447 1157 1506 1214; x_wconf 88' lang='lat' dir='ltr'><strong>in</strong></span> <span class='ocrx_word' id='word_1_106' title='bbox 1533 1156 1771 1216; x_wconf 87' lang='lat' dir='ltr'><strong>dorsum</strong></span> <span class='ocrx_word' id='word_1_107' title='bbox 1802 1155 2012 1232; x_wconf 86' lang='lat' dir='ltr'><strong>elatis,</strong></span> <span class='ocrx_word' id='word_1_108' title='bbox 2045 1157 2181 1217; x_wconf 71' lang='lat' dir='ltr'><strong>levi·</strong></span> <span class='ocrx_word' id='word_1_109' title='bbox 2268 1193 2269 1228; x_wconf 48' lang='lat'>1</span> 
     </span>
     <span class='ocr_line' id='line_1_14' title="bbox 165 1239 2269 1317; baseline 0 -17"><span class='ocrx_word' id='word_1_110' title='bbox 165 1240 296 1315; x_wconf 89' lang='lat' dir='ltr'><strong>bus,</strong></span> <span class='ocrx_word' id='word_1_111' title='bbox 328 1241 583 1317; x_wconf 87' lang='lat' dir='ltr'><strong>rugatis,</strong></span> <span class='ocrx_word' id='word_1_112' title='bbox 617 1239 1015 1315; x_wconf 83' lang='lat' dir='ltr'><strong>denticulatis,</strong></span> <span class='ocrx_word' id='word_1_113' title='bbox 1054 1241 1294 1314; x_wconf 88' lang='lat' dir='ltr'><strong>striatis,</strong></span> <span class='ocrx_word' id='word_1_114' title='bbox 1338 1241 1562 1308; x_wconf 72' lang='lat' dir='ltr'><strong>vertice</strong></span> <span class='ocrx_word' id='word_1_115' title='bbox 1590 1240 1916 1302; x_wconf 81' lang='lat' dir='ltr'><strong>muricatim</strong></span> <span class='ocrx_word' id='word_1_116' title='bbox 1946 1242 2181 1313; x_wconf 71' lang='lat' dir='ltr'><strong>intorto,</strong></span> <span class='ocrx_word' id='word_1_117' title='bbox 2268 1239 2269 1316; x_wconf 60' lang='grc' dir='ltr'>ζ</span> 
     </span>
    </p>

    <p class='ocr_par' dir='ltr' id='par_1_6' title="bbox 127 1323 2179 1402">
     <span class='ocr_line' id='line_1_15' title="bbox 127 1323 2179 1402; baseline 0 -18"><span class='ocrx_word' id='word_1_118' title='bbox 127 1351 134 1358; x_wconf 63' lang='grc'>’</span> <span class='ocrx_word' id='word_1_119' title='bbox 165 1324 423 1402; x_wconf 77' lang='lat' dir='ltr'><strong>margine</strong></span> <span class='ocrx_word' id='word_1_120' title='bbox 465 1326 525 1385; x_wconf 89' lang='lat' dir='ltr'><strong>in</strong></span> <span class='ocrx_word' id='word_1_121' title='bbox 558 1341 892 1385; x_wconf 89' lang='lat' dir='ltr'><strong>mucronem</strong></span> <span class='ocrx_word' id='word_1_122' title='bbox 926 1326 1175 1399; x_wconf 86' lang='lat' dir='ltr'><strong>emisso,</strong></span> <span class='ocrx_word' id='word_1_123' title='bbox 1226 1323 1371 1383; x_wconf 86' lang='lat' dir='ltr'><strong>foris</strong></span> <span class='ocrx_word' id='word_1_124' title='bbox 1409 1324 1630 1399; x_wconf 83' lang='lat' dir='ltr'><strong>effuso,</strong></span> <span class='ocrx_word' id='word_1_125' title='bbox 1673 1324 1827 1383; x_wconf 74' lang='lat' dir='ltr'><strong>intus</strong></span> <span class='ocrx_word' id='word_1_126' title='bbox 1870 1325 2179 1402; x_wconf 82' lang='lat' dir='ltr'><strong>replicato,</strong></span> 
     </span>
    </p>

    <p class='ocr_par' dir='ltr' id='par_1_7' title="bbox 84 1406 2255 2075">
     <span class='ocr_line' id='line_1_16' title="bbox 84 1406 2235 1486; baseline -0.003 -13"><span class='ocrx_word' id='word_1_127' title='bbox 84 1419 187 1473; x_wconf 79' lang='lat'><strong>103</strong></span> <span class='ocrx_word' id='word_1_128' title='bbox 205 1411 315 1468; x_wconf 89' lang='lat' dir='ltr'><strong>iam</strong></span> <span class='ocrx_word' id='word_1_129' title='bbox 342 1407 708 1468; x_wconf 76' lang='lat' dir='ltr'><strong>distinctione</strong></span> <span class='ocrx_word' id='word_1_130' title='bbox 743 1409 1054 1486; x_wconf 80' lang='lat' dir='ltr'><strong>virgulata,</strong></span> <span class='ocrx_word' id='word_1_131' title='bbox 1091 1409 1314 1483; x_wconf 88' lang='lat' dir='ltr'><strong>crinita,</strong></span> <span class='ocrx_word' id='word_1_132' title='bbox 1359 1409 1553 1485; x_wconf 88' lang='lat' dir='ltr'><strong>crispa</strong></span> <span class='ocrx_word' id='word_1_133' title='bbox 1578 1406 1972 1484; x_wconf 72' lang='lat' dir='ltr'><strong>cuniculatim,</strong></span> <span class='ocrx_word' id='word_1_134' title='bbox 2002 1409 2176 1486; x_wconf 80' lang='lat' dir='ltr'><strong>pecti-</strong></span> <span class='ocrx_word' id='word_1_135' title='bbox 2196 1425 2235 1466; x_wconf 79' lang='lat' dir='ltr'><strong>u</strong></span> 
     </span>
     <span class='ocr_line' id='line_1_17' title="bbox 165 1490 2178 1569; baseline -0 -18"><span class='ocrx_word' id='word_1_136' title='bbox 165 1494 335 1553; x_wconf 88' lang='lat' dir='ltr'><strong>natim</strong></span> <span class='ocrx_word' id='word_1_137' title='bbox 378 1493 593 1569; x_wconf 88' lang='lat' dir='ltr'><strong>divisa,</strong></span> <span class='ocrx_word' id='word_1_138' title='bbox 650 1492 989 1553; x_wconf 83' lang='lat' dir='ltr'><strong>imbricatim</strong></span> <span class='ocrx_word' id='word_1_139' title='bbox 1017 1492 1262 1567; x_wconf 83' lang='lat' dir='ltr'><strong>nudata,</strong></span> <span class='ocrx_word' id='word_1_140' title='bbox 1313 1490 1680 1551; x_wconf 83' lang='lat' dir='ltr'><strong>cancellatim</strong></span> <span class='ocrx_word' id='word_1_141' title='bbox 1729 1492 2075 1566; x_wconf 85' lang='lat' dir='ltr'><strong>reticulata,</strong></span> <span class='ocrx_word' id='word_1_142' title='bbox 2128 1493 2178 1550; x_wconf 76' lang='lat' dir='ltr'><strong>ia</strong></span> 
     </span>
     <span class='ocr_line' id='line_1_18' title="bbox 167 1575 2179 1655; baseline -0.001 -19"><span class='ocrx_word' id='word_1_143' title='bbox 167 1575 486 1655; x_wconf 77' lang='lat' dir='ltr'><strong>obliquum,</strong></span> <span class='ocrx_word' id='word_1_144' title='bbox 510 1577 569 1636; x_wconf 91' lang='lat' dir='ltr'><strong>in</strong></span> <span class='ocrx_word' id='word_1_145' title='bbox 589 1586 814 1636; x_wconf 87' lang='lat' dir='ltr'><strong>rectum</strong></span> <span class='ocrx_word' id='word_1_146' title='bbox 835 1594 1115 1655; x_wconf 84' lang='lat' dir='ltr'><strong>expansa,</strong></span> <span class='ocrx_word' id='word_1_147' title='bbox 1143 1576 1407 1652; x_wconf 85' lang='lat' dir='ltr'><strong>densata,</strong></span> <span class='ocrx_word' id='word_1_148' title='bbox 1430 1583 1725 1653; x_wconf 81' lang='lat' dir='ltr'><strong>porrecta,</strong></span> <span class='ocrx_word' id='word_1_149' title='bbox 1746 1576 2000 1651; x_wconf 86' lang='lat' dir='ltr'><strong>sinuata,</strong></span> <span class='ocrx_word' id='word_1_150' title='bbox 2018 1575 2179 1635; x_wconf 66' lang='lat' dir='ltr'><strong>brevi</strong></span> 
     </span>
     <span class='ocr_line' id='line_1_19' title="bbox 165 1658 2177 1738; baseline 0 -18"><span class='ocrx_word' id='word_1_151' title='bbox 165 1661 321 1721; x_wconf 87' lang='lat' dir='ltr'><strong>nodo</strong></span> <span class='ocrx_word' id='word_1_152' title='bbox 349 1661 543 1737; x_wconf 87' lang='lat' dir='ltr'><strong>ligatis</strong></span> <span class='ocrx_word' id='word_1_153' title='bbox 562 1704 580 1735; x_wconf 91' lang='lat'><strong>,</strong></span> <span class='ocrx_word' id='word_1_154' title='bbox 613 1669 737 1720; x_wconf 84' lang='lat' dir='ltr'><strong>toto</strong></span> <span class='ocrx_word' id='word_1_155' title='bbox 770 1661 955 1721; x_wconf 87' lang='lat' dir='ltr'><strong>latere</strong></span> <span class='ocrx_word' id='word_1_156' title='bbox 993 1662 1270 1734; x_wconf 80' lang='lat' dir='ltr'><strong>conexis,</strong></span> <span class='ocrx_word' id='word_1_157' title='bbox 1301 1658 1372 1720; x_wconf 86' lang='lat' dir='ltr'><strong>ad</strong></span> <span class='ocrx_word' id='word_1_158' title='bbox 1405 1659 1667 1738; x_wconf 81' lang='lat' dir='ltr'><strong>plausum</strong></span> <span class='ocrx_word' id='word_1_159' title='bbox 1696 1661 1947 1737; x_wconf 87' lang='lat' dir='ltr'><strong>apertis,</strong></span> <span class='ocrx_word' id='word_1_160' title='bbox 1982 1660 2059 1720; x_wconf 84' lang='lat' dir='ltr'><strong>ad</strong></span> <span class='ocrx_word' id='word_1_161' title='bbox 2078 1659 2177 1720; x_wconf 78' lang='lat' dir='ltr'><strong>bu·</strong></span> 
     </span>
     <span class='ocr_line' id='line_1_20' title="bbox 167 1742 2177 1822; baseline -0 -19"><span class='ocrx_word' id='word_1_162' title='bbox 167 1746 355 1804; x_wconf 90' lang='lat' dir='ltr'><strong>cinum</strong></span> <span class='ocrx_word' id='word_1_163' title='bbox 406 1745 688 1803; x_wconf 86' lang='lat' dir='ltr'><strong>recurvis.</strong></span> <span class='ocrx_word' id='word_1_164' title='bbox 762 1745 1032 1822; x_wconf 74' lang='lat' dir='ltr'><strong>navigant</strong></span> <span class='ocrx_word' id='word_1_165' title='bbox 1083 1763 1160 1804; x_wconf 85' lang='lat' dir='ltr'><strong>ex</strong></span> <span class='ocrx_word' id='word_1_166' title='bbox 1202 1744 1292 1804; x_wconf 84' lang='lat' dir='ltr'><strong>his</strong></span> <span class='ocrx_word' id='word_1_167' title='bbox 1331 1743 1654 1818; x_wconf 76' lang='lat' dir='ltr'><strong>Veneriae,</strong></span> <span class='ocrx_word' id='word_1_168' title='bbox 1707 1742 2177 1822; x_wconf 77' lang='lat' dir='ltr'><strong>praebentesque</strong></span> 
     </span>
     <span class='ocr_line' id='line_1_21' title="bbox 167 1829 2255 1908; baseline 0 -20"><span class='ocrx_word' id='word_1_169' title='bbox 167 1844 482 1889; x_wconf 86' lang='lat' dir='ltr'><strong>concavam</strong></span> <span class='ocrx_word' id='word_1_170' title='bbox 514 1829 603 1887; x_wconf 89' lang='lat' dir='ltr'><strong>sui</strong></span> <span class='ocrx_word' id='word_1_171' title='bbox 632 1838 856 1908; x_wconf 87' lang='lat' dir='ltr'><strong>partem</strong></span> <span class='ocrx_word' id='word_1_172' title='bbox 887 1839 946 1889; x_wconf 86' lang='lat' dir='ltr'><strong>et</strong></span> <span class='ocrx_word' id='word_1_173' title='bbox 969 1848 1152 1891; x_wconf 87' lang='lat' dir='ltr'><strong>aurae</strong></span> <span class='ocrx_word' id='word_1_174' title='bbox 1177 1838 1549 1908; x_wconf 87' lang='lat' dir='ltr'><strong>opponentes</strong></span> <span class='ocrx_word' id='word_1_175' title='bbox 1573 1845 1684 1906; x_wconf 84' lang='lat' dir='ltr'><strong>per</strong></span> <span class='ocrx_word' id='word_1_176' title='bbox 1714 1846 1938 1893; x_wconf 81' lang='lat' dir='ltr'><strong>summa</strong></span> <span class='ocrx_word' id='word_1_177' title='bbox 1966 1844 2175 1907; x_wconf 86' lang='lat' dir='ltr'><strong>aequo·</strong></span> <span class='ocrx_word' id='word_1_178' title='bbox 2188 1833 2255 1877; x_wconf 54' lang='lat'><strong>²&amp;-</strong></span> 
     </span>
     <span class='ocr_line' id='line_1_22' title="bbox 165 1912 2176 1993; baseline 0 -22"><span class='ocrx_word' id='word_1_179' title='bbox 165 1931 291 1972; x_wconf 91' lang='lat' dir='ltr'><strong>rum</strong></span> <span class='ocrx_word' id='word_1_180' title='bbox 325 1912 637 1972; x_wconf 83' lang='lat' dir='ltr'><strong>velificant.</strong></span> <span class='ocrx_word' id='word_1_181' title='bbox 705 1914 915 1974; x_wconf 85' lang='lat' dir='ltr'><strong>saliunt</strong></span> <span class='ocrx_word' id='word_1_182' title='bbox 966 1916 1232 1993; x_wconf 71' lang='lat' dir='ltr'><strong>pectines</strong></span> <span class='ocrx_word' id='word_1_183' title='bbox 1275 1922 1336 1973; x_wconf 91' lang='lat' dir='ltr'><strong>et</strong></span> <span class='ocrx_word' id='word_1_184' title='bbox 1376 1921 1548 1972; x_wconf 86' lang='lat' dir='ltr'><strong>extra</strong></span> <span class='ocrx_word' id='word_1_185' title='bbox 1579 1912 1861 1989; x_wconf 70' lang='lat' dir='ltr'><strong>volitant„</strong></span> <span class='ocrx_word' id='word_1_186' title='bbox 1906 1930 2094 1991; x_wconf 79' lang='lat' dir='ltr'><strong>seque</strong></span> <span class='ocrx_word' id='word_1_187' title='bbox 2123 1920 2176 1971; x_wconf 87' lang='lat' dir='ltr'><strong>et</strong></span> 
     </span>
     <span class='ocr_line' id='line_1_23' title="bbox 167 1996 1905 2075; baseline -0.001 -20"><span class='ocrx_word' id='word_1_188' title='bbox 167 1996 280 2075; x_wconf 84' lang='lat' dir='ltr'><strong>ipsi</strong></span> <span class='ocrx_word' id='word_1_189' title='bbox 313 1997 590 2056; x_wconf 89' lang='lat' dir='ltr'><strong>carinant.</strong></span> <span class='ocrx_word' id='word_1_190' title='bbox 1898 2038 1905 2045; x_wconf 85' lang='lat'><strong>.</strong></span> 
     </span>
    </p>

    <p class='ocr_par' dir='ltr' id='par_1_8' title="bbox 83 2080 2224 2497">
     <span class='ocr_line' id='line_1_24' title="bbox 83 2080 2175 2160; baseline -0.001 -17"><span class='ocrx_word' id='word_1_191' title='bbox 83 2090 191 2143; x_wconf 83' lang='lat'><strong>104</strong></span> <span class='ocrx_word' id='word_1_192' title='bbox 315 2080 415 2141; x_wconf 88' lang='lat'><strong>34.</strong></span> <span class='ocrx_word' id='word_1_193' title='bbox 479 2081 648 2160; x_wconf 83' lang='lat'><strong>(53.)</strong></span> <span class='ocrx_word' id='word_1_194' title='bbox 714 2081 835 2142; x_wconf 89' lang='lat' dir='ltr'><strong>Sed</strong></span> <span class='ocrx_word' id='word_1_195' title='bbox 866 2082 1005 2160; x_wconf 90' lang='lat' dir='ltr'><strong>quid</strong></span> <span class='ocrx_word' id='word_1_196' title='bbox 1051 2081 1202 2142; x_wconf 84' lang='lat' dir='ltr'><strong>haec</strong></span> <span class='ocrx_word' id='word_1_197' title='bbox 1240 2090 1355 2142; x_wconf 88' lang='lat' dir='ltr'><strong>tam</strong></span> <span class='ocrx_word' id='word_1_198' title='bbox 1387 2098 1567 2159; x_wconf 85' lang='lat' dir='ltr'><strong>parva</strong></span> <span class='ocrx_word' id='word_1_199' title='bbox 1596 2097 2014 2156; x_wconf 84' lang='lat' dir='ltr'><strong>conmemoro,</strong></span> <span class='ocrx_word' id='word_1_200' title='bbox 2061 2097 2175 2140; x_wconf 72' lang='lat' dir='ltr'><strong>cun</strong></span> 
     </span>
     <span class='ocr_line' id='line_1_25' title="bbox 166 2164 2177 2245; baseline -0.001 -20"><span class='ocrx_word' id='word_1_201' title='bbox 166 2164 466 2244; x_wconf 87' lang='lat' dir='ltr'><strong>populatio</strong></span> <span class='ocrx_word' id='word_1_202' title='bbox 530 2182 753 2224; x_wconf 87' lang='lat' dir='ltr'><strong>morum</strong></span> <span class='ocrx_word' id='word_1_203' title='bbox 795 2175 971 2245; x_wconf 87' lang='lat' dir='ltr'><strong>atque</strong></span> <span class='ocrx_word' id='word_1_204' title='bbox 1013 2165 1243 2225; x_wconf 84' lang='lat' dir='ltr'><strong>luxuria</strong></span> <span class='ocrx_word' id='word_1_205' title='bbox 1282 2182 1398 2225; x_wconf 87' lang='lat' dir='ltr'><strong>non</strong></span> <span class='ocrx_word' id='word_1_206' title='bbox 1441 2164 1667 2225; x_wconf 83' lang='lat' dir='ltr'><strong>aliunde</strong></span> <span class='ocrx_word' id='word_1_207' title='bbox 1708 2166 1900 2242; x_wconf 79' lang='lat' dir='ltr'><strong>maior</strong></span> <span class='ocrx_word' id='word_1_208' title='bbox 1941 2182 2109 2243; x_wconf 78' lang='lat' dir='ltr'><strong>quam</strong></span> <span class='ocrx_word' id='word_1_209' title='bbox 2142 2181 2177 2223; x_wconf 79' lang='lat' dir='ltr'><strong>c</strong></span> 
     </span>
     <span class='ocr_line' id='line_1_26' title="bbox 170 2247 2224 2328; baseline 0.002 -20"><span class='ocrx_word' id='word_1_210' title='bbox 170 2248 520 2309; x_wconf 83' lang='lat' dir='ltr'><strong>concharum</strong></span> <span class='ocrx_word' id='word_1_211' title='bbox 549 2268 774 2328; x_wconf 87' lang='lat' dir='ltr'><strong>genere</strong></span> <span class='ocrx_word' id='word_1_212' title='bbox 805 2247 1154 2328; x_wconf 83' lang='lat' dir='ltr'><strong>proveniat?</strong></span> <span class='ocrx_word' id='word_1_213' title='bbox 1184 2248 1305 2310; x_wconf 87' lang='lat' dir='ltr'><strong>Iam</strong></span> <span class='ocrx_word' id='word_1_214' title='bbox 1334 2248 1563 2327; x_wconf 84' lang='lat' dir='ltr'><strong>quidem</strong></span> <span class='ocrx_word' id='word_1_215' title='bbox 1595 2267 1671 2308; x_wconf 75' lang='lat' dir='ltr'><strong>ex</strong></span> <span class='ocrx_word' id='word_1_216' title='bbox 1703 2257 1829 2309; x_wconf 71' lang='lat' dir='ltr'><strong>tota</strong></span> <span class='ocrx_word' id='word_1_217' title='bbox 1859 2266 2055 2311; x_wconf 72' lang='lat' dir='ltr'><strong>rerum</strong></span> <span class='ocrx_word' id='word_1_218' title='bbox 2082 2254 2224 2313; x_wconf 50' lang='grc' dir='ltr'><strong>ινδ</strong></span> 
     </span>
     <span class='ocr_line' id='line_1_27' title="bbox 166 2332 2172 2407; baseline 0 -15"><span class='ocrx_word' id='word_1_219' title='bbox 166 2342 294 2393; x_wconf 90' lang='lat' dir='ltr'><strong>tura</strong></span> <span class='ocrx_word' id='word_1_220' title='bbox 324 2334 820 2393; x_wconf 85' lang='lat' dir='ltr'><strong>damnosissimum</strong></span> <span class='ocrx_word' id='word_1_221' title='bbox 860 2335 1051 2394; x_wconf 83' lang='lat' dir='ltr'><strong>ventri</strong></span> <span class='ocrx_word' id='word_1_222' title='bbox 1091 2351 1254 2393; x_wconf 78' lang='lat' dir='ltr'><strong>mare</strong></span> <span class='ocrx_word' id='word_1_223' title='bbox 1298 2343 1392 2393; x_wconf 80' lang='lat' dir='ltr'><strong>est</strong></span> <span class='ocrx_word' id='word_1_224' title='bbox 1429 2342 1517 2392; x_wconf 87' lang='lat' dir='ltr'><strong>tot</strong></span> <span class='ocrx_word' id='word_1_225' title='bbox 1560 2333 1778 2407; x_wconf 78' lang='lat' dir='ltr'><strong>modis,</strong></span> <span class='ocrx_word' id='word_1_226' title='bbox 1828 2341 1921 2393; x_wconf 88' lang='lat' dir='ltr'><strong>tot</strong></span> <span class='ocrx_word' id='word_1_227' title='bbox 1949 2332 2172 2406; x_wconf 81' lang='lat' dir='ltr'><strong>mensis,</strong></span> 
     </span>
     <span class='ocr_line' id='line_1_28' title="bbox 166 2416 2171 2497; baseline 0.001 -22"><span class='ocrx_word' id='word_1_228' title='bbox 166 2425 257 2476; x_wconf 87' lang='lat' dir='ltr'><strong>tot</strong></span> <span class='ocrx_word' id='word_1_229' title='bbox 293 2418 537 2495; x_wconf 82' lang='lat' dir='ltr'><strong>piscium</strong></span> <span class='ocrx_word' id='word_1_230' title='bbox 569 2416 911 2497; x_wconf 87' lang='lat' dir='ltr'><strong>saporibus,</strong></span> <span class='ocrx_word' id='word_1_231' title='bbox 944 2419 1073 2497; x_wconf 89' lang='lat' dir='ltr'><strong>quis</strong></span> <span class='ocrx_word' id='word_1_232' title='bbox 1116 2419 1305 2496; x_wconf 82' lang='lat' dir='ltr'><strong>pretia</strong></span> <span class='ocrx_word' id='word_1_233' title='bbox 1338 2418 1684 2495; x_wconf 77' lang='lat' dir='ltr'><strong>capientium</strong></span> <span class='ocrx_word' id='word_1_234' title='bbox 1713 2416 1987 2494; x_wconf 85' lang='lat' dir='ltr'><strong>periculo</strong></span> <span class='ocrx_word' id='word_1_235' title='bbox 2029 2416 2171 2477; x_wconf 76' lang='lat' dir='ltr'><strong>flunt.</strong></span> 
     </span>
    </p>

    <p class='ocr_par' dir='ltr' id='par_1_9' title="bbox 85 2499 2267 3247">
     <span class='ocr_line' id='line_1_29' title="bbox 85 2499 2267 2581; baseline -0.002 -16"><span class='ocrx_word' id='word_1_236' title='bbox 85 2511 188 2565; x_wconf 83' lang='lat'><strong>105</strong></span> <span class='ocrx_word' id='word_1_237' title='bbox 211 2500 314 2561; x_wconf 87' lang='lat'><strong>35.</strong></span> <span class='ocrx_word' id='word_1_238' title='bbox 359 2501 466 2561; x_wconf 87' lang='lat' dir='ltr'><strong>sed</strong></span> <span class='ocrx_word' id='word_1_239' title='bbox 497 2511 675 2580; x_wconf 88' lang='lat' dir='ltr'><strong>quota</strong></span> <span class='ocrx_word' id='word_1_240' title='bbox 717 2502 1088 2581; x_wconf 80' lang='lat' dir='ltr'><strong>haecportio</strong></span> <span class='ocrx_word' id='word_1_241' title='bbox 1118 2511 1211 2562; x_wconf 85' lang='lat' dir='ltr'><strong>est</strong></span> <span class='ocrx_word' id='word_1_242' title='bbox 1237 2499 1639 2579; x_wconf 82' lang='lat' dir='ltr'><strong>reputantibus</strong></span> <span class='ocrx_word' id='word_1_243' title='bbox 1680 2518 2007 2578; x_wconf 82' lang='lat' dir='ltr'><strong>purpuras,</strong></span> <span class='ocrx_word' id='word_1_244' title='bbox 2046 2516 2171 2561; x_wconf 74' lang='lat' dir='ltr'><strong>con·</strong></span> <span class='ocrx_word' id='word_1_245' title='bbox 2266 2574 2267 2579; x_wconf 8' lang='grc' dir='ltr'>γ</span> 
     </span>
     <span class='ocr_line' id='line_1_30' title="bbox 170 2583 2267 2665; baseline 0.001 -20"><span class='ocrx_word' id='word_1_246' title='bbox 170 2584 383 2661; x_wconf 75' lang='lat' dir='ltr'><strong>chylia,</strong></span> <span class='ocrx_word' id='word_1_247' title='bbox 407 2583 792 2663; x_wconf 83' lang='lat' dir='ltr'><strong>margaritas?</strong></span> <span class='ocrx_word' id='word_1_248' title='bbox 815 2605 1018 2665; x_wconf 86' lang='lat' dir='ltr'><strong>parum</strong></span> <span class='ocrx_word' id='word_1_249' title='bbox 1041 2586 1275 2646; x_wconf 89' lang='lat' dir='ltr'><strong>scilicet</strong></span> <span class='ocrx_word' id='word_1_250' title='bbox 1301 2585 1491 2647; x_wconf 82' lang='lat' dir='ltr'><strong>fuerat</strong></span> <span class='ocrx_word' id='word_1_251' title='bbox 1514 2586 1572 2645; x_wconf 90' lang='lat' dir='ltr'><strong>in</strong></span> <span class='ocrx_word' id='word_1_252' title='bbox 1588 2584 1761 2661; x_wconf 84' lang='lat' dir='ltr'><strong>gulas</strong></span> <span class='ocrx_word' id='word_1_253' title='bbox 1784 2584 1965 2645; x_wconf 87' lang='lat' dir='ltr'><strong>condi</strong></span> <span class='ocrx_word' id='word_1_254' title='bbox 1982 2585 2170 2656; x_wconf 71' lang='lat' dir='ltr'><strong>maria.</strong></span> <span class='ocrx_word' id='word_1_255' title='bbox 2266 2612 2267 2621; x_wconf 48' lang='lat'>¹</span> 
     </span>
     <span class='ocr_line' id='line_1_31' title="bbox 166 2668 2257 2748; baseline 0.001 -19"><span class='ocrx_word' id='word_1_256' title='bbox 166 2671 287 2729; x_wconf 79' lang='lat' dir='ltr'><strong>nisi&#39;</strong></span> <span class='ocrx_word' id='word_1_257' title='bbox 302 2668 586 2746; x_wconf 89' lang='lat' dir='ltr'><strong>manibus,</strong></span> <span class='ocrx_word' id='word_1_258' title='bbox 618 2669 876 2748; x_wconf 88' lang='lat' dir='ltr'><strong>auribus,</strong></span> <span class='ocrx_word' id='word_1_259' title='bbox 909 2672 1102 2748; x_wconf 86' lang='lat' dir='ltr'><strong>capite</strong></span> <span class='ocrx_word' id='word_1_260' title='bbox 1131 2678 1379 2747; x_wconf 85' lang='lat' dir='ltr'><strong>totoque</strong></span> <span class='ocrx_word' id='word_1_261' title='bbox 1409 2685 1659 2747; x_wconf 87' lang='lat' dir='ltr'><strong>corpore</strong></span> <span class='ocrx_word' id='word_1_262' title='bbox 1696 2687 1729 2728; x_wconf 90' lang='lat' dir='ltr'><strong>a</strong></span> <span class='ocrx_word' id='word_1_263' title='bbox 1760 2668 1996 2731; x_wconf 68' lang='lat' dir='ltr'><strong>reninis</strong></span> <span class='ocrx_word' id='word_1_264' title='bbox 2024 2670 2257 2731; x_wconf 60' lang='lat' dir='ltr'><strong>innuo</strong></span> 
     </span>
     <span class='ocr_line' id='line_1_32' title="bbox 167 2750 2176 2833; baseline 0 -20"><span class='ocrx_word' id='word_1_265' title='bbox 167 2754 425 2833; x_wconf 87' lang='lat' dir='ltr'><strong>virisque</strong></span> <span class='ocrx_word' id='word_1_266' title='bbox 466 2763 855 2831; x_wconf 84' lang='lat' dir='ltr'><strong>gestarentur.</strong></span> <span class='ocrx_word' id='word_1_267' title='bbox 943 2754 1079 2833; x_wconf 88' lang='lat' dir='ltr'><strong>quid</strong></span> <span class='ocrx_word' id='word_1_268' title='bbox 1121 2755 1262 2814; x_wconf 84' lang='lat' dir='ltr'><strong>mari</strong></span> <span class='ocrx_word' id='word_1_269' title='bbox 1308 2771 1436 2813; x_wconf 88' lang='lat' dir='ltr'><strong>cum</strong></span> <span class='ocrx_word' id='word_1_270' title='bbox 1481 2752 1775 2826; x_wconf 84' lang='lat' dir='ltr'><strong>vestibus,</strong></span> <span class='ocrx_word' id='word_1_271' title='bbox 1830 2752 1973 2831; x_wconf 86' lang='lat' dir='ltr'><strong>quid</strong></span> <span class='ocrx_word' id='word_1_272' title='bbox 2020 2750 2176 2813; x_wconf 75' lang='lat' dir='ltr'><strong>andis</strong></span> 
     </span>
     <span class='ocr_line' id='line_1_33' title="bbox 173 2836 2175 2917; baseline -0.001 -20"><span class='ocrx_word' id='word_1_273' title='bbox 173 2837 564 2917; x_wconf 83' lang='lat' dir='ltr'><strong>fluctibusque</strong></span> <span class='ocrx_word' id='word_1_274' title='bbox 596 2855 723 2901; x_wconf 84' lang='lat' dir='ltr'><strong>cum</strong></span> <span class='ocrx_word' id='word_1_275' title='bbox 751 2837 1023 2899; x_wconf 82' lang='lat' dir='ltr'><strong>vellere?</strong></span> <span class='ocrx_word' id='word_1_276' title='bbox 1054 2855 1170 2897; x_wconf 91' lang='lat' dir='ltr'><strong>non</strong></span> <span class='ocrx_word' id='word_1_277' title='bbox 1204 2847 1367 2898; x_wconf 88' lang='lat' dir='ltr'><strong>recte</strong></span> <span class='ocrx_word' id='word_1_278' title='bbox 1398 2838 1609 2916; x_wconf 84' lang='lat' dir='ltr'><strong>recipit</strong></span> <span class='ocrx_word' id='word_1_279' title='bbox 1651 2836 1803 2897; x_wconf 82' lang='lat' dir='ltr'><strong>haec</strong></span> <span class='ocrx_word' id='word_1_280' title='bbox 1844 2853 1958 2896; x_wconf 90' lang='lat' dir='ltr'><strong>nos</strong></span> <span class='ocrx_word' id='word_1_281' title='bbox 1998 2851 2175 2903; x_wconf 69' lang='lat' dir='ltr'><strong>reru</strong></span> 
     </span>
     <span class='ocr_line' id='line_1_34' title="bbox 173 2920 2267 3000; baseline -0.003 -20"><span class='ocrx_word' id='word_1_282' title='bbox 173 2931 376 2983; x_wconf 87' lang='lat' dir='ltr'><strong>natura</strong></span> <span class='ocrx_word' id='word_1_283' title='bbox 414 2923 525 2982; x_wconf 90' lang='lat' dir='ltr'><strong>nisi</strong></span> <span class='ocrx_word' id='word_1_284' title='bbox 571 2922 776 2982; x_wconf 88' lang='lat' dir='ltr'><strong>nudos.</strong></span> <span class='ocrx_word' id='word_1_285' title='bbox 836 2932 1031 3000; x_wconf 75' lang='lat' dir='ltr'><strong>esto,</strong></span> <span class='ocrx_word' id='word_1_286' title='bbox 1082 2924 1158 2981; x_wconf 88' lang='lat' dir='ltr'><strong>sit</strong></span> <span class='ocrx_word' id='word_1_287' title='bbox 1201 2931 1357 2982; x_wconf 84' lang='lat' dir='ltr'><strong>tanta</strong></span> <span class='ocrx_word' id='word_1_288' title='bbox 1393 2922 1584 2983; x_wconf 78' lang='lat' dir='ltr'><strong>ventri</strong></span> <span class='ocrx_word' id='word_1_289' title='bbox 1614 2936 1746 2980; x_wconf 88' lang='lat' dir='ltr'><strong>cum</strong></span> <span class='ocrx_word' id='word_1_290' title='bbox 1775 2937 1852 2979; x_wconf 90' lang='lat' dir='ltr'><strong>eo</strong></span> <span class='ocrx_word' id='word_1_291' title='bbox 1897 2920 2172 2980; x_wconf 80' lang='lat' dir='ltr'><strong>societas!</strong></span> <span class='ocrx_word' id='word_1_292' title='bbox 2266 2922 2267 2931; x_wconf 77' lang='grc'>’</span> 
     </span>
     <span class='ocr_line' id='line_1_35' title="bbox 169 3003 2175 3085; baseline 0.002 -21"><span class='ocrx_word' id='word_1_293' title='bbox 169 3005 308 3082; x_wconf 87' lang='lat' dir='ltr'><strong>quid</strong></span> <span class='ocrx_word' id='word_1_294' title='bbox 340 3004 605 3083; x_wconf 81' lang='lat' dir='ltr'><strong>tergori?</strong></span> <span class='ocrx_word' id='word_1_295' title='bbox 646 3024 845 3085; x_wconf 88' lang='lat' dir='ltr'><strong>parum</strong></span> <span class='ocrx_word' id='word_1_296' title='bbox 874 3017 997 3083; x_wconf 86' lang='lat' dir='ltr'><strong>est,</strong></span> <span class='ocrx_word' id='word_1_297' title='bbox 1039 3007 1148 3065; x_wconf 83' lang='lat' dir='ltr'><strong>nisi</strong></span> <span class='ocrx_word' id='word_1_298' title='bbox 1193 3007 1291 3084; x_wconf 87' lang='lat' dir='ltr'><strong>qni</strong></span> <span class='ocrx_word' id='word_1_299' title='bbox 1330 3006 1622 3067; x_wconf 83' lang='lat' dir='ltr'><strong>vescimur</strong></span> <span class='ocrx_word' id='word_1_300' title='bbox 1676 3004 1962 3082; x_wconf 74' lang='lat' dir='ltr'><strong>periculis</strong></span> <span class='ocrx_word' id='word_1_301' title='bbox 2018 3003 2175 3069; x_wconf 59' lang='lat' dir='ltr'><strong>etin</strong></span> 
     </span>
     <span class='ocr_line' id='line_1_36' title="bbox 166 3086 2267 3169; baseline 0 -27"><span class='ocrx_word' id='word_1_302' title='bbox 166 3088 500 3148; x_wconf 84' lang='lat' dir='ltr'><strong>vestiamur.</strong></span> <span class='ocrx_word' id='word_1_303' title='bbox 572 3090 722 3150; x_wconf 92' lang='lat' dir='ltr'><strong>adeo</strong></span> <span class='ocrx_word' id='word_1_304' title='bbox 766 3109 874 3169; x_wconf 90' lang='lat' dir='ltr'><strong>per</strong></span> <span class='ocrx_word' id='word_1_305' title='bbox 914 3100 1095 3150; x_wconf 89' lang='lat' dir='ltr'><strong>totum</strong></span> <span class='ocrx_word' id='word_1_306' title='bbox 1135 3107 1356 3168; x_wconf 85' lang='lat' dir='ltr'><strong>cerpus</strong></span> <span class='ocrx_word' id='word_1_307' title='bbox 1398 3090 1584 3150; x_wconf 85' lang='lat' dir='ltr'><strong>anima</strong></span> <span class='ocrx_word' id='word_1_308' title='bbox 1623 3087 1878 3149; x_wconf 80' lang='lat' dir='ltr'><strong>bominis</strong></span> <span class='ocrx_word' id='word_1_309' title='bbox 1926 3086 2221 3166; x_wconf 69' lang='lat' dir='ltr'><strong>quaestus</strong></span> <span class='ocrx_word' id='word_1_310' title='bbox 2266 3164 2267 3169; x_wconf 8' lang='grc' dir='ltr'>ἵ</span> 
     </span>
     <span class='ocr_line' id='line_1_37' title="bbox 170 3172 2267 3247; baseline 0.004 -24"><span class='ocrx_word' id='word_1_311' title='bbox 170 3183 435 3230; x_wconf 81' lang='lat' dir='ltr'><strong>maxume</strong></span> <span class='ocrx_word' id='word_1_312' title='bbox 470 3172 725 3247; x_wconf 88' lang='lat' dir='ltr'><strong>placent.</strong></span> <span class='ocrx_word' id='word_1_313' title='bbox 2266 3180 2267 3185; x_wconf 77' lang='grc'>’</span> 
     </span>
    </p>

    <p class='ocr_par' dir='ltr' id='par_1_10' title="bbox 87 3248 2172 3405">
     <span class='ocr_line' id='line_1_38' title="bbox 87 3248 2171 3334; baseline 0.002 -23"><span class='ocrx_word' id='word_1_314' title='bbox 87 3255 194 3311; x_wconf 83' lang='grc'><strong>106</strong></span> <span class='ocrx_word' id='word_1_315' title='bbox 320 3249 486 3326; x_wconf 84' lang='grc'>(54.)</span> <span class='ocrx_word' id='word_1_316' title='bbox 530 3253 874 3334; x_wconf 84' lang='lat' dir='ltr'><strong>Principium</strong></span> <span class='ocrx_word' id='word_1_317' title='bbox 918 3273 1064 3333; x_wconf 90' lang='lat' dir='ltr'><strong>ergo</strong></span> <span class='ocrx_word' id='word_1_318' title='bbox 1096 3257 1483 3334; x_wconf 85' lang='lat' dir='ltr'><strong>columenque</strong></span> <span class='ocrx_word' id='word_1_319' title='bbox 1514 3256 1764 3319; x_wconf 80' lang='lat' dir='ltr'><strong>ommam</strong></span> <span class='ocrx_word' id='word_1_320' title='bbox 1807 3272 2005 3317; x_wconf 76' lang='lat' dir='ltr'><strong>rerum</strong></span> <span class='ocrx_word' id='word_1_321' title='bbox 2037 3248 2171 3332; x_wconf 69' lang='lat' dir='ltr'><strong>profi</strong></span> 
     </span>
     <span class='ocr_line' id='line_1_39' title="bbox 172 3332 2172 3405; baseline 0.008 -20"><span class='ocrx_word' id='word_1_322' title='bbox 172 3332 517 3405; x_wconf 81' lang='lat' dir='ltr'><strong>margaritae</strong></span> <span class='ocrx_word' id='word_1_323' title='bbox 547 3342 758 3397; x_wconf 85' lang='lat' dir='ltr'><strong>tenent.</strong></span> <span class='ocrx_word' id='word_1_324' title='bbox 819 3336 1054 3400; x_wconf 81' lang='lat' dir='ltr'><strong>Indicus</strong></span> <span class='ocrx_word' id='word_1_325' title='bbox 1082 3357 1349 3403; x_wconf 86' lang='lat' dir='ltr'><strong>maxume</strong></span> <span class='ocrx_word' id='word_1_326' title='bbox 1374 3340 1486 3403; x_wconf 82' lang='lat' dir='ltr'><strong>bas</strong></span> <span class='ocrx_word' id='word_1_327' title='bbox 1524 3340 1692 3401; x_wconf 82' lang='lat' dir='ltr'><strong>mittit</strong></span> <span class='ocrx_word' id='word_1_328' title='bbox 1735 3355 2011 3405; x_wconf 68' lang='lat' dir='ltr'><strong>oceanus</strong></span> <span class='ocrx_word' id='word_1_329' title='bbox 2038 3339 2172 3401; x_wconf 60' lang='lat' dir='ltr'><strong>inte</strong></span> 
     </span>
    </p>
   </div>
   <div class='ocr_carea' id='block_1_3' title="bbox 2263 2660 2270 3213">
    <p class='ocr_par' dir='ltr' id='par_1_11' title="bbox 2263 2660 2270 3213">
     <span class='ocr_line' id='line_1_40' title="bbox 2263 2660 2270 3213; baseline 0 0"><span class='ocrx_word' id='word_1_330' title='bbox 2263 2660 2270 3213; x_wconf 95' lang='lat' dir='ltr'><strong> </strong></span> 
     </span>
    </p>
   </div>
  </div>
 </body>
</html>
