2320 3650
685 121 844 208 Nfss'·
874 122 1054 170 ms‘r.
1093 124 1192 170 x1.
1225 118 1312 173 37.
1351 107 1652 194 (52—55.)
1752 119 1753 124 ’
2054 112 2172 177 183

141 287 267 337 tam
313 276 603 335 fecundus
646 286 705 336 et
746 286 1013 355 paratus,
1068 287 1165 339 aut
1204 277 1301 337 ubi
1346 280 1575 358 reliquo
1621 278 1931 359 tempore?
1985 283 2169 343 animo

142 367 349 421 autem
395 360 691 436 videmus,
740 362 927 421 animo
969 365 1275 423 cernimus.
1349 364 1506 423 oculi
1558 381 1666 424 ceu
1707 382 1847 425 vasa
1891 366 2173 444 quaedam

87 467 98 468 ’
141 444 453 505 visibilem
493 447 618 505 eius
649 455 872 524 partem
912 449 1202 527 accipiunt
1235 456 1408 526 atque
1439 449 1771 509 tramittunt.
1844 450 1931 508 sic
1969 467 2173 528 magua

141 530 441 606 cogitatio
468 529 755 590 obcaecat
786 529 1042 591 abducto
1081 532 1233 591 intus
1263 532 1409 591 visu.
1465 533 1633 593 sicin
1662 532 1869 592 morbo
1901 535 2172 594 comitiali

91 627 118 667 s
139 616 345 675 animo
372 613 664 690 caligante
689 615 876 692 aperti
898 615 1044 676 nihil·
1063 625 1323 676 cernunt.
1383 615 1535 690 Quin
1562 626 1625 677 et
1644 616 1973 695 patentibus
2005 618 2136 678 dor-
2155 627 2253 682 147

135 701 330 758 iniunt
361 697 602 776 lepores
632 698 912 777 multique
943 699 1252 776 hominum3
1289 717 1438 780 quos
1466 701 1929 781 ’κορυβαντιᾶν
1961 700 2169 761 Graeci

136 784 368 843 dicunt.
438 780 729 841 Tenuibus
760 783 1071 863 multisque
1093 784 1440 845 membranis
1471 802 1578 845 eos
1607 795 1807 845 natura
1842 787 2168 863 conposuit,

137 866 396 927 callosis
445 875 645 925 contra
688 866 908 944 frigora
963 867 1317 947 caloresque
1361 869 1421 928 in
1466 878 1698 929 extumo
1741 869 1981 944 tunicis,
2027 886 2170 948 quas

138 950 399 1011 subinde
440 950 703 1029 purificat
735 950 1187 1012 lacrimationum
1227 953 1459 1029 salivis,
1502 953 1769 1013 lubricos
1803 954 2166 1032 propterin-

67 1045 119 1090 ιο
139 1036 446 1096 cui-santia
477 1043 535 1094 et
565 1034 814 1097 mobilis.
2212 1057 2217 1064 ·

279 1119 454 1198 (55.)
513 1117 704 1179 Media
754 1135 956 1179 eorum
1007 1136 1227 1181 cornua
1275 1121 1618 1183 fenestravit
1666 1121 1916 1201 pupilla,
1972 1120 2135 1180 cuius
2151 1129 2251 1185 148

139 1204 457 1282 angustiae
508 1220 622 1261 non
667 1204 854 1263 sinunt
895 1205 1095 1281 vagari
1144 1207 1420 1266 incertam
1453 1208 1639 1265 aciem
1684 1219 1758 1266 'ac
1784 1206 1946 1265 velut
1983 1205 2166 1265 canali

137 1289 410 1366 dirigunt
437 1286 742 1366 obiterque
772 1288 1084 1349 incidentia
1113 1289 1290 1349 facile
1317 1290 1639 1363 declinant,
1673 1290 1802 1350 aliis
1825 1289 2005 1365 nigri,
2041 1289 2166 1349 aliis

138 1374 311 1447 ravi,
344 1370 473 1431 aliis
514 1372 709 1448 glauci
753 1372 970 1432 coloris
1007 1372 1248 1434 orbibus
1296 1373 1696 1448 circumdatis,
1728 1381 1789 1432 ut
1820 1371 1996 1432 habili
2024 1374 2163 1432 mix·

69 1472 119 1513 ιε»
140 1466 280 1517 tura
324 1463 389 1515 et
425 1457 744 1535 accipiatur
788 1457 1165 1518 circumiecto
1207 1458 1460 1518 candore
1490 1457 1596 1516 *lux
1626 1465 1686 1515 et
1716 1455 2042 1535 temperato
2072 1474 2164 1515 re·

139 1555 442 1621 percussu
475 1557 591 1600 non
633 1540 957 1618 obstrepat.
1024 1541 1293 1620 adeoque
1333 1542 1403 1600 iis
1436 1540 1703 1603 absoluta
1731 1544 1818 1599 vis
1851 1539 2079 1619 speculi
2106 1549 2166 1599 ut

138 1633 264 1684 tam
309 1641 491 1703 parva
538 1625 638 1684 illa
681 1624 905 1704 *pupilla
948 1635 1124 1685 totam
1167 1626 1473 1703 imaginem
1511 1625 1719 1685 reddat
1760 1624 2024 1690 hominis.
2097 1641 2165 1683 ea

141 1727 329 1769 causa
361 1715 451 1767 est
479 1717 540 1767 ut
570 1708 892 1788 pleraeque
921 1708 1116 1769 alitum
1145 1728 1180 1769 e
1210 1710 1470 1771 manibus
1492 1709 1786 1768 ¹hominum
1819 1708 2024 1767 oculos
2062 1724 2163 1786 po·

137 1796 429 1854 tissimum
462 1793 958 1873 adpetant2quod
993 1794 1249 1872 effigiem
1290 1811 1450 1856 suam
1478 1796 1535 1854 in
1563 1794 1634 1854 iis
1667 1800 1976 1854 cernentes
2007 1792 2166 1853 velat

69 1899 123 1940 20
141 1879 223 1940 ad
258 1886 508 1954 cognata
533 1879 824 1938 desideria
849 1894 952 1938 sua
976 1881 1235 1940 tendunt.
1297 1879 1575 1940 veterina
1606 1886 1835 1938 tantum
1850 1877 2130 1956 quaedam
2149 1885 2250 1939 149

141 1963 222 2024 ad
258 1969 557 2023 crementa
586 1962 757 2022 lunae
796 1962 1035 2022 morbos
1067 1966 1335 2023 sentiunt.
1408 1964 1514 2023 sed
1546 1964 1718 2023 homo
1757 1962 1919 2022 solus
1952 1962 2164 2021 emisso

141 2049 357 2107 umore
393 2049 679 2106 caecitate
721 2046 1020 2107 liberatur.
1083 2057 1218 2126 post
1249 2049 1599 2108 vicesimum.
1620 2058 1823 2107 annum
1850 2046 2041 2105 multis
2073 2059 2163 2103 re·

103 2133 108 2136 ’
143 2133 381 2192 stitutus
407 2139 498 2189 est
524 2133 704 2206 visus,
735 2129 1074 2209 quibusdam
1110 2134 1300 2192 statim
1322 2130 1691 2192 nascentibus
1721 2137 1966 2207 negatus
2007 2128 2165 2187 nullo

146 2215 458 2276 oculorum
509 2215 683 2290 vitio,
738 2213 932 2274 multis
982 2225 1228 2292 repente
1278 2215 1511 2276 ablatus
1569 2213 1738 2272 simili
1791 2212 1962 2271 modo
2008 2210 2163 2270 nulla

72 2300 554 2379 2⁵praecedente
585 2298 808 2359 iniuria.
866 2297 1063 2359 Venas
1093 2300 1166 2359 ab
1193 2301 1266 2358 iis
1296 2299 1593 2378 pertinere
1624 2298 1697 2356 ad
1729 2295 2032 2355 cerebrum
2062 2312 2162 2372 pe·

144 2382 410 2444 ritissimi
443 2390 716 2442 auctores
745 2383 993 2443 tradunt.
1060 2400 1176 2460 ego
1209 2391 1267 2442 et
1302 2383 1373 2442 ad
1405 2381 1761 2442 stomachum
1794 2379 2160 2439 crediderim.

145 2475 317 2528 certe
342 2465 484 2525 nulli
505 2467 633 2526 sine
653 2467 1073 2527 redundatione
1100 2468 1225 2527 eius
1244 2468 1462 2527 eruitur
1485 2465 1707 2525 oculus.
1756 2462 2135 2522 Morientibus
2147 2473 2251 2525 150

141 2552 288 2613 illos
321 2552 559 2630 operire
600 2569 920 2630 rursusque
951 2552 1006 2609 in
1051 2569 1199 2628 rogo
1232 2551 1574 2629 patefacere
1602 2547 1904 2621 Quiritium
1929 2548 2041 2605 ritu
2074 2563 2162 2605 sa-

146 2652 313 2707 crum
345 2642 468 2709 est,
522 2636 600 2694 ita
650 2653 812 2694 more
847 2635 1079 2695 condito
1120 2645 1183 2695 ut
1213 2652 1406 2714 neque
1439 2633 1511 2694 ab
1560 2633 1790 2692 homine
1836 2645 2163 2709 supremum

73 2739 126 2780 ao
146 2736 259 2781 eos
285 2719 545 2797 spectari
574 2718 663 2778 fas
689 2720 763 2778 sit
789 2728 846 2779 et
869 2720 1039 2778 caelo
1063 2736 1179 2779 non
1209 2719 1438 2779 ostendi
1461 2717 1646 2778 nefas.
1701 2715 1811 2775 Uni
1843 2713 2164 2773 animalium

142 2805 366 2867 homini
412 2802 834 2881 depravantur,
875 2803 1029 2863 unde
1079 2804 1424 2881 cognomina
1467 2800 1812 2861 Strabonum
1858 2806 1916 2856 et
1957 2796 2161 2856 Paeto-

143 2909 292 2952 rum.
351 2886 425 2946 ab
468 2886 673 2946 iisdem
714 2889 810 2966 qui
852 2886 1037 2947 altero
1081 2888 1292 2948 lumine
1325 2886 1454 2945 orbi
1494 2891 1873 2945 nascerentur
1902 2879 2164 2940 Coclites

143 2971 547 3044 vocabantur,
569 2973 698 3053 ‘lqui
750 2973 946 3050 parvis
998 2974 1260 3051 utrisque
1309 2970 1586 3044 (hellae,
1640 2965 1871 3027 Luscini
1922 2964 2163 3024 iniuriae
2280 3008 2281 3025 1

147 3058 483 3136 cognomen
511 3053 852 3115 habuerunt.
912 3054 1340 3115 Nocturnorum
1375 3053 1699 3121 animalium
1724 3048 1904 3108 veluti
1932 3048 2131 3108 felium
2147 3058 2243 3112 151

71 3145 206 3203 asin
242 3137 509 3202 tenebris
550 3137 774 3216 fulgent
809 3138 1156 3218 ‘radiantque
1207 3139 1502 3213 oculi‚1ut
1531 3134 1794 3196 contueri
1823 3150 1938 3192 nou
1969 3132 2074 3208 sit,
2107 3140 2166 3192 et

148 3242 369 3305 caprae
401 3223 659 3300 lupoque
691 3223 1001 3302 splendent
1033 3224 1341 3302 lucemque
1372 3223 1709 3282 iaculantur.
1773 3217 1933 3276 vituli
1966 3217 2166 3278 marini

150 3320 212 3371 et
244 3311 511 3385 hyaenae
535 3308 591 3365 in
617 3309 777 3370 mille
813 3308 1049 3368 colores
1080 3315 1378 3367 transeunt
1412 3302 1673 3366 subinde.
1739 3303 1874 3381 quin
1905 3308 1965 3360 et
1994 3302 2051 3360 in
2076 3309 2161 3360 tee

145 3394 352 3455 nebris
396 3389 700 3452 multorum
730 3391 974 3471 piscium
1012 3392 1307 3468 refulgent
1339 3391 1483 3450 aridi
1524 3390 1673 3450 sicut
1714 3385 1939 3445 robusti
1973 3383 2161 3444 caudi·
