2320 3650
172 75 292 139 202
814 89 874 139 c,
907 92 1100 140 rum
1137 91 1438 141 sirenum

170 262 203 302 a
250 244 597 319 Samosatis,
645 245 883 315 transitu
928 244 1239 322 Euphratis
1282 244 1499 305 nobile.
1576 263 1652 304 ex
1705 245 1951 306 adverso
2003 244 2158 326 Apa-

172 343 356 386 meam
398 326 712 401 Seleucus,
757 326 907 387 idem
956 329 1251 405 utriusque
1294 329 1594 406 conditor,
1659 337 1834 406 ponte
1878 330 2160 390 iunxerat.

85 417 156 474 87
175 407 284 481 Qui
318 409 633 469 cohaerent
669 409 1126 487 Mesopotamiae
1171 410 1378 470 Rhoali
1420 420 1721 471 vocantur.
1777 421 1854 471 2at
1892 414 1948 471 in
1992 413 2160 487 Syria

173 492 387 570 oppida
428 492 753 570 Europum,
808 492 1168 570 Thapsacum
1211 493 1525 571 quondam,
1577 512 1746 573 nunc]
1774 495 2160 573 Amphipolis.

168 572 411 635 Arabes
431 573 722 636 Scenitae.
787 574 873 635 Ita
903 576 1082 635 fertur
1111 593 1296 654 usque
1324 576 1496 636 Uram
1529 577 1752 652 locum,
1795 579 1852 637 in
1883 594 1996 655 quo
2021 593 2156 637 con·
2183 602 2206 641 5

170 675 375 717 versus
423 658 495 718 ad
538 660 815 718 orientem
855 659 1125 736 relinquit
1164 660 1369 733 Syriae
1408 659 1775 734 Palmyrenas
1821 661 2159 729 solitudines

171 758 320 818 quae
362 746 547 819 usque
591 742 664 801 ad
707 740 933 800 Petram
976 741 1179 801 urbem
1221 751 1290 802 et
1331 744 1632 820 regionem
1668 741 1925 804 Arabiae
1968 743 2159 805 felicis

169 823 503 902 appellatae
536 825 843 902 pertinent.
926 848 929 851 ·
1587 866 1592 870 -
2011 860 2018 871 .
2197 847 2206 851 ·

84 916 155 972 88
339 907 442 966 25.
509 907 771 982 Palmyra
817 904 956 966 urbs
998 905 1209 966 nobilis
1265 907 1409 983 situ,
1464 909 1673 969 divitiis
1721 908 1837 968 soli
1894 917 1952 969 et
1996 911 2159 988 aquis

171 991 458 1065 amoeniS,
501 998 666 1049 vasto
696 990 947 1068 undique
978 989 1189 1049 ambitu
1219 988 1449 1049 harenis
1480 991 1719 1051 includit
1754 1009 1928 1068 agros
1958 1005 2027 1053 ac
2055 1011 2227 1053 ve-io

169 1073 250 1133 lut
287 1073 458 1132 terris
502 1081 767 1151 exempta
809 1090 843 1132 a
884 1091 1077 1149 rerum
1119 1081 1352 1148 natura,
1401 1074 1624 1152 privata
1664 1083 1825 1135 sorte
1866 1077 2013 1135 inter
2039 1075 2155 1135 duo

167 1157 407 1234 imperia
450 1174 665 1215 summa
703 1156 1087 1218 Romanorum
1117 1156 1601 1236 Parthorumque,
1648 1166 1705 1217 et
1735 1159 1918 1234 prima
1947 1159 2003 1217 in
2041 1158 2158 1221 dis-

134 1312 147 1319 ·
170 1239 369 1298 cordia
408 1257 638 1317 semper
670 1241 953 1319 utrimque
989 1257 1157 1314 cura,
1200 1238 1369 1298 abest
1403 1241 1474 1301 ab
1495 1240 1782 1301 ⁴Seleucia
1820 1241 2159 1305 Parthorum

169 1339 317 1400 quae
346 1320 587 1382 vocatur
618 1324 690 1384 ad
721 1323 938 1400 Tigrim
972 1319 1396 1382 CCCXXXVII
1437 1322 1553 1383 mil.
1593 1341 1895 1402 passuum,
1945 1343 1977 1384 a
2021 1341 2155 1399 pro·

164 1406 318 1464 ximo
350 1424 493 1467 vero
525 1407 729 1483 Syriae
764 1407 934 1466 litore
967 1403 1147 1467 CCIII
1187 1405 1414 1465 milibus
1456 1415 1515 1468 et
1557 1423 1592 1467 a
1617 1407 1903 1468 Damasco
1934 1404 2154 1507 ngvll
2179 1425 2264 1481 15⁴

106 1562 111 1567 ⁷
208 1505 425 1566 ropius.
1965 1528 1971 1539 ‚

83 1507 204 1635 {59p
339 1571 441 1632 26.
509 1570 661 1633 Infra
700 1572 1001 1648 Palmyrae
1042 1571 1382 1632 solitudines
1430 1572 1782 1633 Stelendena
1841 1572 2008 1650 regio
2065 1582 2157 1635 est

99 1652 148 1728 ἓξ
170 1655 476 1733 dictaeque
522 1656 633 1715 iam
667 1655 998 1733 Hierapolis
1037 1672 1105 1714 ao
1136 1654 1364 1714 Beroea
1410 1665 1468 1715 et
1509 1654 1758 1716 Chalcis
1813 1656 1989 1716 ·ultra
2026 1655 2153 1715 Pal·

164 1755 380 1811 myram
423 1755 651 1816 quoque
702 1756 778 1796 ex
824 1737 1222 1800 solitudinibus
1271 1739 1339 1796 iis
1387 1738 1874 1817 aliquidoptinet
1918 1738 2151 1813 Emesa,

163 1821 300 1879 item
342 1808 621 1896 Elatium,
681 1820 911 1881 dimidio
961 1821 1202 1899 propior
1239 1820 1445 1882 Petrae
1494 1841 1661 1901 quam
1701 1821 2039 1883 Damascus.
2118 1836 2226 1881 aao

166 1903 312 1962 Sura
355 1912 543 1963 autem
582 1921 865 1982 proxume
909 1912 998 1962 est
1043 1903 1351 1964 Philiscum
1369 1908 1657 1983 -oppidum
1704 1905 2040 1966 Parthorum
2082 1905 2154 1964 ad

165 1984 519 2063 Euphraten.
598 1986 669 2045 ab
715 2006 786 2047 eo
823 1985 1152 2049 Seleuciam
1194 1986 1413 2049 dierum
1441 1987 1498 2046 X
1525 1988 1846 2065 navigatio,
1890 1988 2152 2050 totidem-

81 2077 151 2130 90
167 2086 278 2146 que
337 2069 463 2127 fere
524 2068 896 2146 Babylonem.
1005 2069 1296 2130 Scinditur
1350 2070 1674 2149 Euphrates
1741 2089 1774 2130 a
1836 2071 2153 2147 Zeugmate

162 2149 586 2215 DLXXXXIIII
607 2152 834 2213 milibus
865 2171 1134 2232 passuum
1166 2154 1321 2214 circa
1350 2156 1536 2213 vicum
1557 2153 1864 2229 Massicen,
1898 2161 1957 2213 et
1984 2162 2152 2231 parte

164 2235 329 2294 laeva
369 2236 426 2295 in
467 2234 938 2313 Mesopotamiam
983 2237 1140 2297 vadit
1192 2254 1301 2315 per
1342 2238 1523 2315 ipsam
1568 2237 1929 2311 Seleuciam,
1990 2237 2148 2298 circa
2170 2253 2225 2294 2⁵

165 2335 291 2377 eam
334 2317 677 2394 praefluenti
719 2320 940 2380 infusus
984 2319 1160 2396 Tigri.
1238 2320 1567 2379 dexteriore
1613 2328 1801 2384 autem
1844 2320 2012 2379 alveo
2043 2318 2150 2378 Ba-

163 2399 434 2473 bylonem
480 2402 762 2479 quondam
801 2400 1130 2463 Chaldaeae
1174 2411 1345 2481 caput
1385 2404 1562 2480 petit,
1613 2403 1971 2479 mediamque
2016 2419 2151 2480 per-

165 2499 394 2558 means,
432 2484 566 2544 item
597 2502 765 2563 quam
794 2485 972 2545 Otrim
1011 2494 1257 2560 vocant,
1291 2485 1617 2546 distrahitur
1650 2486 1716 2544 in·
1744 2485 1987 2563 paludis.
2063 2485 2149 2544 in·

167 2565 380 2626 crescit
414 2576 600 2627 autem
635 2575 694 2626 et
732 2569 860 2645 ipse
891 2568 1008 2629 Nili
1054 2569 1227 2628 modo
1275 2569 1434 2628 statis
1476 2569 1680 2628 diebus
1720 2568 1950 2646 paulum
1983 2566 2150 2626 diffe-

162 2665 299 2718 rens
354 2665 423 2708 ac
473 2648 944 2727 Mesopotamiam
987 2651 1220 2710 inundat
1278 2651 1407 2710 sole
1459 2652 1752 2730 optinente
1816 2652 2221 2709 vicesimamao

162 2740 383 2809 partem
414 2734 624 2791 cancri.
681 2734 851 2792 minui
881 2734 1078 2811 incipit
1108 2736 1165 2793 in
1187 2734 1465 2811 virginem
1497 2754 1529 2793 e
1563 2735 1733 2794 leone
1758 2742 2145 2809 transgresso.

160 2815 219 2874 in
247 2822 422 2874 totum
457 2832 598 2874 vero
630 2825 854 2875 remeat·
877 2817 933 2876 in
961 2818 1233 2890 vicesima
1262 2834 1410 2877 nona
1442 2826 1604 2895 parte
1634 2817 1891 2893 virginiS.

77 2903 143 2958 91
327 2896 427 2956 27.
473 2896 637 2976 (22.)
682 2898 801 2974 Sed
829 2898 1131 2959 redeamus
1159 2900 1232 2960 ad
1266 2918 1421 2961 oram
1461 2901 1696 2974 Syriae,
1741 2900 1834 2959 cui
1867 2914 2150 2977 proxuma

161 2987 253 3038 est
297 2975 519 3040 Cilicia.
604 2980 843 3040 Flumen
883 2980 1249 3059 Diaphanes,
1292 3000 1453 3043 mons
1486 2980 1881 3057 ,CrocodiluS,
1937 2990 2146 3058 portae

160 3060 362 3120 Amani
390 3063 627 3138 montis,
660 3063 1251 3140 fluminaAndrocus,
1297 3065 1578 3140 PinaruS,
1605 3064 1826 3140 LycuS,
1870 3066 2026 3124 sinus
2055 3063 2219 3124 Is·3s

159 3145 336 3218 sicus,
374 3146 644 3222 oppidum
675 3145 867 3223 Issos,
901 3146 1037 3206 item
1066 3146 1447 3224 Alexandria,
1480 3147 1690 3209 flumen
1722 3144 2003 3222 Chlorus,
2037 3164 2143 3226 op-

159 3225 351 3303 pidum
374 3226 652 3303 Aegaeae
686 3227 946 3305 liberum‚
978 3231 1154 3290 amnis
1182 3230 1473 3308 Pyramus,
1507 3239 1712 3308 portae
1746 3227 2006 3305 Ciliciae,
2038 3246 2141 3307 op-

161 3307 298 3385 pida
327 3306 567 3387 Mallos,
599 3311 884 3389 Magirsos
916 3320 977 3373 et
1001 3313 1151 3372 intus
1185 3311 1419 3373 Tarsos.
1488 3314 1674 3391 campi
1707 3313 1891 3390 Aleii,
1929 3313 2144 3392 oppida
