2320 3650
424 136 585 183 NAT.
627 135 810 182 ms‘r.
844 133 995 181 v111.
1033 130 1117 184 57.
1157 122 1311 199 (82.)
1345 135 1636 200 —--,V1111.
1683 132 1734 184 3.
1785 124 1902 201 (2.)
2088 121 2165 181 85

156 298 220 349 et
262 307 390 349 cum
430 290 690 348 cruciatu
745 290 1173 364 exanimantes,
1221 287 1597 366 quamobrem
1641 296 1700 347 et
1733 289 1864 363 Syri
1906 306 2021 348 non
2063 307 2164 348 ne-

155 383 446 433 cant-eos.
518 381 718 433 contra
759 374 816 432 in
860 371 1058 432 Latmo
1106 370 1315 452 Cariae
1364 381 1556 431 monte
1615 371 1965 432 Aristoteles
1994 374 2166 432 tradit

153 476 187 518 a
212 456 618 536 scorpionibus
648 455 912 535 hospites
941 474 1055 515 non
1084 456 1261 531 laedi,
1286 456 1583 533 indigenas
1613 458 1876 516 interimi.
1923 457 2043 516 Sed
2074 475 2166 518 re·

151 542 441 619 liquorum
485 558 718 619 quoque
751 541 1072 601 animalium
1114 540 1201 619 [et
1233 549 1544 618 praeterea
1588 541 1972 620 terrestrium]
2009 542 2164 601 dice-

101 651 129 692 s
151 644 276 685 mus
308 643 550 703 genera.
1156 639 1162 650 ·

687 914 760 998 c.
817 913 1124 1028 rim
1170 916 1634 1001 saeuum

362 1068 1107 1165 NATURAMS
1209 1071 1964 1166 lllS'l’sslllAE

784 1232 1144 1299 LIBER
1210 1234 1530 1299 VIIII.

282 1538 425 1619 Cap.
465 1542 517 1600 1.
569 1541 759 1620 (Sect.
799 1542 889 1619 1.)
936 1540 1281 1600 Animalium
1317 1559 1466 1619 quae
1504 1542 1808 1601 terrestria
1843 1544 2161 1623 appellavi·
2184 1559 2216 1611 1

46 1666 55 1674 „
150 1643 277 1684 mus
305 1625 594 1686 hominum
630 1625 874 1704 quadam
922 1627 1295 1684 consortione
1342 1625 1614 1702 degentia
1665 1626 1914 1687 indicata
1965 1629 2252 1690 natura&¹

154 1718 265 1769 est.
308 1728 400 1768 rex
424 1710 668 1788 reliquis
701 1711 975 1770 minumas
1008 1728 1143 1769 esse
1165 1710 1437 1769 volucres
1464 1712 1750 1770 convenit.
1795 1712 2166 1788 quamobrem

153 1795 315 1873 prius
357 1810 706 1873 aequorum,
757 1796 999 1855 amnium
1061 1803 1512 1874 stagnorumque
1556 1795 1835 1855 dicentur.
1906 1795 1966 1855 2.
2023 1799 2168 1858 Sunt
2190 1811 2223 1863 2

71 1887 348 1943 mantem
381 1879 660 1957 conplura
703 1881 760 1938 iu
800 1880 870 1938 iis
909 1880 1126 1939 maiora
1169 1881 1339 1939 etiam
1376 1879 1768 1939 terrestribus,
1838 1899 2011 1941 causa
2048 1885 2165 1941 evi-

154 1964 298 2023 dens
339 1964 554 2023 umoris
597 1962 840 2024 luxuria.
906 1963 1017 2024 alia
1060 1981 1193 2024 sors
1224 1964 1417 2024 alitum
1462 1964 1667 2041 quibus
1712 1966 1828 2024 vita
1861 1967 2165 2043 pendenti·

152 2046 282 2107 bus.
345 2048 403 2106 in
430 2049 572 2107 mari
609 2057 799 2108 autem
830 2057 943 2107 tam
976 2047 1093 2108 late
1130 2050 1337 2127 supino
1374 2049 1652 2126 mollique
1682 2067 1751 2109 ac
1783 2050 1960 2109 fertili
1990 2052 2165 2110 nutri-

154 2140 371 2208 mentu,
404 2132 730 2210 accipiente
767 2150 972 2191 causas
1011 2134 1279 2208 genitalis
1331 2152 1363 2190 e
1412 2132 1638 2191 sublimi
1683 2150 2032 2212 semperque
2066 2152 2166 2212 pa-

151 2216 339 2275 riente
355 2224 580 2292 natura,
602 2215 884 2293 pleraque
902 2218 1071 2275 etiam
1093 2217 1445 2275 monstrifica
1470 2218 1839 2294 reperiuntur
1861 2218 2167 2295 perplexis

77 2323 137 2365 25
157 2308 217 2359 et
244 2301 302 2358 in
332 2308 518 2359 semet
533 2300 703 2360 aliter
734 2309 909 2377 atque
940 2300 1109 2360 aliter
1134 2319 1282 2359 nunc
1307 2301 1442 2359 flatu
1466 2318 1616 2358 nunc
1640 2300 1818 2359 fluctu
1840 2302 2167 2361 convolutis

154 2383 470 2443 seminibus
500 2391 673 2462 atque
698 2385 1019 2462 principiis,
1071 2403 1213 2444 vera
1246 2393 1305 2442 ut
1341 2385 1437 2444 fiat
1464 2383 1627 2460 volgi
1658 2385 1854 2461 opinio
1892 2385 2168 2463 quidquid

153 2477 430 2527 nascatur
478 2468 536 2526 in
568 2476 735 2546 parte
781 2478 1020 2528 naturae
1062 2469 1180 2528 ulla
1229 2470 1377 2528 etin
1421 2469 1563 2527 mari
1596 2486 1763 2543 esse,
1813 2478 2168 2547 praeterque

154 2550 330 2611 multa
348 2566 497 2629 quae
508 2569 786 2629 nusquam
805 2551 958 2612 alibi.
998 2571 1189 2612 rerum
1209 2554 1458 2631 quidem,
1482 2569 1598 2610 non
1614 2552 2164 2629 solumanimalium,
2187 2562 2222 2615 3

157 2635 466 2695 simulacra
515 2655 650 2695 esse
697 2635 836 2696 licet
880 2637 1232 2714 intellegere
1262 2636 1611 2696 intuentibus
1645 2654 1845 2712 uvam,
1891 2636 2166 2713 gladium,

79 2737 376 2795 noser-ras,
413 2721 692 2780 cucumim
722 2737 865 2779 vero
902 2729 960 2780 et
992 2721 1194 2780 colore
1225 2731 1284 2780 et
1317 2722 1499 2781 odore
1533 2720 1798 2796 similem,
1836 2738 1950 2798 quo
1983 2723 2167 2779 minus

155 2806 430 2863 miremur
461 2821 740 2882 equorum
773 2806 961 2882 capita
995 2806 1199 2865 intam
1231 2807 1427 2884 parvis
1460 2807 1715 2864 eminere
1751 2805 2014 2865 cocleis„

258 2906 263 2909 ·
286 2888 343 2947 3.
382 2887 509 2966 (2.)
540 2888 806 2949 Pluruma
831 2898 1019 2948 autem
1045 2899 1103 2948 et
1125 2907 1386 2948 maxuma
1413 2888 1677 2949 animalia
1696 2889 1753 2946 in
1775 2887 1977 2947 Indico
2003 2888 2165 2963 mari,
2190 2899 2227 2952 4

157 2990 236 3031 ex
277 2972 487 3048 quibus
521 2972 806 3033 balaenae
839 2982 1178 3051 quaternum
1202 2976 1483 3050 iugerum,
1517 2974 1732 3053 pristes
1758 2972 2042 3032 ducenum
2073 2990 2168 3030 cu-

155 3056 439 3131 bitorum,
493 3058 710 3136 quippe
753 3056 850 3116 ubi
882 3057 1144 3117 locustae
1178 3067 1458 3136 quaterna
1503 3057 1693 3117 cubita
1735 3056 2024 3135 inpleant,
2073 3074 2193 3116 au·-

75 3161 135 3203 35
155 3139 378 3217 guillae
410 3157 644 3218 quoque
675 3142 730 3200 in
756 3141 956 3218 Gange
988 3160 1151 3200 amne
1205 3144 1464 3202 tricenos
1497 3140 1706 3221 pedes.
1773 3141 1891 3200 Sed
1934 3142 1991 3199 in
2029 3141 2172 3201 mari
2194 3152 2228 3204 5

155 3223 371 3284 beluae
404 3226 560 3284 circa
591 3225 838 3284 solstitia
878 3226 1140 3284 max‘ume
1171 3227 1452 3285 visuntur.
1522 3235 1658 3285 tunc
1699 3225 1821 3284 illic
1853 3234 2023 3284 ruunt
2055 3234 2171 3284 tur-

156 3308 350 3382 bines,
384 3316 519 3368 tunc
551 3307 785 3383 imbres,
822 3320 956 3368 tunc
988 3309 1254 3369 deiectae
1287 3312 1556 3369 montium
1587 3310 1737 3386 iugis
1765 3310 2069 3389 procellae
2101 3309 2174 3368 ab

157 3393 278 3451 imo
313 3400 545 3450 vertunt
573 3394 750 3452 maria
782 3393 1157 3472 pulsatasque
1192 3413 1267 3454 ex
1294 3393 1580 3473 profundo
1609 3395 1814 3455 beluas
1840 3413 1967 3454 cum
1990 3394 2174 3453 flucti-

2247 3556 2315 3568 ⁴n-
