<?xml version="1.0" encoding="UTF-8"?>
<!DOCTYPE html PUBLIC "-//W3C//DTD XHTML 1.0 Transitional//EN"
    "http://www.w3.org/TR/xhtml1/DTD/xhtml1-transitional.dtd">
<html xmlns="http://www.w3.org/1999/xhtml" xml:lang="en" lang="en">
 <head>
  <title>
</title>
<meta http-equiv="Content-Type" content="text/html;charset=utf-8" />
  <meta name='ocr-system' content='tesseract 3.04.00' />
  <meta name='ocr-capabilities' content='ocr_page ocr_carea ocr_par ocr_line ocrx_word'/>
</head>
<body>
  <div class='ocr_page' id='page_1' title='image "./cplinisecundina00eldegoog_0047.png"; bbox 0 0 2320 3650; ppageno 0'>
   <div class='ocr_carea' id='block_1_1' title="bbox 203 117 1549 179">
    <p class='ocr_par' dir='ltr' id='par_1_1' title="bbox 203 117 1549 179">
     <span class='ocr_line' id='line_1_1' title="bbox 203 117 1549 179; baseline 0.002 -3"><span class='ocrx_word' id='word_1_1' title='bbox 203 117 278 177; x_wconf 80' lang='grc'><strong>16</strong></span> <span class='ocrx_word' id='word_1_2' title='bbox 920 129 980 178; x_wconf 80' lang='lat'><strong>0.</strong></span> <span class='ocrx_word' id='word_1_3' title='bbox 1014 130 1209 178; x_wconf 79' lang='lat' dir='ltr'>PLINI</span> <span class='ocrx_word' id='word_1_4' title='bbox 1247 129 1549 179; x_wconf 72' lang='lat' dir='ltr'><strong>sscmml</strong></span> 
     </span>
    </p>
   </div>
   <div class='ocr_carea' id='block_1_2' title="bbox 182 284 2294 1389">
    <p class='ocr_par' dir='ltr' id='par_1_2' title="bbox 182 284 2294 1389">
     <span class='ocr_line' id='line_1_2' title="bbox 182 284 2213 369; baseline -0 -19"><span class='ocrx_word' id='word_1_5' title='bbox 182 289 346 368; x_wconf 81' lang='lat'><strong>(50)</strong></span> <span class='ocrx_word' id='word_1_6' title='bbox 392 286 482 346; x_wconf 90' lang='lat' dir='ltr'><strong>De</strong></span> <span class='ocrx_word' id='word_1_7' title='bbox 527 284 738 346; x_wconf 86' lang='lat' dir='ltr'><strong>cervis.</strong></span> <span class='ocrx_word' id='word_1_8' title='bbox 804 285 950 365; x_wconf 87' lang='lat'>(51)</span> <span class='ocrx_word' id='word_1_9' title='bbox 995 285 1070 345; x_wconf 90' lang='lat' dir='ltr'><strong>de</strong></span> <span class='ocrx_word' id='word_1_10' title='bbox 1117 285 1580 348; x_wconf 82' lang='lat' dir='ltr'><strong>chamaeleonte.</strong></span> <span class='ocrx_word' id='word_1_11' title='bbox 1644 285 1791 367; x_wconf 88' lang='lat'>(52)</span> <span class='ocrx_word' id='word_1_12' title='bbox 1842 288 1916 348; x_wconf 90' lang='lat' dir='ltr'><strong>de</strong></span> <span class='ocrx_word' id='word_1_13' title='bbox 1959 288 2213 369; x_wconf 88' lang='lat' dir='ltr'><strong>reliquis</strong></span> 
     </span>
     <span class='ocr_line' id='line_1_3' title="bbox 197 370 2211 452; baseline 0 -19"><span class='ocrx_word' id='word_1_14' title='bbox 197 374 461 433; x_wconf 89' lang='lat' dir='ltr'><strong>colorem</strong></span> <span class='ocrx_word' id='word_1_15' title='bbox 490 370 867 445; x_wconf 87' lang='lat' dir='ltr'><strong>mutantibus,</strong></span> <span class='ocrx_word' id='word_1_16' title='bbox 912 370 1220 447; x_wconf 87' lang='lat' dir='ltr'><strong>tarandro,</strong></span> <span class='ocrx_word' id='word_1_17' title='bbox 1267 371 1553 448; x_wconf 75' lang='lat' dir='ltr'><strong>lycaone,</strong></span> <span class='ocrx_word' id='word_1_18' title='bbox 1596 372 1755 433; x_wconf 92' lang='lat' dir='ltr'><strong>thoe.</strong></span> <span class='ocrx_word' id='word_1_19' title='bbox 1820 371 1964 452; x_wconf 89' lang='lat'>(53)</span> <span class='ocrx_word' id='word_1_20' title='bbox 1999 374 2073 433; x_wconf 86' lang='lat' dir='ltr'><strong>de</strong></span> <span class='ocrx_word' id='word_1_21' title='bbox 2109 375 2211 450; x_wconf 78' lang='lat' dir='ltr'><strong>hy·</strong></span> 
     </span>
     <span class='ocr_line' id='line_1_4' title="bbox 199 454 2211 537; baseline 0 -19"><span class='ocrx_word' id='word_1_22' title='bbox 199 458 394 518; x_wconf 87' lang='lat' dir='ltr'><strong>strice.</strong></span> <span class='ocrx_word' id='word_1_23' title='bbox 454 457 598 534; x_wconf 88' lang='grc'>(54)</span> <span class='ocrx_word' id='word_1_24' title='bbox 634 456 708 515; x_wconf 89' lang='lat' dir='ltr'><strong>de</strong></span> <span class='ocrx_word' id='word_1_25' title='bbox 739 457 908 515; x_wconf 78' lang='lat' dir='ltr'><strong>ursis·</strong></span> <span class='ocrx_word' id='word_1_26' title='bbox 947 456 1021 516; x_wconf 89' lang='lat' dir='ltr'><strong>de</strong></span> <span class='ocrx_word' id='word_1_27' title='bbox 1054 454 1186 515; x_wconf 79' lang='lat' dir='ltr'><strong>fetu</strong></span> <span class='ocrx_word' id='word_1_28' title='bbox 1212 473 1431 517; x_wconf 90' lang='lat' dir='ltr'><strong>eorum.</strong></span> <span class='ocrx_word' id='word_1_29' title='bbox 1493 458 1638 537; x_wconf 90' lang='lat'>(55)</span> <span class='ocrx_word' id='word_1_30' title='bbox 1673 456 1748 517; x_wconf 88' lang='lat' dir='ltr'><strong>de</strong></span> <span class='ocrx_word' id='word_1_31' title='bbox 1779 457 2036 518; x_wconf 89' lang='lat' dir='ltr'><strong>muribus</strong></span> <span class='ocrx_word' id='word_1_32' title='bbox 2059 459 2211 518; x_wconf 90' lang='lat' dir='ltr'><strong>Pon-</strong></span> 
     </span>
     <span class='ocr_line' id='line_1_5' title="bbox 195 539 2208 621; baseline -0 -19"><span class='ocrx_word' id='word_1_33' title='bbox 195 544 328 602; x_wconf 91' lang='lat' dir='ltr'><strong>ticis</strong></span> <span class='ocrx_word' id='word_1_34' title='bbox 369 550 428 601; x_wconf 90' lang='lat' dir='ltr'><strong>et</strong></span> <span class='ocrx_word' id='word_1_35' title='bbox 459 540 706 619; x_wconf 75' lang='lat' dir='ltr'><strong>Alpinis,</strong></span> <span class='ocrx_word' id='word_1_36' title='bbox 776 539 921 619; x_wconf 89' lang='lat'><strong>(56)</strong></span> <span class='ocrx_word' id='word_1_37' title='bbox 967 541 1042 600; x_wconf 87' lang='lat' dir='ltr'><strong>de</strong></span> <span class='ocrx_word' id='word_1_38' title='bbox 1093 541 1403 600; x_wconf 89' lang='lat' dir='ltr'><strong>erinaceis.</strong></span> <span class='ocrx_word' id='word_1_39' title='bbox 1468 541 1614 621; x_wconf 88' lang='lat'>(57)</span> <span class='ocrx_word' id='word_1_40' title='bbox 1661 541 1736 601; x_wconf 87' lang='lat' dir='ltr'><strong>de</strong></span> <span class='ocrx_word' id='word_1_41' title='bbox 1781 542 2208 621; x_wconf 85' lang='lat' dir='ltr'><strong>leontophono.</strong></span> 
     </span>
     <span class='ocr_line' id='line_1_6' title="bbox 195 623 2256 707; baseline 0.001 -20"><span class='ocrx_word' id='word_1_42' title='bbox 195 627 441 702; x_wconf 80' lang='lat' dir='ltr'><strong>Lynces.</strong></span> <span class='ocrx_word' id='word_1_43' title='bbox 511 623 655 704; x_wconf 86' lang='lat'>(58)</span> <span class='ocrx_word' id='word_1_44' title='bbox 693 625 911 701; x_wconf 80' lang='lat' dir='ltr'><strong>meleS,</strong></span> <span class='ocrx_word' id='word_1_45' title='bbox 952 625 1146 684; x_wconf 88' lang='lat' dir='ltr'><strong>sciuri.</strong></span> <span class='ocrx_word' id='word_1_46' title='bbox 1212 626 1357 704; x_wconf 89' lang='lat'>(59)</span> <span class='ocrx_word' id='word_1_47' title='bbox 1395 625 1486 686; x_wconf 91' lang='lat' dir='ltr'><strong>De</strong></span> <span class='ocrx_word' id='word_1_48' title='bbox 1521 624 1765 686; x_wconf 88' lang='lat' dir='ltr'><strong>cocleis.</strong></span> <span class='ocrx_word' id='word_1_49' title='bbox 1835 626 1981 707; x_wconf 84' lang='lat'><strong>(60)</strong></span> <span class='ocrx_word' id='word_1_50' title='bbox 2016 629 2093 688; x_wconf 89' lang='lat' dir='ltr'><strong>de</strong></span> <span class='ocrx_word' id='word_1_51' title='bbox 2129 628 2209 688; x_wconf 90' lang='lat' dir='ltr'><strong>la·</strong></span> <span class='ocrx_word' id='word_1_52' title='bbox 2234 652 2256 688; x_wconf 82' lang='lat'>5</span> 
     </span>
     <span class='ocr_line' id='line_1_7' title="bbox 198 705 2213 795; baseline 0 -24"><span class='ocrx_word' id='word_1_53' title='bbox 198 712 392 771; x_wconf 86' lang='lat' dir='ltr'><strong>certis.</strong></span> <span class='ocrx_word' id='word_1_54' title='bbox 458 708 773 788; x_wconf 85' lang='lat'>(61—63)</span> <span class='ocrx_word' id='word_1_55' title='bbox 811 707 1029 770; x_wconf 89' lang='lat' dir='ltr'><strong>Canum</strong></span> <span class='ocrx_word' id='word_1_56' title='bbox 1069 718 1273 770; x_wconf 87' lang='lat' dir='ltr'><strong>natura</strong></span> <span class='ocrx_word' id='word_1_57' title='bbox 1317 705 1637 795; x_wconf 81' lang='lat' dir='ltr'><strong>(exempla</strong></span> <span class='ocrx_word' id='word_1_58' title='bbox 1682 727 1886 787; x_wconf 16' lang='lat' dir='ltr'><strong>eorum,</strong></span> <span class='ocrx_word' id='word_1_59' title='bbox 1916 714 2073 772; x_wconf 91' lang='lat' dir='ltr'><strong>circa</strong></span> <span class='ocrx_word' id='word_1_60' title='bbox 2110 714 2213 773; x_wconf 91' lang='lat' dir='ltr'><strong>do·</strong></span> 
     </span>
     <span class='ocr_line' id='line_1_8' title="bbox 194 793 2294 875; baseline 0 -19"><span class='ocrx_word' id='word_1_61' title='bbox 194 797 399 857; x_wconf 90' lang='lat' dir='ltr'><strong>minos.</strong></span> <span class='ocrx_word' id='word_1_62' title='bbox 464 795 561 875; x_wconf 88' lang='lat' dir='ltr'><strong>qui</strong></span> <span class='ocrx_word' id='word_1_63' title='bbox 593 793 950 873; x_wconf 89' lang='lat' dir='ltr'><strong>proeliorum</strong></span> <span class='ocrx_word' id='word_1_64' title='bbox 983 811 1158 854; x_wconf 88' lang='lat' dir='ltr'><strong>causa</strong></span> <span class='ocrx_word' id='word_1_65' title='bbox 1192 813 1369 855; x_wconf 90' lang='lat' dir='ltr'><strong>canes</strong></span> <span class='ocrx_word' id='word_1_66' title='bbox 1401 795 1724 856; x_wconf 82' lang='lat' dir='ltr'><strong>habuerint.</strong></span> <span class='ocrx_word' id='word_1_67' title='bbox 1787 794 1888 856; x_wconf 83' lang='lat'><strong>62.</strong></span> <span class='ocrx_word' id='word_1_68' title='bbox 1923 797 1998 857; x_wconf 90' lang='lat' dir='ltr'><strong>de</strong></span> <span class='ocrx_word' id='word_1_69' title='bbox 2029 815 2211 874; x_wconf 86' lang='lat' dir='ltr'><strong>gene·</strong></span> <span class='ocrx_word' id='word_1_70' title='bbox 2293 832 2294 835; x_wconf 61' lang='lat'><em>=</em></span> 
     </span>
     <span class='ocr_line' id='line_1_9' title="bbox 195 874 2211 965; baseline 0 -24"><span class='ocrx_word' id='word_1_71' title='bbox 195 882 420 941; x_wconf 89' lang='lat' dir='ltr'><strong>ratione</strong></span> <span class='ocrx_word' id='word_1_72' title='bbox 477 896 697 939; x_wconf 89' lang='lat' dir='ltr'><strong>eorum.</strong></span> <span class='ocrx_word' id='word_1_73' title='bbox 763 876 863 938; x_wconf 87' lang='grc'><strong>63.</strong></span> <span class='ocrx_word' id='word_1_74' title='bbox 921 888 1122 938; x_wconf 86' lang='lat' dir='ltr'><strong>contra</strong></span> <span class='ocrx_word' id='word_1_75' title='bbox 1175 878 1398 940; x_wconf 84' lang='lat' dir='ltr'><strong>rabiem</strong></span> <span class='ocrx_word' id='word_1_76' title='bbox 1449 874 1775 965; x_wconf 83' lang='lat' dir='ltr'><strong>remedia).</strong></span> <span class='ocrx_word' id='word_1_77' title='bbox 1865 880 2211 961; x_wconf 79' lang='lat'>(64—67)</span> 
     </span>
     <span class='ocr_line' id='line_1_10' title="bbox 194 957 2211 1046; baseline 0 -20"><span class='ocrx_word' id='word_1_78' title='bbox 194 966 494 1045; x_wconf 79' lang='lat' dir='ltr'><strong>Equorum</strong></span> <span class='ocrx_word' id='word_1_79' title='bbox 546 972 746 1023; x_wconf 87' lang='lat' dir='ltr'><strong>natura</strong></span> <span class='ocrx_word' id='word_1_80' title='bbox 813 957 959 1046; x_wconf 83' lang='lat'><strong>(65.</strong></span> <span class='ocrx_word' id='word_1_81' title='bbox 1012 963 1086 1022; x_wconf 89' lang='lat' dir='ltr'><strong>de</strong></span> <span class='ocrx_word' id='word_1_82' title='bbox 1140 963 1391 1040; x_wconf 88' lang='lat' dir='ltr'><strong>ingeniis</strong></span> <span class='ocrx_word' id='word_1_83' title='bbox 1448 981 1667 1025; x_wconf 87' lang='lat' dir='ltr'><strong>eorum.</strong></span> <span class='ocrx_word' id='word_1_84' title='bbox 1731 964 2017 1025; x_wconf 88' lang='lat' dir='ltr'><strong>mirabilia</strong></span> <span class='ocrx_word' id='word_1_85' title='bbox 2073 985 2211 1045; x_wconf 86' lang='lat' dir='ltr'><strong>qua-</strong></span> 
     </span>
     <span class='ocr_line' id='line_1_11' title="bbox 197 1045 2279 1139; baseline -0 -29"><span class='ocrx_word' id='word_1_86' title='bbox 197 1052 507 1127; x_wconf 89' lang='lat' dir='ltr'><strong>drigarum.</strong></span> <span class='ocrx_word' id='word_1_87' title='bbox 570 1047 670 1108; x_wconf 88' lang='lat'><strong>66.</strong></span> <span class='ocrx_word' id='word_1_88' title='bbox 704 1047 1009 1124; x_wconf 90' lang='lat' dir='ltr'><strong>generatio</strong></span> <span class='ocrx_word' id='word_1_89' title='bbox 1043 1065 1344 1128; x_wconf 87' lang='lat' dir='ltr'><strong>equorum.</strong></span> <span class='ocrx_word' id='word_1_90' title='bbox 1393 1048 1493 1109; x_wconf 89' lang='lat'><strong>67.</strong></span> <span class='ocrx_word' id='word_1_91' title='bbox 1527 1058 1702 1108; x_wconf 84' lang='lat' dir='ltr'><strong>vento</strong></span> <span class='ocrx_word' id='word_1_92' title='bbox 1737 1045 2208 1139; x_wconf 78' lang='lat' dir='ltr'><strong>concipientes).</strong></span> <span class='ocrx_word' id='word_1_93' title='bbox 2232 1079 2279 1119; x_wconf 75' lang='lat'><strong>10</strong></span> 
     </span>
     <span class='ocr_line' id='line_1_12' title="bbox 198 1131 2214 1213; baseline 0 -18"><span class='ocrx_word' id='word_1_94' title='bbox 198 1133 342 1213; x_wconf 86' lang='lat'>(68)</span> <span class='ocrx_word' id='word_1_95' title='bbox 387 1134 478 1193; x_wconf 91' lang='lat' dir='ltr'><strong>De</strong></span> <span class='ocrx_word' id='word_1_96' title='bbox 529 1133 724 1192; x_wconf 74' lang='lat' dir='ltr'><strong>asiniS.</strong></span> <span class='ocrx_word' id='word_1_97' title='bbox 784 1133 1090 1209; x_wconf 89' lang='lat' dir='ltr'><strong>generatio</strong></span> <span class='ocrx_word' id='word_1_98' title='bbox 1137 1132 1194 1191; x_wconf 88' lang='lat' dir='ltr'><strong>in</strong></span> <span class='ocrx_word' id='word_1_99' title='bbox 1225 1132 1334 1193; x_wconf 90' lang='lat' dir='ltr'><strong>his.</strong></span> <span class='ocrx_word' id='word_1_100' title='bbox 1402 1133 1547 1213; x_wconf 87' lang='lat'><strong>(69)</strong></span> <span class='ocrx_word' id='word_1_101' title='bbox 1580 1131 1861 1194; x_wconf 87' lang='lat' dir='ltr'><strong>Mularum</strong></span> <span class='ocrx_word' id='word_1_102' title='bbox 1905 1143 2112 1195; x_wconf 88' lang='lat' dir='ltr'><strong>natura</strong></span> <span class='ocrx_word' id='word_1_103' title='bbox 2156 1146 2214 1195; x_wconf 88' lang='lat' dir='ltr'><strong>et</strong></span> 
     </span>
     <span class='ocr_line' id='line_1_13' title="bbox 195 1217 2212 1299; baseline 0.001 -20"><span class='ocrx_word' id='word_1_104' title='bbox 195 1220 552 1299; x_wconf 89' lang='lat' dir='ltr'><strong>reliquorum</strong></span> <span class='ocrx_word' id='word_1_105' title='bbox 576 1218 976 1285; x_wconf 88' lang='lat' dir='ltr'><strong>iumentorum.</strong></span> <span class='ocrx_word' id='word_1_106' title='bbox 1009 1219 1318 1294; x_wconf 91' lang='lat' dir='ltr'><strong>generatio</strong></span> <span class='ocrx_word' id='word_1_107' title='bbox 1344 1219 1400 1277; x_wconf 90' lang='lat' dir='ltr'><strong>in</strong></span> <span class='ocrx_word' id='word_1_108' title='bbox 1430 1217 1539 1278; x_wconf 88' lang='lat' dir='ltr'><strong>his.</strong></span> <span class='ocrx_word' id='word_1_109' title='bbox 1597 1217 1730 1294; x_wconf 87' lang='lat'><strong>(70.</strong></span> <span class='ocrx_word' id='word_1_110' title='bbox 1760 1219 1870 1297; x_wconf 80' lang='lat'><strong>71)</strong></span> <span class='ocrx_word' id='word_1_111' title='bbox 1897 1219 1987 1279; x_wconf 86' lang='lat' dir='ltr'><strong>De</strong></span> <span class='ocrx_word' id='word_1_112' title='bbox 2024 1219 2212 1281; x_wconf 86' lang='lat' dir='ltr'><strong>bubus</strong></span> 
     </span>
     <span class='ocr_line' id='line_1_14' title="bbox 195 1297 2210 1389; baseline 0.001 -26"><span class='ocrx_word' id='word_1_113' title='bbox 195 1298 545 1389; x_wconf 82' lang='lat' dir='ltr'><strong>(generatio</strong></span> <span class='ocrx_word' id='word_1_114' title='bbox 592 1319 823 1376; x_wconf 88' lang='lat' dir='ltr'><strong>eorum,</strong></span> <span class='ocrx_word' id='word_1_115' title='bbox 879 1302 978 1360; x_wconf 90' lang='lat'><strong>71.</strong></span> <span class='ocrx_word' id='word_1_116' title='bbox 1028 1300 1279 1380; x_wconf 88' lang='lat' dir='ltr'><strong>Apisiu</strong></span> <span class='ocrx_word' id='word_1_117' title='bbox 1321 1297 1667 1388; x_wconf 76' lang='lat' dir='ltr'><strong>Aegypto).</strong></span> <span class='ocrx_word' id='word_1_118' title='bbox 1737 1300 2057 1383; x_wconf 74' lang='lat'><strong>(72—75)</strong></span> <span class='ocrx_word' id='word_1_119' title='bbox 2106 1305 2210 1365; x_wconf 90' lang='lat' dir='ltr'><strong>Pe—</strong></span> 
     </span>
    </p>
   </div>
   <div class='ocr_carea' id='block_1_3' title="bbox 80 1383 2209 1472">
    <p class='ocr_par' dir='ltr' id='par_1_3' title="bbox 80 1383 2209 1472">
     <span class='ocr_line' id='line_1_15' title="bbox 80 1383 2209 1472; baseline 0 -24"><span class='ocrx_word' id='word_1_120' title='bbox 80 1410 81 1413; x_wconf 45' lang='lat'><em>*</em></span> <span class='ocrx_word' id='word_1_121' title='bbox 196 1406 396 1448; x_wconf 88' lang='lat' dir='ltr'><strong>corum</strong></span> <span class='ocrx_word' id='word_1_122' title='bbox 431 1397 630 1447; x_wconf 89' lang='lat' dir='ltr'><strong>natura</strong></span> <span class='ocrx_word' id='word_1_123' title='bbox 668 1383 1021 1472; x_wconf 80' lang='lat' dir='ltr'><strong>(generatio</strong></span> <span class='ocrx_word' id='word_1_124' title='bbox 1055 1403 1289 1461; x_wconf 89' lang='lat' dir='ltr'><strong>eorum,</strong></span> <span class='ocrx_word' id='word_1_125' title='bbox 1358 1386 1457 1447; x_wconf 86' lang='lat'><strong>73.</strong></span> <span class='ocrx_word' id='word_1_126' title='bbox 1491 1404 1716 1464; x_wconf 82' lang='lat' dir='ltr'><strong>genera</strong></span> <span class='ocrx_word' id='word_1_127' title='bbox 1747 1388 1921 1448; x_wconf 89' lang='lat' dir='ltr'><strong>lanae</strong></span> <span class='ocrx_word' id='word_1_128' title='bbox 1954 1398 2017 1448; x_wconf 88' lang='lat' dir='ltr'><strong>et</strong></span> <span class='ocrx_word' id='word_1_129' title='bbox 2048 1390 2209 1449; x_wconf 89' lang='lat' dir='ltr'><strong>colo-</strong></span> 
     </span>
    </p>
   </div>
   <div class='ocr_carea' id='block_1_4' title="bbox 168 1465 2294 2485">
    <p class='ocr_par' dir='ltr' id='par_1_4' title="bbox 191 1465 2294 2126">
     <span class='ocr_line' id='line_1_16' title="bbox 194 1465 2274 1557; baseline 0.003 -25"><span class='ocrx_word' id='word_1_130' title='bbox 194 1492 338 1548; x_wconf 90' lang='lat' dir='ltr'><strong>rum,</strong></span> <span class='ocrx_word' id='word_1_131' title='bbox 404 1473 501 1532; x_wconf 90' lang='lat'><strong>74.</strong></span> <span class='ocrx_word' id='word_1_132' title='bbox 539 1490 759 1548; x_wconf 88' lang='lat' dir='ltr'><strong>genera</strong></span> <span class='ocrx_word' id='word_1_133' title='bbox 790 1465 1102 1557; x_wconf 80' lang='lat' dir='ltr'><strong>vestium).</strong></span> <span class='ocrx_word' id='word_1_134' title='bbox 1172 1471 1316 1551; x_wconf 90' lang='lat'><strong>(76)</strong></span> <span class='ocrx_word' id='word_1_135' title='bbox 1353 1470 1669 1550; x_wconf 85' lang='lat' dir='ltr'><strong>Caprarum</strong></span> <span class='ocrx_word' id='word_1_136' title='bbox 1704 1481 1905 1534; x_wconf 86' lang='lat' dir='ltr'><strong>natura</strong></span> <span class='ocrx_word' id='word_1_137' title='bbox 1937 1483 1998 1533; x_wconf 87' lang='lat' dir='ltr'><strong>et</strong></span> <span class='ocrx_word' id='word_1_138' title='bbox 2029 1492 2274 1550; x_wconf 74' lang='lat' dir='ltr'><strong>gene-15</strong></span> 
     </span>
     <span class='ocr_line' id='line_1_17' title="bbox 193 1553 2214 1637; baseline 0 -19"><span class='ocrx_word' id='word_1_139' title='bbox 193 1561 376 1631; x_wconf 90' lang='lat' dir='ltr'><strong>ratio,</strong></span> <span class='ocrx_word' id='word_1_140' title='bbox 446 1558 590 1636; x_wconf 93' lang='lat'><strong>(77)</strong></span> <span class='ocrx_word' id='word_1_141' title='bbox 638 1575 799 1615; x_wconf 90' lang='lat' dir='ltr'><strong>suum</strong></span> <span class='ocrx_word' id='word_1_142' title='bbox 832 1558 986 1615; x_wconf 89' lang='lat' dir='ltr'><strong>item.</strong></span> <span class='ocrx_word' id='word_1_143' title='bbox 1052 1553 1197 1636; x_wconf 88' lang='lat'><strong>(78)</strong></span> <span class='ocrx_word' id='word_1_144' title='bbox 1231 1555 1322 1615; x_wconf 88' lang='lat' dir='ltr'><strong>De</strong></span> <span class='ocrx_word' id='word_1_145' title='bbox 1366 1555 1510 1617; x_wconf 86' lang='lat' dir='ltr'><strong>feris</strong></span> <span class='ocrx_word' id='word_1_146' title='bbox 1554 1554 1754 1616; x_wconf 90' lang='lat' dir='ltr'><strong>subus.</strong></span> <span class='ocrx_word' id='word_1_147' title='bbox 1811 1557 1963 1637; x_wconf 26' lang='lat' dir='ltr'><strong>‚Quis</strong></span> <span class='ocrx_word' id='word_1_148' title='bbox 1995 1560 2214 1636; x_wconf 89' lang='lat' dir='ltr'><strong>primus</strong></span> 
     </span>
     <span class='ocr_line' id='line_1_18' title="bbox 193 1640 2294 1720; baseline 0 -19"><span class='ocrx_word' id='word_1_149' title='bbox 193 1644 412 1703; x_wconf 86' lang='lat' dir='ltr'><strong>vivaria</strong></span> <span class='ocrx_word' id='word_1_150' title='bbox 458 1643 772 1719; x_wconf 88' lang='lat' dir='ltr'><strong>bestiarum</strong></span> <span class='ocrx_word' id='word_1_151' title='bbox 818 1641 1146 1700; x_wconf 90' lang='lat' dir='ltr'><strong>instituerit.</strong></span> <span class='ocrx_word' id='word_1_152' title='bbox 1217 1640 1361 1720; x_wconf 86' lang='lat'>(79)</span> <span class='ocrx_word' id='word_1_153' title='bbox 1396 1640 1487 1699; x_wconf 91' lang='lat' dir='ltr'><strong>De</strong></span> <span class='ocrx_word' id='word_1_154' title='bbox 1520 1642 1811 1701; x_wconf 83' lang='lat' dir='ltr'><strong>semiferis</strong></span> <span class='ocrx_word' id='word_1_155' title='bbox 1842 1643 2209 1704; x_wconf 68' lang='lat' dir='ltr'><strong>animalibus</strong></span> <span class='ocrx_word' id='word_1_156' title='bbox 2293 1660 2294 1665; x_wconf 50' lang='lat'>¹</span> 
     </span>
     <span class='ocr_line' id='line_1_19' title="bbox 195 1724 2294 1807; baseline 0.001 -21"><span class='ocrx_word' id='word_1_157' title='bbox 195 1727 340 1806; x_wconf 84' lang='lat'>(80)</span> <span class='ocrx_word' id='word_1_158' title='bbox 375 1727 465 1787; x_wconf 93' lang='lat' dir='ltr'><strong>De</strong></span> <span class='ocrx_word' id='word_1_159' title='bbox 500 1727 696 1785; x_wconf 90' lang='lat' dir='ltr'><strong>simiis.</strong></span> <span class='ocrx_word' id='word_1_160' title='bbox 762 1724 907 1804; x_wconf 89' lang='grc'>(81)</span> <span class='ocrx_word' id='word_1_161' title='bbox 940 1725 1030 1785; x_wconf 90' lang='lat' dir='ltr'><strong>De</strong></span> <span class='ocrx_word' id='word_1_162' title='bbox 1077 1725 1344 1803; x_wconf 86' lang='lat' dir='ltr'><strong>leporum</strong></span> <span class='ocrx_word' id='word_1_163' title='bbox 1389 1725 1728 1802; x_wconf 86' lang='lat' dir='ltr'><strong>generibus.</strong></span> <span class='ocrx_word' id='word_1_164' title='bbox 1793 1725 1939 1807; x_wconf 86' lang='lat'>(82)</span> <span class='ocrx_word' id='word_1_165' title='bbox 1974 1726 2069 1787; x_wconf 92' lang='lat' dir='ltr'><strong>De</strong></span> <span class='ocrx_word' id='word_1_166' title='bbox 2099 1747 2214 1788; x_wconf 88' lang='lat' dir='ltr'><strong>nec</strong></span> <span class='ocrx_word' id='word_1_167' title='bbox 2293 1746 2294 1773; x_wconf 41' lang='lat' dir='ltr'><strong>l</strong></span> 
     </span>
     <span class='ocr_line' id='line_1_20' title="bbox 194 1802 2294 1891; baseline 0 -20"><span class='ocrx_word' id='word_1_168' title='bbox 194 1813 440 1891; x_wconf 90' lang='lat' dir='ltr'><strong>placidis</strong></span> <span class='ocrx_word' id='word_1_169' title='bbox 494 1829 605 1870; x_wconf 92' lang='lat' dir='ltr'><strong>nec</strong></span> <span class='ocrx_word' id='word_1_170' title='bbox 653 1809 797 1869; x_wconf 87' lang='lat' dir='ltr'><strong>feris</strong></span> <span class='ocrx_word' id='word_1_171' title='bbox 847 1809 1207 1871; x_wconf 89' lang='lat' dir='ltr'><strong>animalibus.</strong></span> <span class='ocrx_word' id='word_1_172' title='bbox 1290 1808 1434 1891; x_wconf 88' lang='grc'>(83)</span> <span class='ocrx_word' id='word_1_173' title='bbox 1484 1809 1649 1884; x_wconf 80' lang='lat' dir='ltr'><strong>Quae</strong></span> <span class='ocrx_word' id='word_1_174' title='bbox 1695 1811 1906 1891; x_wconf 90' lang='lat' dir='ltr'><strong>quibus</strong></span> <span class='ocrx_word' id='word_1_175' title='bbox 1955 1813 2013 1871; x_wconf 91' lang='lat' dir='ltr'><strong>in</strong></span> <span class='ocrx_word' id='word_1_176' title='bbox 2061 1813 2211 1873; x_wconf 91' lang='lat' dir='ltr'><strong>locis</strong></span> <span class='ocrx_word' id='word_1_177' title='bbox 2293 1802 2294 1872; x_wconf 58' lang='grc' dir='ltr'>ζ</span> 
     </span>
     <span class='ocr_line' id='line_1_21' title="bbox 192 1892 2294 1975; baseline 0.001 -19"><span class='ocrx_word' id='word_1_178' title='bbox 192 1896 456 1957; x_wconf 87' lang='lat' dir='ltr'><strong>animalia</strong></span> <span class='ocrx_word' id='word_1_179' title='bbox 490 1912 606 1954; x_wconf 90' lang='lat' dir='ltr'><strong>non</strong></span> <span class='ocrx_word' id='word_1_180' title='bbox 644 1896 771 1954; x_wconf 89' lang='lat' dir='ltr'><strong>sint.</strong></span> <span class='ocrx_word' id='word_1_181' title='bbox 829 1892 974 1974; x_wconf 88' lang='lat'>(84)</span> <span class='ocrx_word' id='word_1_182' title='bbox 1007 1894 1120 1956; x_wconf 91' lang='lat' dir='ltr'><strong>Ubi</strong></span> <span class='ocrx_word' id='word_1_183' title='bbox 1157 1906 1217 1955; x_wconf 90' lang='lat' dir='ltr'><strong>et</strong></span> <span class='ocrx_word' id='word_1_184' title='bbox 1245 1913 1395 1975; x_wconf 90' lang='lat' dir='ltr'><strong>quae</strong></span> <span class='ocrx_word' id='word_1_185' title='bbox 1421 1896 1661 1955; x_wconf 89' lang='lat' dir='ltr'><strong>advenis</strong></span> <span class='ocrx_word' id='word_1_186' title='bbox 1686 1906 1900 1957; x_wconf 89' lang='lat' dir='ltr'><strong>tantum</strong></span> <span class='ocrx_word' id='word_1_187' title='bbox 1929 1909 2207 1973; x_wconf 78' lang='lat' dir='ltr'><strong>noceant,</strong></span> <span class='ocrx_word' id='word_1_188' title='bbox 2231 1927 2294 1966; x_wconf 49' lang='lat'><strong>20¹</strong></span> 
     </span>
     <span class='ocr_line' id='line_1_22' title="bbox 191 1980 2210 2058; baseline 0 -17"><span class='ocrx_word' id='word_1_189' title='bbox 191 1982 289 2041; x_wconf 89' lang='lat' dir='ltr'><strong>ubi</strong></span> <span class='ocrx_word' id='word_1_190' title='bbox 336 1991 396 2041; x_wconf 91' lang='lat' dir='ltr'><strong>et</strong></span> <span class='ocrx_word' id='word_1_191' title='bbox 439 1998 589 2058; x_wconf 87' lang='lat' dir='ltr'><strong>quae</strong></span> <span class='ocrx_word' id='word_1_192' title='bbox 635 1980 924 2055; x_wconf 89' lang='lat' dir='ltr'><strong>indigenis</strong></span> <span class='ocrx_word' id='word_1_193' title='bbox 968 1988 1202 2038; x_wconf 91' lang='lat' dir='ltr'><strong>tantum.</strong></span> <span class='ocrx_word' id='word_1_194' title='bbox 1270 1981 1536 2039; x_wconf 90' lang='lat' dir='ltr'><strong>Summa:</strong></span> <span class='ocrx_word' id='word_1_195' title='bbox 1603 2000 1701 2040; x_wconf 92' lang='lat' dir='ltr'><strong>res</strong></span> <span class='ocrx_word' id='word_1_196' title='bbox 1738 1991 1797 2041; x_wconf 88' lang='lat' dir='ltr'><strong>et</strong></span> <span class='ocrx_word' id='word_1_197' title='bbox 1831 1982 2118 2042; x_wconf 82' lang='lat' dir='ltr'><strong>historiae</strong></span> <span class='ocrx_word' id='word_1_198' title='bbox 2154 1993 2210 2041; x_wconf 90' lang='lat' dir='ltr'><strong>et</strong></span> 
     </span>
     <span class='ocr_line' id='line_1_23' title="bbox 193 2062 1169 2126; baseline -0.002 -2"><span class='ocrx_word' id='word_1_199' title='bbox 193 2066 639 2126; x_wconf 86' lang='lat' dir='ltr'><strong>observationes</strong></span> <span class='ocrx_word' id='word_1_200' title='bbox 673 2062 1169 2124; x_wconf 91' lang='lat' dir='ltr'><strong>DCCLXXXVII.</strong></span> 
     </span>
    </p>

    <p class='ocr_par' dir='ltr' id='par_1_5' title="bbox 168 2146 2294 2485">
     <span class='ocr_line' id='line_1_24' title="bbox 168 2146 2294 2228; baseline 0.004 -24"><span class='ocrx_word' id='word_1_201' title='bbox 168 2203 177 2204; x_wconf 19' lang='lat' dir='ltr'><em>ff</em></span> <span class='ocrx_word' id='word_1_202' title='bbox 319 2150 409 2210; x_wconf 85' lang='lat' dir='ltr'><strong>Ex</strong></span> <span class='ocrx_word' id='word_1_203' title='bbox 456 2149 822 2210; x_wconf 88' lang='lat' dir='ltr'><strong>auctoribus:</strong></span> <span class='ocrx_word' id='word_1_204' title='bbox 885 2146 1187 2224; x_wconf 83' lang='lat' dir='ltr'><strong>MucianO,</strong></span> <span class='ocrx_word' id='word_1_205' title='bbox 1244 2150 1532 2225; x_wconf 78' lang='lat' dir='ltr'><strong>Procilio,</strong></span> <span class='ocrx_word' id='word_1_206' title='bbox 1579 2150 1792 2209; x_wconf 88' lang='lat' dir='ltr'><strong>Verrio</strong></span> <span class='ocrx_word' id='word_1_207' title='bbox 1839 2149 2096 2228; x_wconf 82' lang='lat' dir='ltr'><strong>FlaccO,</strong></span> <span class='ocrx_word' id='word_1_208' title='bbox 2145 2151 2206 2211; x_wconf 89' lang='lat' dir='ltr'><strong>L.</strong></span> <span class='ocrx_word' id='word_1_209' title='bbox 2293 2189 2294 2212; x_wconf 46' lang='grc' dir='ltr'>ι</span> 
     </span>
     <span class='ocr_line' id='line_1_25' title="bbox 192 2232 2208 2311; baseline -0 -15"><span class='ocrx_word' id='word_1_210' title='bbox 192 2239 437 2310; x_wconf 83' lang='lat' dir='ltr'><strong>Pisone,</strong></span> <span class='ocrx_word' id='word_1_211' title='bbox 489 2234 766 2295; x_wconf 89' lang='lat' dir='ltr'><strong>Cornelio</strong></span> <span class='ocrx_word' id='word_1_212' title='bbox 813 2232 1169 2309; x_wconf 87' lang='lat' dir='ltr'><strong>Valeriano,</strong></span> <span class='ocrx_word' id='word_1_213' title='bbox 1220 2232 1442 2308; x_wconf 84' lang='lat' dir='ltr'><strong>Catone</strong></span> <span class='ocrx_word' id='word_1_214' title='bbox 1489 2236 1795 2310; x_wconf 89' lang='lat' dir='ltr'><strong>censorio,</strong></span> <span class='ocrx_word' id='word_1_215' title='bbox 1842 2233 2208 2311; x_wconf 82' lang='lat' dir='ltr'><strong>Fenestella,</strong></span> 
     </span>
     <span class='ocr_line' id='line_1_26' title="bbox 192 2317 2294 2398; baseline 0.001 -17"><span class='ocrx_word' id='word_1_216' title='bbox 192 2322 412 2398; x_wconf 86' lang='lat' dir='ltr'><strong>Trog0,</strong></span> <span class='ocrx_word' id='word_1_217' title='bbox 451 2321 619 2394; x_wconf 89' lang='lat' dir='ltr'><strong>actis,</strong></span> <span class='ocrx_word' id='word_1_218' title='bbox 655 2317 1001 2393; x_wconf 86' lang='lat' dir='ltr'><strong>Columella,</strong></span> <span class='ocrx_word' id='word_1_219' title='bbox 1034 2317 1327 2395; x_wconf 90' lang='lat' dir='ltr'><strong>Vergilio,</strong></span> <span class='ocrx_word' id='word_1_220' title='bbox 1360 2319 1650 2395; x_wconf 88' lang='lat' dir='ltr'><strong>Varrone,</strong></span> <span class='ocrx_word' id='word_1_221' title='bbox 1682 2318 1929 2395; x_wconf 85' lang='lat' dir='ltr'><strong>Lucilio,</strong></span> <span class='ocrx_word' id='word_1_222' title='bbox 1964 2320 2209 2382; x_wconf 90' lang='lat' dir='ltr'><strong>Metello</strong></span> <span class='ocrx_word' id='word_1_223' title='bbox 2229 2327 2294 2390; x_wconf 67' lang='lat'><strong>253</strong></span> 
     </span>
     <span class='ocr_line' id='line_1_27' title="bbox 191 2401 2294 2485; baseline 0 -19"><span class='ocrx_word' id='word_1_224' title='bbox 191 2407 491 2485; x_wconf 87' lang='lat' dir='ltr'><strong>Scipione,</strong></span> <span class='ocrx_word' id='word_1_225' title='bbox 531 2402 807 2463; x_wconf 90' lang='lat' dir='ltr'><strong>Cornelio</strong></span> <span class='ocrx_word' id='word_1_226' title='bbox 841 2401 1051 2478; x_wconf 92' lang='lat' dir='ltr'><strong>Celso,</strong></span> <span class='ocrx_word' id='word_1_227' title='bbox 1084 2402 1354 2479; x_wconf 87' lang='lat' dir='ltr'><strong>Nigidio,</strong></span> <span class='ocrx_word' id='word_1_228' title='bbox 1391 2403 1610 2463; x_wconf 88' lang='lat' dir='ltr'><strong>Trebio</strong></span> <span class='ocrx_word' id='word_1_229' title='bbox 1642 2403 1850 2482; x_wconf 88' lang='lat' dir='ltr'><strong>Nigro,</strong></span> <span class='ocrx_word' id='word_1_230' title='bbox 1885 2405 2210 2484; x_wconf 90' lang='lat' dir='ltr'><strong>Pomponio</strong></span> <span class='ocrx_word' id='word_1_231' title='bbox 2293 2445 2294 2458; x_wconf 27' lang='grc' dir='ltr'><strong>η</strong></span> 
     </span>
    </p>
   </div>
   <div class='ocr_carea' id='block_1_5' title="bbox 80 2483 2209 2566">
    <p class='ocr_par' dir='ltr' id='par_1_6' title="bbox 80 2483 2209 2566">
     <span class='ocr_line' id='line_1_28' title="bbox 80 2483 2209 2566; baseline -0 -16"><span class='ocrx_word' id='word_1_232' title='bbox 80 2483 85 2490; x_wconf 70' lang='grc'>’</span> <span class='ocrx_word' id='word_1_233' title='bbox 191 2490 381 2565; x_wconf 90' lang='lat' dir='ltr'><strong>Mela,</strong></span> <span class='ocrx_word' id='word_1_234' title='bbox 416 2488 668 2549; x_wconf 90' lang='lat' dir='ltr'><strong>Mamilio</strong></span> <span class='ocrx_word' id='word_1_235' title='bbox 706 2489 873 2548; x_wconf 90' lang='lat' dir='ltr'><strong>Sura.</strong></span> <span class='ocrx_word' id='word_1_236' title='bbox 938 2485 1245 2546; x_wconf 88' lang='lat' dir='ltr'><strong>Externis:</strong></span> <span class='ocrx_word' id='word_1_237' title='bbox 1309 2487 1449 2549; x_wconf 86' lang='lat' dir='ltr'><strong>Iuba</strong></span> <span class='ocrx_word' id='word_1_238' title='bbox 1481 2507 1665 2565; x_wconf 87' lang='lat' dir='ltr'><strong>rege,</strong></span> <span class='ocrx_word' id='word_1_239' title='bbox 1699 2488 1983 2566; x_wconf 77' lang='lat' dir='ltr'><strong>Polybio,</strong></span> <span class='ocrx_word' id='word_1_240' title='bbox 2017 2489 2209 2549; x_wconf 87' lang='lat' dir='ltr'><strong>Hero·</strong></span> 
     </span>
    </p>
   </div>
   <div class='ocr_carea' id='block_1_6' title="bbox 174 2571 2294 3499">
    <p class='ocr_par' dir='ltr' id='par_1_7' title="bbox 174 2571 2294 3499">
     <span class='ocr_line' id='line_1_29' title="bbox 191 2571 2294 2654; baseline -0.001 -18"><span class='ocrx_word' id='word_1_241' title='bbox 191 2578 364 2650; x_wconf 89' lang='lat' dir='ltr'><strong>doto,</strong></span> <span class='ocrx_word' id='word_1_242' title='bbox 412 2574 752 2651; x_wconf 87' lang='lat' dir='ltr'><strong>Antipatro,</strong></span> <span class='ocrx_word' id='word_1_243' title='bbox 798 2572 1156 2654; x_wconf 86' lang='lat' dir='ltr'><strong>Aristotele,</strong></span> <span class='ocrx_word' id='word_1_244' title='bbox 1191 2571 1491 2633; x_wconf 85' lang='lat' dir='ltr'><strong>Demetrio</strong></span> <span class='ocrx_word' id='word_1_245' title='bbox 1524 2573 1804 2652; x_wconf 71' lang='lat' dir='ltr'><strong>physico,</strong></span> <span class='ocrx_word' id='word_1_246' title='bbox 1839 2573 2210 2651; x_wconf 83' lang='lat' dir='ltr'><strong>Democrito,</strong></span> <span class='ocrx_word' id='word_1_247' title='bbox 2293 2603 2294 2606; x_wconf 37' lang='lat'>¹</span> 
     </span>
     <span class='ocr_line' id='line_1_30' title="bbox 190 2648 2294 2739; baseline -0 -18"><span class='ocrx_word' id='word_1_248' title='bbox 190 2660 635 2739; x_wconf 85' lang='lat' dir='ltr'><strong>Theophrasto,</strong></span> <span class='ocrx_word' id='word_1_249' title='bbox 673 2652 968 2732; x_wconf 87' lang='lat' dir='ltr'><strong>Euanthe,</strong></span> <span class='ocrx_word' id='word_1_250' title='bbox 1004 2657 1268 2735; x_wconf 84' lang='lat' dir='ltr'><strong>Agriopa</strong></span> <span class='ocrx_word' id='word_1_251' title='bbox 1305 2659 1402 2735; x_wconf 87' lang='lat' dir='ltr'><strong>qui</strong></span> <span class='ocrx_word' id='word_1_252' title='bbox 1428 2648 1914 2735; x_wconf 80' lang='grc' dir='ltr'><strong><em>Ὀλυμπιονίκας,</em></strong></span> <span class='ocrx_word' id='word_1_253' title='bbox 1945 2658 2211 2720; x_wconf 89' lang='lat' dir='ltr'><strong>Hierone</strong></span> <span class='ocrx_word' id='word_1_254' title='bbox 2293 2717 2294 2728; x_wconf 69' lang='grc'>,</span> 
     </span>
     <span class='ocr_line' id='line_1_31' title="bbox 187 2741 2294 2823; baseline 0 -17"><span class='ocrx_word' id='word_1_255' title='bbox 187 2765 357 2823; x_wconf 88' lang='lat' dir='ltr'><strong>rege,</strong></span> <span class='ocrx_word' id='word_1_256' title='bbox 390 2743 588 2805; x_wconf 89' lang='lat' dir='ltr'><strong>Attalo</strong></span> <span class='ocrx_word' id='word_1_257' title='bbox 622 2760 768 2819; x_wconf 86' lang='lat' dir='ltr'><strong>rege</strong></span> <span class='ocrx_word' id='word_1_258' title='bbox 805 2741 1225 2818; x_wconf 82' lang='lat' dir='ltr'><strong>Philometore,</strong></span> <span class='ocrx_word' id='word_1_259' title='bbox 1265 2741 1483 2819; x_wconf 87' lang='lat' dir='ltr'><strong>Ctesia,</strong></span> <span class='ocrx_word' id='word_1_260' title='bbox 1516 2742 1761 2818; x_wconf 89' lang='lat' dir='ltr'><strong>Duride,</strong></span> <span class='ocrx_word' id='word_1_261' title='bbox 1795 2742 2066 2819; x_wconf 82' lang='lat' dir='ltr'><strong>Philisto,</strong></span> <span class='ocrx_word' id='word_1_262' title='bbox 2096 2744 2209 2804; x_wconf 88' lang='lat' dir='ltr'><strong>Ar·</strong></span> <span class='ocrx_word' id='word_1_263' title='bbox 2230 2766 2294 2806; x_wconf 67' lang='lat'><strong>30</strong></span> 
     </span>
     <span class='ocr_line' id='line_1_32' title="bbox 174 2826 2209 2907; baseline -0.001 -16"><span class='ocrx_word' id='word_1_264' title='bbox 174 2832 381 2907; x_wconf 81' lang='lat' dir='ltr'><strong>-chyta,</strong></span> <span class='ocrx_word' id='word_1_265' title='bbox 417 2827 777 2904; x_wconf 78' lang='lat' dir='ltr'><strong>Phylarcho,</strong></span> <span class='ocrx_word' id='word_1_266' title='bbox 811 2826 1203 2904; x_wconf 90' lang='lat' dir='ltr'><strong>Amphilocho</strong></span> <span class='ocrx_word' id='word_1_267' title='bbox 1236 2826 1578 2904; x_wconf 88' lang='lat' dir='ltr'><strong>Athenaeo,</strong></span> <span class='ocrx_word' id='word_1_268' title='bbox 1616 2828 1931 2906; x_wconf 84' lang='lat' dir='ltr'><strong>Anaxipoli</strong></span> <span class='ocrx_word' id='word_1_269' title='bbox 1964 2827 2209 2905; x_wconf 85' lang='lat' dir='ltr'><strong>Thasio,</strong></span> 
     </span>
     <span class='ocr_line' id='line_1_33' title="bbox 188 2910 2294 2993; baseline 0 -20"><span class='ocrx_word' id='word_1_270' title='bbox 188 2915 556 2993; x_wconf 87' lang='lat' dir='ltr'><strong>Apollodoro</strong></span> <span class='ocrx_word' id='word_1_271' title='bbox 587 2913 847 2987; x_wconf 89' lang='lat' dir='ltr'><strong>Lemnio,</strong></span> <span class='ocrx_word' id='word_1_272' title='bbox 885 2910 1281 2990; x_wconf 89' lang='lat' dir='ltr'><strong>Aristophane</strong></span> <span class='ocrx_word' id='word_1_273' title='bbox 1305 2910 1557 2988; x_wconf 91' lang='lat' dir='ltr'><strong>Milesio,</strong></span> <span class='ocrx_word' id='word_1_274' title='bbox 1596 2911 1892 2989; x_wconf 90' lang='lat' dir='ltr'><strong>Antigono</strong></span> <span class='ocrx_word' id='word_1_275' title='bbox 1922 2911 2209 2988; x_wconf 69' lang='lat' dir='ltr'><strong>Cymaeo,</strong></span> <span class='ocrx_word' id='word_1_276' title='bbox 2293 2915 2294 2956; x_wconf 62' lang='grc' dir='ltr'>ἐ</span> 
     </span>
     <span class='ocr_line' id='line_1_34' title="bbox 187 2996 2209 3075; baseline -0 -17"><span class='ocrx_word' id='word_1_277' title='bbox 187 3000 519 3075; x_wconf 86' lang='lat' dir='ltr'><strong>Agathocle</strong></span> <span class='ocrx_word' id='word_1_278' title='bbox 566 2996 746 3072; x_wconf 92' lang='lat' dir='ltr'><strong>Chio,</strong></span> <span class='ocrx_word' id='word_1_279' title='bbox 799 2996 1119 3074; x_wconf 89' lang='lat' dir='ltr'><strong>Apollonio</strong></span> <span class='ocrx_word' id='word_1_280' title='bbox 1166 2997 1559 3074; x_wconf 87' lang='lat' dir='ltr'><strong>Pergameno,</strong></span> <span class='ocrx_word' id='word_1_281' title='bbox 1619 2996 1965 3057; x_wconf 88' lang='lat' dir='ltr'><strong>Aristandro</strong></span> <span class='ocrx_word' id='word_1_282' title='bbox 2024 2997 2209 3060; x_wconf 89' lang='lat' dir='ltr'><strong>Athe·</strong></span> 
     </span>
     <span class='ocr_line' id='line_1_35' title="bbox 186 3080 2208 3158; baseline 0 -15"><span class='ocrx_word' id='word_1_283' title='bbox 186 3101 369 3158; x_wconf 90' lang='lat' dir='ltr'><strong>nae0,</strong></span> <span class='ocrx_word' id='word_1_284' title='bbox 417 3083 669 3144; x_wconf 91' lang='lat' dir='ltr'><strong>Bacchio</strong></span> <span class='ocrx_word' id='word_1_285' title='bbox 703 3080 934 3152; x_wconf 88' lang='lat' dir='ltr'><strong>Milesio</strong></span> <span class='ocrx_word' id='word_1_286' title='bbox 957 3126 974 3155; x_wconf 95' lang='lat'><strong>,</strong></span> <span class='ocrx_word' id='word_1_287' title='bbox 1008 3081 1192 3141; x_wconf 88' lang='lat' dir='ltr'><strong>Bione</strong></span> <span class='ocrx_word' id='word_1_288' title='bbox 1230 3082 1516 3157; x_wconf 83' lang='lat' dir='ltr'><strong>Solense,</strong></span> <span class='ocrx_word' id='word_1_289' title='bbox 1566 3080 1832 3142; x_wconf 87' lang='lat' dir='ltr'><strong>Chaerea</strong></span> <span class='ocrx_word' id='word_1_290' title='bbox 1867 3081 2208 3158; x_wconf 88' lang='lat' dir='ltr'><strong>Athenaeo,</strong></span> 
     </span>
     <span class='ocr_line' id='line_1_36' title="bbox 186 3163 2277 3246; baseline 0 -18"><span class='ocrx_word' id='word_1_291' title='bbox 186 3168 449 3228; x_wconf 87' lang='lat' dir='ltr'><strong>Diodoro</strong></span> <span class='ocrx_word' id='word_1_292' title='bbox 478 3167 784 3241; x_wconf 83' lang='lat' dir='ltr'><strong>Prienaeo,</strong></span> <span class='ocrx_word' id='word_1_293' title='bbox 822 3164 1011 3225; x_wconf 92' lang='lat' dir='ltr'><strong>Dione</strong></span> <span class='ocrx_word' id='word_1_294' title='bbox 1040 3163 1433 3246; x_wconf 89' lang='lat' dir='ltr'><strong>Colophonio,</strong></span> <span class='ocrx_word' id='word_1_295' title='bbox 1467 3164 1737 3246; x_wconf 84' lang='lat' dir='ltr'><strong>Epigene</strong></span> <span class='ocrx_word' id='word_1_296' title='bbox 1761 3165 2019 3243; x_wconf 89' lang='lat' dir='ltr'><strong>Rhodio,</strong></span> <span class='ocrx_word' id='word_1_297' title='bbox 2052 3167 2209 3229; x_wconf 87' lang='lat' dir='ltr'><strong>Eua·-</strong></span> <span class='ocrx_word' id='word_1_298' title='bbox 2231 3189 2277 3229; x_wconf 76' lang='lat'><strong>35</strong></span> 
     </span>
     <span class='ocr_line' id='line_1_37' title="bbox 186 3249 2206 3329; baseline 0.001 -19"><span class='ocrx_word' id='word_1_299' title='bbox 186 3268 342 3329; x_wconf 85' lang='lat' dir='ltr'><strong>gone</strong></span> <span class='ocrx_word' id='word_1_300' title='bbox 377 3252 626 3325; x_wconf 90' lang='lat' dir='ltr'><strong>Thasio,</strong></span> <span class='ocrx_word' id='word_1_301' title='bbox 670 3250 1008 3329; x_wconf 88' lang='lat' dir='ltr'><strong>Euphronio</strong></span> <span class='ocrx_word' id='word_1_302' title='bbox 1042 3250 1385 3327; x_wconf 84' lang='lat' dir='ltr'><strong>Athenaeo,</strong></span> <span class='ocrx_word' id='word_1_303' title='bbox 1431 3250 1689 3328; x_wconf 86' lang='lat' dir='ltr'><strong>Hegesia</strong></span> <span class='ocrx_word' id='word_1_304' title='bbox 1724 3249 2041 3328; x_wconf 91' lang='lat' dir='ltr'><strong>Maroneo,</strong></span> <span class='ocrx_word' id='word_1_305' title='bbox 2080 3251 2206 3312; x_wconf 88' lang='lat' dir='ltr'><strong>Me·</strong></span> 
     </span>
     <span class='ocr_line' id='line_1_38' title="bbox 186 3335 2209 3414; baseline 0.001 -19"><span class='ocrx_word' id='word_1_306' title='bbox 186 3337 420 3396; x_wconf 87' lang='lat' dir='ltr'><strong>nandris</strong></span> <span class='ocrx_word' id='word_1_307' title='bbox 443 3336 727 3396; x_wconf 89' lang='lat' dir='ltr'><strong>Prienaeo</strong></span> <span class='ocrx_word' id='word_1_308' title='bbox 755 3344 812 3394; x_wconf 91' lang='lat' dir='ltr'><strong>et</strong></span> <span class='ocrx_word' id='word_1_309' title='bbox 834 3335 1215 3410; x_wconf 85' lang='lat' dir='ltr'><strong>Heracleote,</strong></span> <span class='ocrx_word' id='word_1_310' title='bbox 1241 3335 1577 3396; x_wconf 86' lang='lat' dir='ltr'><strong>Menecrate</strong></span> <span class='ocrx_word' id='word_1_311' title='bbox 1605 3346 1802 3414; x_wconf 90' lang='lat' dir='ltr'><strong>poeta,</strong></span> <span class='ocrx_word' id='word_1_312' title='bbox 1838 3337 2209 3397; x_wconf 88' lang='lat' dir='ltr'><strong>Androtione</strong></span> 
     </span>
     <span class='ocr_line' id='line_1_39' title="bbox 185 3419 2210 3499; baseline 0.002 -21"><span class='ocrx_word' id='word_1_313' title='bbox 185 3424 280 3499; x_wconf 83' lang='lat' dir='ltr'><strong>qui</strong></span> <span class='ocrx_word' id='word_1_314' title='bbox 316 3421 389 3480; x_wconf 88' lang='lat' dir='ltr'><strong>de</strong></span> <span class='ocrx_word' id='word_1_315' title='bbox 423 3419 772 3497; x_wconf 87' lang='lat' dir='ltr'><strong>agricultura</strong></span> <span class='ocrx_word' id='word_1_316' title='bbox 807 3421 1069 3498; x_wconf 88' lang='lat' dir='ltr'><strong>scripsit,</strong></span> <span class='ocrx_word' id='word_1_317' title='bbox 1104 3419 1475 3480; x_wconf 82' lang='lat' dir='ltr'><strong>Aeschrione</strong></span> <span class='ocrx_word' id='word_1_318' title='bbox 1510 3422 1605 3499; x_wconf 88' lang='lat' dir='ltr'><strong>qui</strong></span> <span class='ocrx_word' id='word_1_319' title='bbox 1639 3422 1808 3497; x_wconf 90' lang='lat' dir='ltr'><strong>item,</strong></span> <span class='ocrx_word' id='word_1_320' title='bbox 1856 3420 2210 3496; x_wconf 77' lang='lat' dir='ltr'><strong>Lysimacho</strong></span> 
     </span>
    </p>
   </div>
   <div class='ocr_carea' id='block_1_7' title="bbox 2291 2015 2296 2750">
    <p class='ocr_par' dir='ltr' id='par_1_8' title="bbox 2291 2015 2296 2750">
     <span class='ocr_line' id='line_1_40' title="bbox 2291 2015 2296 2750; baseline 0 0"><span class='ocrx_word' id='word_1_321' title='bbox 2291 2015 2296 2750; x_wconf 95' lang='lat' dir='ltr'><strong> </strong></span> 
     </span>
    </p>
   </div>
   <div class='ocr_carea' id='block_1_8' title="bbox 2291 2963 2297 3575">
    <p class='ocr_par' dir='ltr' id='par_1_9' title="bbox 2291 2963 2297 3575">
     <span class='ocr_line' id='line_1_41' title="bbox 2291 2963 2297 3575; baseline 0 0"><span class='ocrx_word' id='word_1_322' title='bbox 2291 2963 2297 3575; x_wconf 95' lang='lat' dir='ltr'><strong> </strong></span> 
     </span>
    </p>
   </div>
  </div>
 </body>
</html>
