2320 3650
161 102 240 168 38
876 146 885 157 2
923 120 1111 166 anr
1150 120 1448 169 saeuum

163 268 306 348 (29.
326 272 438 351 30)
472 271 777 331 (1100111111Γ
813 272 958 351 (61)
992 275 1350 352 spicatarum
1382 293 1622 351 genera.
1663 285 1974 354 stanyops,
2011 278 2139 338 alo-

164 372 443 433 pecuros,
502 354 867 432 stelephuros
916 358 1040 416 sive
1091 367 1262 432 ortyx
1312 360 1434 417 sive
1488 358 1793 437 plantago,
1848 361 2136 435 thryallis.

162 438 305 518 (62)
340 438 671 516 perdicium,
706 439 1085 516 ornithogale.
1148 440 1293 521 (63)
1328 442 1464 501 Post
1494 460 1696 502 annum
1725 454 2054 503 nascentes
2102 464 2140 505 a

161 540 374 582 summo
403 523 700 598 florentes,
736 524 871 581 item
901 524 972 582 ab
1006 526 1136 583 imo.
1195 526 1339 604 (64)
1369 524 1567 604 Lappa
1601 525 1781 586 herba
1812 544 1962 604 quae
1988 529 2137 588 intra

160 626 225 666 se
301 608 424 681 arit,
459 604 699 683 Opuntia
730 624 763 665 e
794 606 938 665 folio
962 608 1214 667 radicem
1241 609 1481 668 faciens„
1536 608 1957 688 (65)1asione,
1996 628 2135 670 con·
2161 631 2188 670 ⁵

160 692 267 765 dry¹
291 690 379 766 la,
424 691 601 767 picris
643 707 790 769 quae
821 698 942 749 toto
977 708 1123 750 anno
1154 692 1342 752 floret.
1406 692 1551 772 (66)
1585 690 1807 764 Quibus
1835 693 1946 753 flos
1978 703 2140 754 ante-

161 788 327 853 quam
358 773 555 833 caules
580 781 805 832 exeant.
852 773 1057 851 quibus
1086 775 1267 837 caulis
1292 784 1593 853 antequam
1615 774 1723 836 flos
1748 785 1938 836 exeat.
1986 795 2143 855 quae

103 928 112 937 .
160 868 250 917 ter
279 858 536 917 floreant.
602 857 747 934 (67)
784 853 1050 935 Cypiros.
1097 860 1415 921 medicinae
1447 858 1600 919 VIII.
1635 858 1923 919 Thesium.
1988 859 2139 939 (68)

160 940 538 1019 Asphodelus
575 941 698 999 sive
746 941 969 1002 hastula
1012 943 1190 1019 regia'
1217 936 1587 1027 (anthericus
1629 944 1754 1003 sive
1803 939 2137 1030 albucum).

162 1026 308 1105 (69)
341 1023 498 1083 Iunci
541 1041 756 1098 genera
796 1024 906 1100 VI,
958 1026 1276 1086 medicinae
1321 1025 1447 1085 1111.
1511 1026 1656 1104 (70)
1696 1044 1978 1105 cyperus,
2013 1045 2136 1086 me·
2160 1046 2211 1088 1⁰

104 1104 111 1111 ’
162 1110 383 1169 dicinae
429 1106 612 1187 xml,
663 1110 929 1186 cyperis,
985 1111 1201 1187 cypira.
1272 1110 1418 1188 (71)
1467 1108 1918 1171 holoschoenos.
1987 1110 2139 1189 (72)

161 1191 481 1251 Medicinae
512 1209 590 1249 ex
620 1192 785 1251 iunco
816 1191 1057 1251 odorato
1083 1194 1209 1277 sive
1239 1194 1491 1252 teuchite
1520 1190 1594 1269 X,
1647 1193 1793 1272 (78)
1817 1194 2143 1254 medicinae

162 1294 237 1335 ex
271 1292 437 1335 asaro
467 1273 622 1351 VIII,
678 1276 821 1354 (79)
853 1276 1171 1338 medicinae
1204 1295 1278 1336 ex
1310 1276 1531 1337 Gallico
1564 1277 1743 1336 nardo
1779 1276 1934 1352 VIII,
1988 1277 2140 1357 (80)

160 1358 477 1433 medicinae
510 1377 585 1417 ex
613 1358 792 1419 herba
818 1377 985 1438 quam
1016 1359 1128 1437 phu
1156 1370 1366 1420 vocant
1392 1357 1518 1419 1111.
1576 1359 1725 1440 (82)
1759 1362 1985 1436 Syrium
2008 1378 2141 1421 cro·

164 1460 480 1520 comagma,
512 1443 826 1503 medicinae
857 1442 943 1518 ΙΙ,
998 1443 1187 1523 (108)
1218 1444 1518 1523 pesoluta,
1550 1445 1833 1505 medicina
1853 1443 1896 1504 I.
1947 1445 2136 1524 (109)
2161 1469 2210 1510 1⁸

164 1527 513 1588 Graecorum
543 1529 824 1586 nominum
855 1528 911 1586 in
934 1527 1288 1605 ponderibus
1320 1537 1378 1588 et
1405 1529 2138 1606 mensurisinterpretatio.

164 1612 414 1671 Summa:
451 1610 767 1672 medicinae
801 1620 859 1670 et
888 1611 1160 1671 historiae
1194 1620 1251 1670 et
1286 1611 1727 1671 observationes
1756 1609 2102 1671 DCCXXX.

328 1693 420 1753 Ex
450 1694 802 1754 auctoribus:
841 1692 1059 1755 Catone
1091 1697 1381 1771 censorin,
1414 1694 1489 1754 M.
1515 1695 1800 1771 Varrone,
1831 1694 2142 1772 MassuriO,

163 1778 420 1852 Antiate,
455 1774 784 1857 Caepione,
818 1778 1089 1854 Vestino,
1121 1778 1299 1839 Vibio'
1325 1778 1476 1839 Rufo
1495 1823 1513 1855 ,
1544 1778 1792 1858 Hygino,
1820 1778 2142 1857 Pomponio

164 1862 349 1938 Mela,
381 1862 694 1939 Pomponio
725 1862 987 1940 Lenaeo,
1027 1861 1302 1923 Cornelio
1338 1860 1516 1923 Celso
1537 1906 1554 1938 ,
1590 1861 1902 1942 Calpurnio
1931 1862 2139 1940 Basso,
2161 1887 2212 1929 20

166 1944 233 2005 C.
269 1945 511 2022 Valgio,
543 1945 756 2006 Licinio
787 1945 1014 2022 Macro,
1052 1949 1251 2008 Sextio
1281 1947 1461 2024 Nigro
1494 1950 1594 2026 qui
1628 1947 1852 2010 Graece
1885 1948 2141 2025 scripsit,

165 2030 307 2089 Iulio
350 2029 531 2089 Basso
583 2032 679 2108 qui
729 2031 897 2106 item,
955 2031 1205 2093 Antonio
1254 2028 1517 2091 Castore.
1579 2031 1885 2091 Externis:
1950 2029 2143 2091 Theo·

166 2114 423 2193 phrast0,
455 2113 823 2189 Democrito,
860 2114 1116 2192 Orphe0,
1150 2115 1495 2191 Pythagora,
1526 2115 1794 2192 Magone,
1826 2113 2143 2175 Menandro

167 2198 263 2276 qui
295 2190 606 2275 βιόχρηστα
636 2200 882 2276 scripsit,
915 2197 1227 2274 Nicandro,
1258 2198 1532 2274 Homero,
1568 2198 1846 2274 Hesiodo,
1878 2198 2144 2273 Musaeo,

70 2329 76 2336 .
168 2280 499 2358 Sophocle,
548 2282 849 2342 Anaxilao.
911 2281 1184 2342 Medicis:
1246 2282 1569 2342 Mnesitheo
1614 2284 1710 2361 qui
1762 2282 1836 2341 de
1885 2283 2218 2358 coronis,25

169 2363 519 2426 Callimacho
553 2367 649 2443 qui
678 2367 845 2441 item,
879 2366 1089 2426 Phania
1121 2366 1399 2444 physice,
1433 2367 1611 2441 Simo,
1647 2366 1973 2442 Timaristo,
2003 2365 2146 2443 Hip·

171 2457 432 2526 pocrate,
467 2446 816 2527 Chrysippo,
851 2450 1082 2525 Diocle,
1122 2448 1468 2528 Ophelione,
1499 2449 1848 2525 Heraclide,
1877 2448 2144 2524 Hicesio,

169 2533 470 2607 Dionysio,
506 2532 869 2610 Apollodoro
904 2531 1193 2609 Citiense,
1229 2532 1594 2611 Apollodoro
1630 2532 1976 2608 Tarentino,
2010 2532 2145 2593 Pra-

169 2633 407 2693 xagora,
441 2615 771 2690 Plistonic0,
804 2615 1015 2693 Medio,
1048 2615 1331 2692 Dieuche,
1365 2613 1749 2695 Cleophanto,
1779 2616 2145 2691 Philistione,

170 2699 556 2778 Asclepiade,
606 2697 880 2775 Crateua,
922 2700 1191 2760 Petronio
1221 2700 1504 2775 Diodoto,
1535 2699 1726 2774 Iolla,
1769 2698 2145 2776 Erasistrato,
2165 2725 2219 2767 30

170 2784 456 2861 Diagora,
503 2783 758 2859 Andrea,
794 2783 1076 2860 Mneside,
1105 2783 1490 2862 Epicharmo,
1523 2783 1839 2857 Damione,
1870 2783 2145 2859 Dalione,

166 2869 506 2943 ,Sosimene,
541 2867 917 2946 Tlepolemo,
970 2865 1342 2943 Metrodoro,
1401 2867 1652 2942 Solone,
1703 2865 1894 2942 Lyco,
1949 2865 2145 2942 Olym-

176 2951 343 3028 piade
390 2951 692 3030 Thebana,
737 2951 991 3027 Philino,
1033 2951 1336 3029 Petricho,
1380 2949 1669 3027 Mictone,
1718 2949 1978 3025 Glaucia,
2027 2949 2147 3011 Xe·

173 3042 429 3093 nocrate.

339 3115 509 3178 Libro
531 3117 711 3177 XXII.
746 3120 1064 3179 continetur
1091 3119 1402 3177 auctoritas
1432 3116 1755 3177 herbarum.
1804 3114 1908 3195 (2)
1946 3115 2223 3181 Gentisss

175 3198 375 3262 herbis
423 3202 641 3261 formae
688 3204 871 3279 gratia
903 3204 996 3261 uti.
1060 3202 1163 3280 (3)
1198 3201 1409 3261 Herbis
1453 3201 1604 3261 infici
1636 3201 1836 3260 vestis.
1895 3201 2036 3260 item
2065 3202 2150 3279 pi·

178 3292 424 3361 gmenta.
480 3284 551 3343 de
588 3284 723 3344 oleo
756 3287 972 3345 cortina
1004 3284 1168 3363 (23).
1227 3284 1318 3344 De
1351 3284 1733 3361 sagminibus,
1767 3283 1840 3343 de
1874 3283 2158 3344 verbenis

178 3377 237 3427 et
269 3366 660 3445 clarigatione.
728 3369 830 3448 (4)
861 3369 950 3428 De
992 3386 1208 3429 corona
1249 3370 1560 3447 graminea.
1623 3367 1698 3449 de
1737 3367 1975 3429 rar‘itate
2010 3368 2156 3428 eius.
