2320 3650
626 121 786 170 NAT.
830 121 1010 173 nlsw.
1038 122 1125 169 v.
1163 117 1403 173 3ι-ι-ι32.
1435 110 1746 188 (36-40.)
1859 168 1863 173 ,
2050 107 2169 170 213

186 274 1277 438 ffifflib303..ssmztzzsissz
1302 261 2255 435 Ei⁰is¹is⁹³ifxsz⁰ssz¹³⁸

883 403 902 437 ι
1701 403 1715 417 ·
2147 392 2170 403 “

186 462 318 506 nam
347 453 476 505 sunt
497 443 899 518 Peristerides,
933 441 1212 519 CarterIa,
1243 443 1534 522 Alopece,
1568 441 1879 519 Elaeuss'a,¹
1902 443 2171 517 Bachina,

190 527 448 603 Pystira‚
501 525 1052 604 Crommyonnesos,
1101 526 1350 603 Megale.
1417 537 1549 589 ante
1592 525 1816 588 Troada
1860 527 2172 601 Ascaniae,

143 624 171 663 ⁵
193 610 428 673 Plateae
459 619 612 685 tres,
659 610 801 671 dein
820 610 1077 686 Lamiae,
1110 609 1385 673 Plitaniae
1411 611 1598 686 duae,
1630 610 1824 684 Plate,
1857 610 2169 688 Scopelos,

114 722 121 745 ι
192 693 451 768 Getone,
487 692 818 770 Arthedon,
853 693 1104 769 Coelae,
1135 693 1463 771 Lagussae,
1481 693 1793 769 Didymae.

330 777 527 856 (39.)
580 739 909 839 Clarissima
942 786 1132 839 autem
1170 776 1425 854 Lesbos,
1465 795 1500 848 a
1544 776 1690 839 Chio
1719 775 1871 838 LXV
1901 775 1968 838 M
1999 795 2130 854 pas·
2153 786 2256 841 139

188 878 396 936 suum,
426 859 683 925 Himerte
713 870 772 923 et
799 860 985 936 Lasia,
1014 861 1318 938 Pelasgia,
1345 860 1598 938 Aeg-ira,
1628 859 1952 959 Aetbiope,
1980 858 2170 921 Maca-

190 947 277 1008 ria
308 943 605 1023 appellata
633 945 774 1020 fuit,
810 961 1018 1005 novem
1053 944 1282 1022 oppidis
1311 944 1542 1006 incluta.
1614 963 1692 1006 ex
1724 945 1795 1006 iis
1824 943 2000 1019 Pyrra
2033 944 2172 1004 hau-

113 1041 168 1083 ιο
191 1037 281 1089 sta
312 1036 407 1089 est
427 1028 598 1103 mari,
640 1027 854 1091 Arisbe
881 1037 1159 1089 terrarum
1187 1037 1341 1089 motu
1380 1028 1692 1105 subversa,
1737 1026 2028 1089 Antissam
2053 1027 2174 1088 Me-

188 1098 425 1186 thymna·
463 1111 637 1172 traxit
669 1111 727 1171 in
753 1129 833 1171 se
846 1113 1064 1190 ipsam,
1091 1129 1302 1173 novem
1329 1111 1565 1175 urbibus
1598 1111 1778 1177 Asiae
1818 1112 1876 1172 in
1902 1109 2178 1172 XXXVII

187 1193 253 1257 M
270 1212 541 1273 passuum
567 1195 775 1257 vicina.
808 1205 873 1257 et
892 1194 1193 1272 Agamede
1213 1195 1359 1257 obiit
1388 1205 1448 1258 et
1460 1195 1661 1258 Hiera.
1695 1193 2171 1271 restantEresos,

188 1278 371 1353 Pyrra
415 1287 489 1337 et.
511 1277 697 1338 libera
735 1277 1010 1354 Mytilene
1054 1279 1216 1338 annis
1253 1274 1312 1338 M
1349 1277 1401 1337 D
1455 1287 1683 1361 potens.
1768 1278 1912 1339 Tota
1952 1280 2134 1339 insula
2158 1288 2260 1342 140

193 1361 485 1437 circuitur,
515 1371 577 1422 ut
609 1360 885 1438 Isidorus,
913 1359 1197 1425 CLXVIII
1223 1360 1283 1422 M
1304 1374 1602 1440 passuum,
1615 1371 1676 1422 ut
1708 1371 1944 1425 veteres
1969 1361 2176 1423 CXCV

68 1443 284 1527 unm.-
329 1445 539 1506 montis
570 1445 747 1508 habet
776 1444 1207 1524 Lepctymnum‚
1245 1445 1608 1522 Ordymnnm,
1642 1444 1961 1521 Macistum,
1995 1444 2174 1529 Creo-

188 1545 355 1603 nem,
400 1526 720 1607 Olympum.
786 1546 821 1589 a
852 1546 1132 1607 proxuma
1178 1531 1505 1599 continente
1538 1529 1707 1592 abest
1731 1528 1840 1591 vn
1865 1529 1925 1590 M
1943 1490 2001 1589 D
2043 1524 2175 1608 pas-

191 1627 374 1673 suum.
435 1610 666 1673 Insulae
709 1612 1012 1690 adpositae
1044 1613 1404 1689 Sandalium,
1434 1613 1661 1675 Leucae
1694 1612 1766 1672 V.
1849 1631 1925 1673 ex
1969 1614 2039 1672 iis
2065 1613 2174 1673 ,Gi-

189 1711 342 1772 gnea
370 1712 497 1759 cum
525 1704 703 1773 puteo
733 1695 941 1758 calido.
985 1695 1345 1774 Arginussas
1374 1697 1447 1758 ab
1477 1697 1648 1774 Aege
1677 1695 1784 1758 ΠΗ
1809 1695 1869 1757 M
1905 1714 2179 1775 passuum

191 1779 421 1841 distant.
482 1779 619 1842 dein
649 1779 951 1857 Phellusa,
982 1779 1194 1847 Pedna.
1251 1779 1904 1859 Extrallellespontum'
1931 1780 2181 1844 adversa

115 1876 175 1921 ιιι)
194 1863 375 1939 Sigeo
408 1862 560 1928 litori
604 1865 760 1924 iacet
793 1862 1062 1926 Tenedus
1090 1864 1467 1944 Leucophrys
1503 1866 1662 1928 dicta
1703 1874 1766 1926 et
1797 1865 2088 1926 Phoenice
2120 1875 2179 1925 et

189 1944 500 2090 1Ιῖιςιῦιεεοε.
580 1947 748 2008 abest
800 1964 833 2007 a
883 1946 1075 2012 Lesbo
1130 1947 1256 2010 LVI
1302 1947 1362 2009 M
1412 1966 1717 2029 passuum,
1768 1967 1803 2010 a
1852 1950 2030 2068 Sigeo
2070 1947 2179 2010 XII
2217 1957 2227 1976 ·’

176 2135 189 2146 ·
325 2112 459 2174 32.
490 2114 656 2193 (40.)
676 2113 955 2193 Impetum
968 2114 1180 2178 deiude
1205 2079 1373 2180 sumit
1393 2116 1806 2195 Hellespontus
1831 2117 1967 2177 etin
1988 2132 2145 2176 mare
2161 2124 2258 2178 141

189 2196 500 2273 incumbit,
548 2198 863 2260 verticibus
910 2199 1144 2260 limitem
1183 2200 1444 2275 fodiens,
1469 2200 1677 2260 donec
1715 2199 1915 2261 Asiam
1956 2198 2175 2260 abrum-

120 2288 294 2361 aspat
319 2279 614 2359 Europae.
666 2283 1117 2360 promontorium
1149 2282 1210 2341 id
1249 2283 1669 2361 appellavimus
1702 2283 2037 2361 Trapezam.
2085 2281 2263 2341 Abu-e

195 2361 354 2428 eo‘X
385 2361 445 2423 M
485 2375 755 2443 passuum
785 2364 1053 2441 Abydum
1089 2366 1394 2443 oppidum,
1435 2365 1533 2428 ubi
1574 2367 1873 2443 angustiae
1916 2364 2023 2425 VII
2062 2374 2176 2426 sta·

193 2446 437 2509 diormn.
517 2447 724 2509 deinde
766 2448 1014 2512 Percote
1054 2449 1326 2528 oppidum
1373 2458 1433 2510 et
1474 2448 1848 2527 Lampsacum
1891 2458 2060 2510 antea
2088 2447 2177 2508 Pi-

192 2539 363 2606 tyusa
394 2530 657 2606 dictum,
681 2532 905 2593 Parium
949 2532 1180 2593 colonia
1217 2549 1385 2611 quam
1414 2532 1699 2596 Homerus
1727 2532 2050 2595 Adrastiam
2080 2549 2179 2609 ap-

193 2614 465 2693 pellavit,
496 2615 772 2694 oppidum
800 2615 1061 2694 Priapos,
1093 2618 1273 2678 amnis
1293 2616 1598 2695 Aesepus,
1618 2616 1824 2691 Zelia,
1855 2616 2179 2693 Propontis.

122 2698 274 2759 suita
303 2697 632 2777 appellatur
669 2699 766 2760 ubi
794 2717 861 2760 se
888 2699 1093 2762 dilatat
1121 2718 1298 2759 mare.
1356 2700 1564 2765 flumen
1595 2698 1931 2774 Granicum,
1963 2698 2181 2758 Artace

191 2789 398 2861 portus
428 2780 525 2841 ubi
552 2782 827 2861 oppidum
856 2783 978 2844 fuit.
1028 2783 1194 2846 ultra
1219 2784 1401 2846 insula
1427 2801 1593 2861 quam
1619 2783 1939 2846 continenti
1969 2781 2148 2841 iunxit
2166 2789 2265 2846 142

192 2862 564 2940 Alexander,
613 2866 671 2924 in
707 2883 828 2944 qua
874 2867 1145 2945 oppidum
1180 2865 1535 2930 Milesiorum
1568 2866 1841 2943 Cyzicum
1882 2874 2061 2928 antea
2079 2879 2180 2926 vo·

195 2948 429 3012 citatum
459 2947 859 3012 Arctonnesos
889 2959 950 3010 et
975 2950 1241 3012 Dolionis
1273 2960 1333 3011 et
1359 2944 1676 3026 Dindymis,
1714 2951 1873 3010 cuius
1903 2966 1938 3010 a
1957 2948 2184 3007 vertice

193 3048 367 3096 mons
390 3031 723 3107 Dindymus.
783 3051 918 3094 mox
952 3034 1166 3113 oppida
1197 3032 1425 3106 Placia,
1457 3033 1691 3109 Ariace,
1721 3032 2008 3107 Scylace,
2041 3047 2181 3109 quo-

119 3136 176 3182 ss
194 3133 318 3178 rum
352 3132 386 3177 a
413 3124 601 3194 tergo
615 3133 780 3178 mons
803 3115 1080 3196 Olympus
1108 3116 1328 3193 Mysius
1357 3118 1576 3194 dictus,
1614 3118 1817 3180 civitas
1840 3114 2179 3193 Olympena.

194 3216 395 3262 amnes
432 3198 694 3262 Horisius
726 3199 1172 3277 etRhyndacus
1199 3199 1551 3276 ante-Lycus
1582 3210 1841 3264 vocatus.
1917 3200 2097 3260 oritur
2128 3200 2185 3262 iu

195 3291 405 3359 stagno
435 3282 674 3360 Artynia
704 3285 861 3348 iuxta
888 3284 1301 3363 Miletopolim,
1353 3286 1563 3363 recipit
1600 3283 1904 3348 Maceston
1956 3291 2016 3343 et
2059 3282 2181 3359 ple·

194 3382 415 3446 rosque
443 3366 626 3443 alios,
656 3366 853 3430 Asiam
881 3368 1310 3447 Bithyniamque
1350 3368 1766 3430 disterminans.
1824 3366 1911 3429 Ea
1941 3364 2116 3445 appel
2142 3371 2270 3426 -143
