2320 3650
135 71 251 135 116
879 82 940 132 c.
970 84 1163 133 rum
1197 83 1495 134 succum

128 237 379 297 siderum
408 236 694 297 elementa
726 237 1097 315 cogentibus,
1146 238 1272 299 aliis
1304 255 1449 299 vero
1478 238 1861 302 fundentibus.
1919 240 2025 302 sed
2052 237 2115 301 in

129 320 395 382 dulcibus
429 321 593 399 aquis
623 319 792 380 lunae
823 321 1146 398 alimentum
1175 340 1309 383 esse
1340 324 1488 382 sicut
1516 324 1572 381 in
1599 325 1829 383 marinis
1862 324 2024 384 solis.

45 414 149 469 224
277 402 415 464 102.
471 403 677 482 (105.)
725 402 1074 464 Altissimum
1122 404 1281 466 mare'
1316 404 1425 485 XV
1470 407 1780 482 stadiorum
1823 405 2114 468 Fabianus

128 487 317 547 tradit.
373 487 470 546 alii
514 488 572 546 in
614 488 796 548 Ponto
849 507 925 548 ex
963 490 1210 550 adverso
1242 487 1599 549 Coraxorum
1641 491 1831 566 gentis
1870 490 2114 567 (vocant

126 567 322 650 βαθέα
347 569 541 650 Ponti)
573 572 848 632 trecentis
877 571 1004 632 fere
1027 591 1059 632 a
1093 574 1404 632 continenti
1427 574 1624 652 stadiis
1646 575 1960 634 inmensam
1982 574 2106 633 alti·
2129 592 2158 633 5

126 655 376 714 tudinem
405 656 577 714 maris
607 655 852 731 tradunt,
883 655 1044 715 vadis
1074 674 1379 737 numquam
1403 657 1671 735 repertis,
1718 656 1856 717 103.
1897 657 2109 736 (106.)

126 737 444 798 Mirabilius
473 739 531 809 id
561 737 776 799 faciunt
809 757 992 818 aquae
1027 740 1227 800 dulces
1262 741 1417 799 iuxta
1446 757 1603 800 mare
1633 750 1693 800 ut
1722 740 1927 800 fistulis
1971 741 2111 800 emi.-

130 831 346 883 cantes.
373 839 504 881 nam
527 840 638 882 nec
663 840 932 901 aquarum
954 832 1153 884 natura
1173 823 1462 883 miraculis
1486 834 1694 892 cessat.
1727 823 1947 884 Dulces
1968 824 2112 883 mari
2218 866 2229 877 .

126 906 499 981 invehuntur,
549 906 808 967 leviores
848 905 985 967 haut·
1025 905 1215 967 dubie.
1270 906 1404 968 ideo
1450 915 1509 966 et
1537 909 1824 983 marinae,
1872 925 2110 987 quarum

126 998 325 1050 natura
364 989 631 1065 gravior,
679 990 860 1067 magis
901 991 1129 1050 invecta
1173 990 1469 1050 sustinent.
1531 989 1825 1064 Quaedam
1855 1007 2002 1050 vero
2049 1000 2182 1050 et1o

126 1072 329 1135 dulces
365 1073 513 1132 inter
543 1091 607 1132 se
642 1082 1008 1152 supermeant
1036 1073 1213 1149 aliaS,
1256 1082 1317 1132 ut
1353 1074 1411 1133 in
1439 1072 1656 1133 Fucino
1685 1074 1818 1134 lacu
1844 1075 2109 1134 invectus

127 1158 326 1231 amnis,
358 1157 415 1215 in
443 1155 610 1216 Lario
640 1156 867 1231 Addua,
899 1158 956 1217 in
986 1155 1295 1217 Verbanno
1332 1155 1581 1233 TicinuS,
1612 1159 1670 1217 in
1697 1156 1930 1218 Benaco
1965 1156 2109 1218 Min·

129 1243 273 1316 ciuS,
311 1241 369 1299 in
406 1240 660 1300 Sebinno
693 1239 897 1316 Ollius,
929 1242 985 1300 in
1017 1239 1302 1301 Lemanno
1332 1239 1664 1317 Rhodanus,
1693 1240 1789 1302 hic
1817 1251 1977 1301 trans
2005 1240 2109 1301 Al-

126 1326 250 1403 piS,
286 1325 624 1402 superiores
654 1325 711 1384 in
740 1323 932 1400 Italia,
966 1324 1267 1394 multorum
1295 1324 1507 1384 milium
1533 1326 1772 1385 transitu
1790 1324 2111 1403 ,hospitalis

126 1426 257 1468 suas
306 1416 518 1467 tantum
562 1425 673 1467 nec
720 1407 1006 1485 largiores
1050 1426 1217 1485 quam
1262 1408 1506 1468 intulere
1553 1426 1732 1488 aquas
1763 1408 2106 1468 evehentes.
2128 1421 2182 1464 15

40 1501 143 1556 225
167 1491 452 1571 proditum
481 1492 594 1552 hoc
616 1492 750 1551 etin
773 1491 989 1551 Oronte
1020 1509 1185 1552 amne
1209 1492 1412 1567 Syriae
1441 1492 1744 1570 multisque
1766 1492 1914 1552 aliis.
1972 1490 2109 1565 Qui-

127 1576 255 1637 dam
283 1592 428 1636 vero
464 1576 597 1636 odio
631 1576 804 1635 maris
837 1576 961 1654 ipsa
994 1574 1239 1636 subeunt
1268 1574 1434 1651 vada,
1467 1576 1614 1634 sicut
1633 1574 1946 1650 Arethusa,
1979 1576 2115 1638 fons

126 1659 520 1734 Syracusanus
551 1661 606 1718 in
628 1676 742 1738 quo
765 1660 1074 1720 redduntur
1097 1659 1245 1719 iacta
1267 1660 1324 1718 in
1346 1657 1632 1737 Alpheum
1657 1660 1753 1737 qui
1783 1676 1891 1737 per
1915 1657 2110 1734 Olym-

126 1744 279 1821 piam
310 1742 494 1802 fluens
520 1743 1025 1821 Peloponnesiaco
1065 1742 1216 1803 litori
1244 1742 1566 1802 infunditur.
1628 1742 1891 1814 Suheunt
1918 1750 2113 1827 terras

124 1844 438 1905 rursusque
483 1827 792 1887 redduntur
831 1827 1018 1903 Lycus
1062 1829 1119 1887 in
1162 1827 1336 1903 Asia,
1382 1824 1658 1894 Erasinus
1701 1828 1757 1886 in
1798 1825 2106 1904 Argolica,
2126 1844 2179 1886 2⁰

128 1909 316 1986 Tigris
357 1912 413 1969 in
438 1909 887 1989 Mesopotamia,
934 1921 992 1971 et
1032 1929 1182 1990 quae
1226 1912 1283 1970 in
1313 1911 1635 1990 Aesculapi
1673 1911 1832 1971 fonte
1863 1909 2113 1970 Athenis

124 2010 316 2053 mersa
349 2003 478 2053 sunt
508 1996 566 2054 in
599 1994 901 2056 Phalerico
931 1995 1261 2069 redduntur.
1317 2005 1376 2056 et
1419 1996 1477 2053 in
1504 1993 1736 2055 Atinate
1769 2011 1979 2073 campo
2008 1994 2110 2053 flu·

125 2079 251 2137 vius
289 2095 513 2137 mersus
558 2087 689 2156 post
726 2076 836 2138 XX
863 2077 921 2138 M
950 2097 1106 2157 pass.
1140 2080 1291 2154 exit,
1345 2088 1402 2138 et
1443 2078 1896 2157 inAquileiensi
1926 2077 2114 2145 Timar

42 2171 145 2225 226
167 2178 292 2221 vos.
358 2159 513 2221 Nihil
553 2163 610 2221 in
650 2161 977 2241 Asphaltite
1034 2162 1281 2223 Iudaeae
1326 2161 1457 2222 lacu
1503 2163 1601 2240 qui
1638 2162 1886 2222 bitumen
1926 2162 2116 2239 gignit

125 2245 309 2322 mergi
338 2253 566 2324 potest,
618 2264 731 2306 nec
771 2247 828 2305 in
858 2245 1166 2306 Armeniae
1201 2245 1433 2306 maioris
1476 2245 1737 2309 Aritissa.
1794 2247 1844 2305 is
1880 2246 2189 2324 quidemn

124 2330 373 2389 nitrosus
411 2330 590 2408 piscis
624 2330 741 2411 alit.
806 2330 868 2391 In
912 2331 1207 2390 Salentino
1249 2330 1406 2389 iuxta
1448 2330 1716 2408 oppidum
1760 2329 2115 2409 Manduriam

125 2412 288 2472 lacus
324 2413 395 2472 ad
422 2415 709 2490 margines
739 2415 946 2492 plenus
976 2431 1181 2491 neque>
1199 2412 1492 2473 exhaustis
1521 2414 1684 2491 aquis
1719 2414 1985 2472 minuitur
2007 2429 2113 2471 ne·

127 2513 239 2574 que
281 2496 481 2556 infusis
526 2506 785 2575 augetur.
850 2496 914 2557 ln
946 2495 1221 2556 Ciconum
1264 2496 1492 2556 flumine
1541 2507 1600 2557 et
1643 2496 1943 2556 in.Piceno
1980 2496 2115 2555 lacu

122 2578 333 2640 Velino
359 2580 571 2657 lignum
605 2582 904 2645 deiectum,
922 2581 1153 2658 lapideo
1180 2581 1398 2640 cortice
1419 2580 1743 2655 obducitur,
1776 2589 1836 2639 et
1863 2581 1921 2638 in
1939 2580 2113 2639 Surio

128 2660 425 2725 Colchidis
465 2664 692 2724 flumine
736 2664 884 2724 adeo
927 2673 989 2723 ut
1027 2664 1279 2742 lapidem
1307 2664 1648 2743 plerumque
1682 2664 1891 2724 durans
1912 2662 2189 2724 ‘adhucso

126 2747 343 2825 integat
386 2758 610 2808 cortex.
669 2748 944 2808 Similiter
994 2750 1051 2808 in
1094 2748 1323 2809 flumine
1355 2748 1543 2808 Silaro
1582 2747 1731 2809 ultra
1773 2749 2117 2808 Surrentum

123 2848 238 2890 non
268 2832 513 2908 virgulta
542 2832 713 2892 modo
745 2833 991 2892 inmersa
1020 2850 1218 2892 verum
1249 2841 1307 2893 et
1346 2831 1486 2892 folia
1530 2832 1928 2910 lapidescunt,
1969 2829 2118 2891 alias

127 2914 338 2975 salubri
369 2924 508 2995 potu
540 2916 662 2976 eius
686 2933 891 2994 aquae.
945 2915 1008 2979 In
1032 2917 1187 2976 exitu
1209 2915 1432 2995 paludis
1459 2913 1738 2975 Reatinae
1760 2932 1962 2974 saxum
1984 2931 2115 2973 cre-

127 2999 235 3057 scit
267 2999 351 3075 [et
380 3001 436 3058 in
465 2999 641 3058 rubro
670 3000 811 3059 mari
842 2998 1012 3058 oleae
1042 3001 1412 3077 virentesque
1442 2998 1682 3058 frutices
1714 2996 2113 3074 enascunturl.

40 3089 143 3144 227
171 3081 291 3140 Sed
321 3090 380 3139 et
414 3082 649 3161 fontium
677 3082 1063 3159 plurumorum
1093 3092 1291 3144 natura
1322 3083 1460 3143 mira
1495 3088 1584 3142 est
1613 3081 1885 3156 fervore,
1938 3081 2193 3159 idquess

131 3163 299 3223 etiam
342 3165 399 3231 in
440 3166 587 3240 iugis
619 3165 881 3244 Alpium,
928 3166 1174 3244 ipsoque
1212 3166 1270 3225 in
1297 3166 1471 3242 mari,
1513 3174 1573 3225 ut
1616 3166 1765 3225 inter
1796 3164 2022 3225 Italiam
2054 3172 2122 3224 et

45 3266 51 3269 ·
134 3244 435 3305 Aenariam
465 3256 523 3306 et
552 3248 609 3307 in
640 3248 854 3309 Baiano
887 3249 1044 3325 sinu,
1087 3259 1145 3310 et
1186 3250 1242 3309 in
1270 3249 1384 3309 Liri
1411 3250 1585 3309 fluvio
1615 3249 1926 3327 multisque
1960 3247 2115 3308 aliis.

127 3326 272 3389 Nam
304 3328 488 3388 dulcis
515 3328 749 3390 haustus
779 3332 836 3391 in
868 3333 1008 3392 mari
1037 3333 1311 3412 plurumis
1340 3333 1508 3410 lociS,
1541 3342 1603 3393 ut
1634 3332 1705 3392 ad
1738 3329 2117 3398 Chelidonias
