2320 3650
188 110 314 174 222
874 118 935 168 c.
971 96 1165 169 Ph'nu
1196 118 1502 166 suenum

189 280 247 339 in
273 296 380 337 usu
412 294 581 356 quam
610 275 889 350 odorata,
912 274 1210 352 acibosque
1241 272 1456 333 Sabaei
1475 281 1685 333 cocunt
1718 276 1871 333 turis
1904 275 2089 352 ligno,
2119 274 2203 335 afli

191 379 451 438 murrae,
502 360 848 439 oppidorum
877 360 1255 436 vicorumque
1287 372 1404 416 non
1443 358 1559 416 alio
1588 372 1760 435 quam
1794 376 1876 418 ex
1911 362 2029 419 aris
2060 360 2203 419 mm

192 457 364 525 atque
407 445 631 507 nidore.
666 444 766 504 'ad
801 444 954 503 hunc
995 460 1140 520 ergo
1176 441 1486 501 sanandum
1534 450 1829 517 styracem
1873 445 1935 502 in
1976 443 2203 503 follibus

192 538 395 609 petunt
438 529 708 604 hircinis,
758 527 1105 605 suffiuntque
1145 534 1323 586 tecta.
1398 526 1548 586 adeo
1600 526 1760 587 nulla
1802 537 1899 587 est
1941 528 2205 606 voluptas

194 614 344 694 quae
376 631 488 672 non
525 612 867 672 adsiduitate
900 610 1192 671 fastidium
1223 610 1429 688 pariat.
1475 609 1741 670 Eundem
1773 621 1836 671 et
1867 612 1941 671 ad
1975 628 2206 691 serpen·
2225 628 2247 668 t

192 701 264 759 tis
295 698 577 776 fugandas
610 707 777 756 urunt
805 698 862 755 in
893 693 1207 756 odoriferis
1237 695 1402 754 silvis
1429 695 1961 774 frequentissimas.

107 792 177 847 82
266 772 281 783 ”
334 784 430 844 18.
477 782 643 861 (41.)
678 780 808 841 Non
834 789 964 840 sunt
994 796 1195 839 eorum
1228 780 1642 839 cinnamomum
1672 788 1773 839 aut
1808 782 1971 840 casia
1991 826 2011 857 .,
2045 792 2107 842 et
2131 791 2207 841 ta·

193 886 324 928 men
354 867 499 927 felix
523 865 851 944 appellatur
880 863 1095 924 Arabia
1114 909 1131 938 ‚
1157 863 1291 923 falsi
1316 874 1375 923 et
1404 864 1610 947 ingrati
1642 867 2041 941 cognominis,
2065 882 2209 945 quae
2277 918 2278 945 ¹

190 951 307 1011 hoc
343 959 645 1028 acceptum
677 950 907 1028 superis
951 949 1138 1024 ferat,
1184 944 1318 1008 oum*
1356 948 1596 1025 plusaex
1628 966 1705 1008 eo
1737 949 1948 1008 inferis
1977 950 2206 1011 debent.

194 1036 420 1096 beatam
459 1034 614 1093 illam
646 1034 786 1094 fecit
819 1033 1108 1093 hominum
1139 1033 1312 1092 etiam
1354 1034 1412 1090 in
1441 1042 1646 1115 morte]
1672 1033 1908 1093 luxuria
1936 1028 2094 1113 quae
2126 1035 2262 1094 disto

106 1113 600 1184 83intellexera'nt
624 1121 819 1194 genita
847 1119 1127 1177 urentium
1157 1117 1466 1176 defunctis.
1527 1116 1703 1176 Periti
1735 1134 1931 1177 rerum
1963 1116 2210 1179 adsere-

192 1213 320 1263 rant
350 1220 464 1262 non
505 1203 664 1262 ferre
694 1211 905 1262 tantum
937 1216 1125 1261 annuo
1155 1202 1277 1260 fetu
1306 1210 1577 1279 quantum
1606 1200 1767 1261 Nero
1797 1204 2085 1281 princeps
2113 1220 2209 1262 no·

195 1289 431 1348 vissimo
452 1286 764 1366 Poppaeae
786 1304 929 1346 suae
953 1287 1047 1346 die
1072 1288 1554 1347 concremaverit.
1595 1288 1984 1346 aestimentur
2005 1296 2211 1366 postea

194 1382 318 1432 toto
366 1372 511 1431 orbe
558 1371 801 1449 singulis
844 1371 1004 1431 annis
1049 1379 1135 1430 tot
1166 1371 1405 1446 funera,
1451 1372 1893 1449 acervatimque
1924 1380 2212 1450 congesta

193 1458 399 1517 honori
445 1454 791 1516 cadaverum
838 1472 988 1533 quae
1018 1455 1106 1521 dis
1149 1473 1262 1534 per
1302 1455 1560 1532 singulas
1585 1456 1771 1515 micas
1812 1455 2045 1516 dantur.
2104 1469 2266 1516 neon

192 1543 375 1601 minus
425 1541 658 1618 propitii
703 1548 867 1599 erant
909 1539 1064 1600 mola
1106 1539 1263 1599 salsa
1293 1538 1790 1618 supplicantibus,
1837 1541 2018 1600 immo
2047 1557 2209 1615 vero,

107 1632 253 1687 84ut
286 1624 476 1704 palam
503 1633 626 1699 est,
665 1624 1040 1705 placatior-es.
1113 1641 1316 1682 verum
1347 1622 1600 1683 Arabiae
1632 1625 1944 1683 etiamnum
1981 1625 2211 1685 felicius

192 1727 351 1769 mare
383 1717 492 1769 est.
559 1727 633 1767 ex
655 1708 760 1768 illo
788 1726 1034 1785 namque
1069 1709 1411 1785 margaritas
1435 1709 1621 1766 mittit.
1675 1710 2051 1788 minumaque
2077 1720 2210 1770 con-

191 1794 489 1873 putatione
525 1792 753 1853 miliens
795 1791 1226 1853 centenamilia
1257 1792 1589 1852 sestertium
1625 1794 1790 1852 annis
1825 1793 2096 1854 omnibns
2125 1792 2208 1853 In·

192 1878 283 1937 dia
317 1886 374 1936 et
405 1878 585 1936 Seres
619 1877 1073 1956 paeninsulaque
1105 1877 1205 1937 illa
1238 1877 1482 1955 imperio
1510 1885 1714 1937 nostro
1739 1876 2021 1938 adimunt.
2074 1878 2271 1939 tanfiao

193 1961 362 2020 nobis
388 1960 636 2021 deliciae
661 1972 718 2021 et
746 1962 994 2021 feminae
1024 1970 1306 2021 constant.
1376 1971 1550 2040 quota
1589 1962 1738 2020 enim
1763 1964 1962 2041 portio
1989 1981 2067 2023 ex
2097 1963 2210 2022 illis

194 2046 265 2105 ad
302 2046 446 2106 deos
482 2062 704 2123 quaeso
739 2047 849 2105 iam
889 2046 990 2105 vel
1026 2046 1098 2106 ad
1129 2045 1350 2105 inferos
1384 2043 1681 2123 pertinet?

106 2138 176 2193 85
322 2130 417 2189 19.
470 2128 637 2208 (42.)
688 2127 1115 2189 cinnamomum
1157 2140 1215 2189 et
1260 2132 1448 2189 casias
1478 2129 1748 2190 fabulose
1780 2132 2045 2191 narravit
2071 2133 2209 2191 anti-

194 2215 380 2291 quitas
419 2214 812 2291 princepsque
857 2213 1192 2275 Herodotus
1236 2216 1422 2273 avium
1452 2213 1603 2273 nidis
1638 2223 1696 2273 et
1721 2215 1996 2293 privatim
2027 2216 2206 2294 phoe-

190 2298 334 2357 nicis
354 2343 370 2373 .,
417 2300 622 2377 inquo
655 2300 767 2358 situ
796 2298 970 2358 Liber
999 2307 1169 2377 pater
1211 2298 1487 2358 educatus
1520 2307 1712 2373 esset,
1750 2317 1826 2357 ex
1853 2300 2029 2358 inviis
2056 2301 2265 2380 rupi-25

191 2380 298 2440 bus
329 2382 751 2461 arboribusque
779 2383 971 2443 decuti
1003 2384 1191 2441 carnis
1217 2400 1385 2464 quam
1419 2385 1584 2461 ipsae
1618 2381 1907 2442 inferrent
1946 2383 2208 2462 pondere

195 2475 291 2524 aut
319 2467 626 2543 plumbatis
659 2467 904 2543 sagittis,
942 2468 1078 2526 item
1111 2469 1324 2527 casiam
1357 2468 1513 2527 circa
1541 2466 1771 2544 paludis
1799 2477 2209 2546 propugnante

109 2563 125 2576 ⁸
193 2550 478 2632 unguibus
508 2551 636 2610 diro
666 2550 1144 2630 vespertilionum
1174 2567 1393 2629 genere
1425 2551 1781 2629 aligerisque
1812 2553 2210 2631 serpentibus,

106 2632 278 2697 ssfihis
311 2637 646 2693 commentis
689 2645 972 2711 augentes
1011 2653 1200 2695 rerum
1244 2637 1449 2714 pretia.
1524 2629 1794 2695 comitata
1827 2653 1983 2697 vero
2017 2637 2211 2698 fabul·

191 2727 281 2777 est
331 2718 402 2778 ad
451 2718 750 2779 meridiani
807 2719 952 2778 solis
998 2737 1383 2799 repercussus
1425 2718 1873 2780 inenarrabilem
1925 2721 2269 2800 quenffiae

191 2802 582 2865 universitatis
634 2803 866 2863 halitum
915 2821 949 2862 e
998 2812 1120 2865 tota
1168 2804 1508 2883 paeninsula
1561 2805 1993 2866 exsistere‘tot
2032 2807 2210 2884 ξιξ-ἑὲ*-

194 2895 325 2945 ηιιη
349 2903 524 2946 aurae
556 2888 814 2965 spirante
845 2896 1132 2947 concentu
1152 2934 1170 2963 ‚
1206 2887 1516 2967 Magnique
1563 2887 1888 2948 Alexandri
1920 2889 2213 2952 clasem
2276 2919 2278 2994 4

193 2969 466 3029 Arabiam
498 2970 682 3030 odore
723 2974 965 3051 primum
1004 2973 1316 3031 nuntiatam
1346 2974 1402 3031 in
1444 2973 1635 3032 altum.
1705 2975 1902 3034 omnia
1928 2971 2210 3051 falsasti*

195 3052 421 3125 quidem
459 3056 871 3114 cinnamomum
908 3055 1179 3134 idemque
1229 3048 1556 3116 cinnamum‘
1577 3059 1837 3117 nascitur
1878 3060 1940 3117 in
1963 3058 2208 3124 -Aeffltoe

108 3137 175 3190 87
196 3131 289 3205 pia
330 3132 682 3213 Trogodytis
726 3138 974 3199 conubio
1006 3143 1308 3219 permixta.
1371 3141 1428 3200 hi
1459 3149 1788 3202 mercantes
1817 3141 1880 3201 id
1907 3157 1943 3203 a
1981 3137 2259 3208 effla

192 3213 356 3271 minis
385 3220 599 3279 vehunt
633 3239 741 3299 per
763 3224 940 3282 maria
970 3232 1132 3283 vasta
1164 3224 1384 3284 ratibus
1416 3243 1560 3304 quas
1583 3241 1779 3305 neque
1810 3225 2206 3305 gubmffi

194 3304 399 3365 regant
427 3315 617 3377 neque
652 3308 794 3363 remi
825 3306 1052 3365 trahant
1081 3307 1181 3367 vel
1215 3308 1542 3387 inpellant3.
1561 3326 1676 3369 non
1708 3310 1881 3387 vela,
1909 3307 2202 3378 non'ffl

196 3370 311 3431 ulla
342 3376 600 3457 adiuvet,
641 3390 887 3452 omnium
915 3392 1093 3450 instar
1128 3391 1209 3450 ibi
1239 3402 1371 3451 sunt
1399 3393 1570 3453 homo
1602 3399 1818 3455 tantum
1853 3403 1915 3455 et
1941 3391 2196 3457 auditis.
