<?xml version="1.0" encoding="UTF-8"?>
<!DOCTYPE html PUBLIC "-//W3C//DTD XHTML 1.0 Transitional//EN"
    "http://www.w3.org/TR/xhtml1/DTD/xhtml1-transitional.dtd">
<html xmlns="http://www.w3.org/1999/xhtml" xml:lang="en" lang="en">
 <head>
  <title>
</title>
<meta http-equiv="Content-Type" content="text/html;charset=utf-8" />
  <meta name='ocr-system' content='tesseract 3.04.00' />
  <meta name='ocr-capabilities' content='ocr_page ocr_carea ocr_par ocr_line ocrx_word'/>
</head>
<body>
  <div class='ocr_page' id='page_1' title='image "./cplinisecundina00eldegoog_0391.png"; bbox 0 0 2320 3650; ppageno 0'>
   <div class='ocr_carea' id='block_1_1' title="bbox 147 48 1452 109">
    <p class='ocr_par' dir='ltr' id='par_1_1' title="bbox 147 48 1452 109">
     <span class='ocr_line' id='line_1_1' title="bbox 147 48 1452 109; baseline -0.005 0"><span class='ocrx_word' id='word_1_1' title='bbox 147 48 228 109; x_wconf 88' lang='grc'><strong>50</strong></span> <span class='ocrx_word' id='word_1_2' title='bbox 834 57 892 106; x_wconf 86' lang='lat' dir='ltr'><strong>c.</strong></span> <span class='ocrx_word' id='word_1_3' title='bbox 926 58 1115 105; x_wconf 74' lang='lat' dir='ltr'><strong>rum</strong></span> <span class='ocrx_word' id='word_1_4' title='bbox 1151 56 1452 104; x_wconf 60' lang='lat' dir='ltr'><strong>securim</strong></span> 
     </span>
    </p>
   </div>
   <div class='ocr_carea' id='block_1_2' title="bbox 53 211 2306 3390">
    <p class='ocr_par' dir='ltr' id='par_1_2' title="bbox 141 211 2164 460">
     <span class='ocr_line' id='line_1_2' title="bbox 146 211 2163 294; baseline -0 -19"><span class='ocrx_word' id='word_1_5' title='bbox 146 221 503 294; x_wconf 87' lang='lat' dir='ltr'><strong>quapropter</strong></span> <span class='ocrx_word' id='word_1_6' title='bbox 540 212 678 289; x_wconf 74' lang='lat' dir='ltr'><strong>fuga</strong></span> <span class='ocrx_word' id='word_1_7' title='bbox 720 211 831 280; x_wconf 78' lang='lat' dir='ltr'><strong>sibi</strong></span> <span class='ocrx_word' id='word_1_8' title='bbox 864 214 1125 274; x_wconf 78' lang='lat' dir='ltr'><strong>auxiliari</strong></span> <span class='ocrx_word' id='word_1_9' title='bbox 1158 213 1495 274; x_wconf 73' lang='lat' dir='ltr'><strong>reddentem</strong></span> <span class='ocrx_word' id='word_1_10' title='bbox 1538 213 1595 272; x_wconf 91' lang='lat' dir='ltr'><strong>in</strong></span> <span class='ocrx_word' id='word_1_11' title='bbox 1627 230 1696 272; x_wconf 87' lang='lat' dir='ltr'><strong>ea</strong></span> <span class='ocrx_word' id='word_1_12' title='bbox 1743 211 1929 271; x_wconf 86' lang='lat' dir='ltr'><strong>fimum</strong></span> <span class='ocrx_word' id='word_1_13' title='bbox 1972 215 2163 274; x_wconf 83' lang='lat' dir='ltr'><strong>inter·</strong></span> 
     </span>
     <span class='ocr_line' id='line_1_3' title="bbox 144 298 2164 375; baseline 0 -17"><span class='ocrx_word' id='word_1_14' title='bbox 144 300 277 359; x_wconf 91' lang='lat' dir='ltr'><strong>dum</strong></span> <span class='ocrx_word' id='word_1_15' title='bbox 308 306 364 358; x_wconf 87' lang='lat' dir='ltr'><strong>et</strong></span> <span class='ocrx_word' id='word_1_16' title='bbox 398 298 565 356; x_wconf 90' lang='lat' dir='ltr'><strong>trium</strong></span> <span class='ocrx_word' id='word_1_17' title='bbox 594 298 856 372; x_wconf 87' lang='lat' dir='ltr'><strong>iugerum</strong></span> <span class='ocrx_word' id='word_1_18' title='bbox 898 298 1276 374; x_wconf 80' lang='lat' dir='ltr'>longitudine,</span> <span class='ocrx_word' id='word_1_19' title='bbox 1323 299 1483 357; x_wconf 89' lang='lat' dir='ltr'><strong>cuius</strong></span> <span class='ocrx_word' id='word_1_20' title='bbox 1515 305 1815 356; x_wconf 86' lang='lat' dir='ltr'><strong>contactus</strong></span> <span class='ocrx_word' id='word_1_21' title='bbox 1847 299 2164 375; x_wconf 86' lang='lat' dir='ltr'><strong>sequentis</strong></span> 
     </span>
     <span class='ocr_line' id='line_1_4' title="bbox 141 380 935 460; baseline -0.003 -19"><span class='ocrx_word' id='word_1_22' title='bbox 141 392 204 441; x_wconf 91' lang='lat' dir='ltr'><strong>ut</strong></span> <span class='ocrx_word' id='word_1_23' title='bbox 232 383 382 457; x_wconf 81' lang='lat' dir='ltr'><strong>ignis</strong></span> <span class='ocrx_word' id='word_1_24' title='bbox 416 381 624 460; x_wconf 84' lang='lat' dir='ltr'><strong>aliquis</strong></span> <span class='ocrx_word' id='word_1_25' title='bbox 660 380 935 440; x_wconf 81' lang='lat' dir='ltr'><strong>amburat.</strong></span> 
     </span>
    </p>

    <p class='ocr_par' dir='ltr' id='par_1_3' title="bbox 57 463 2206 711">
     <span class='ocr_line' id='line_1_5' title="bbox 57 463 2161 544; baseline -0.002 -16"><span class='ocrx_word' id='word_1_26' title='bbox 57 476 124 528; x_wconf 82' lang='lat'><strong>41</strong></span> <span class='ocrx_word' id='word_1_27' title='bbox 274 466 439 544; x_wconf 89' lang='lat'>(17.)</span> <span class='ocrx_word' id='word_1_28' title='bbox 484 463 686 524; x_wconf 84' lang='lat' dir='ltr'>Mirum</span> <span class='ocrx_word' id='word_1_29' title='bbox 717 464 965 543; x_wconf 88' lang='lat' dir='ltr'><strong>pardos,</strong></span> <span class='ocrx_word' id='word_1_30' title='bbox 1018 465 1359 544; x_wconf 77' lang='lat' dir='ltr'><strong>pantheras,</strong></span> <span class='ocrx_word' id='word_1_31' title='bbox 1404 465 1611 524; x_wconf 86' lang='lat' dir='ltr'><strong>leones</strong></span> <span class='ocrx_word' id='word_1_32' title='bbox 1657 474 1717 523; x_wconf 87' lang='lat' dir='ltr'><strong>et</strong></span> <span class='ocrx_word' id='word_1_33' title='bbox 1757 464 1963 523; x_wconf 84' lang='lat' dir='ltr'><strong>similia</strong></span> <span class='ocrx_word' id='word_1_34' title='bbox 2012 481 2161 523; x_wconf 89' lang='lat' dir='ltr'><strong>con-</strong></span> 
     </span>
     <span class='ocr_line' id='line_1_6' title="bbox 144 548 2206 627; baseline -0.001 -18"><span class='ocrx_word' id='word_1_35' title='bbox 144 550 261 610; x_wconf 88' lang='lat' dir='ltr'><strong>dito</strong></span> <span class='ocrx_word' id='word_1_36' title='bbox 287 551 341 608; x_wconf 90' lang='lat' dir='ltr'><strong>in</strong></span> <span class='ocrx_word' id='word_1_37' title='bbox 367 550 632 627; x_wconf 91' lang='lat' dir='ltr'><strong>corporis</strong></span> <span class='ocrx_word' id='word_1_38' title='bbox 656 549 894 625; x_wconf 79' lang='lat' dir='ltr'><strong>vaginas</strong></span> <span class='ocrx_word' id='word_1_39' title='bbox 917 552 1185 626; x_wconf 87' lang='lat' dir='ltr'><strong>unguium</strong></span> <span class='ocrx_word' id='word_1_40' title='bbox 1207 566 1506 624; x_wconf 81' lang='lat' dir='ltr'><strong>mucrone,</strong></span> <span class='ocrx_word' id='word_1_41' title='bbox 1532 567 1605 607; x_wconf 90' lang='lat' dir='ltr'><strong>ne</strong></span> <span class='ocrx_word' id='word_1_42' title='bbox 1633 548 2023 624; x_wconf 79' lang='lat' dir='ltr'><strong>refringantur</strong></span> <span class='ocrx_word' id='word_1_43' title='bbox 2047 549 2160 607; x_wconf 84' lang='lat' dir='ltr'><strong>be·</strong></span> <span class='ocrx_word' id='word_1_44' title='bbox 2183 567 2206 605; x_wconf 77' lang='lat' dir='ltr'><strong>s</strong></span> 
     </span>
     <span class='ocr_line' id='line_1_7' title="bbox 139 632 2157 711; baseline -0 -18"><span class='ocrx_word' id='word_1_45' title='bbox 139 632 507 707; x_wconf 84' lang='lat' dir='ltr'><strong>betenturve,</strong></span> <span class='ocrx_word' id='word_1_46' title='bbox 540 633 799 708; x_wconf 84' lang='lat' dir='ltr'><strong>ingredi,</strong></span> <span class='ocrx_word' id='word_1_47' title='bbox 844 635 1186 711; x_wconf 80' lang='lat' dir='ltr'><strong>aversisque</strong></span> <span class='ocrx_word' id='word_1_48' title='bbox 1218 633 1448 694; x_wconf 83' lang='lat' dir='ltr'><strong>falculis</strong></span> <span class='ocrx_word' id='word_1_49' title='bbox 1492 650 1730 691; x_wconf 89' lang='lat' dir='ltr'><strong>currere</strong></span> <span class='ocrx_word' id='word_1_50' title='bbox 1766 650 1877 691; x_wconf 85' lang='lat' dir='ltr'><strong>nec</strong></span> <span class='ocrx_word' id='word_1_51' title='bbox 1908 633 2018 690; x_wconf 89' lang='lat' dir='ltr'><strong>nisi</strong></span> <span class='ocrx_word' id='word_1_52' title='bbox 2051 633 2157 692; x_wconf 88' lang='lat' dir='ltr'><strong>ad-</strong></span> 
     </span>
    </p>

    <p class='ocr_par' dir='ltr' id='par_1_4' title="bbox 53 715 2215 1466">
     <span class='ocr_line' id='line_1_8' title="bbox 53 715 2157 797; baseline -0.001 -19"><span class='ocrx_word' id='word_1_53' title='bbox 53 726 125 780; x_wconf 76' lang='lat'><strong>42</strong></span> <span class='ocrx_word' id='word_1_54' title='bbox 143 717 394 797; x_wconf 90' lang='lat' dir='ltr'><strong>petendo</strong></span> <span class='ocrx_word' id='word_1_55' title='bbox 427 715 798 795; x_wconf 82' lang='lat' dir='ltr'><strong>protendere.</strong></span> <span class='ocrx_word' id='word_1_56' title='bbox 901 717 996 776; x_wconf 84' lang='lat'><strong>16:</strong></span> <span class='ocrx_word' id='word_1_57' title='bbox 1027 716 1206 776; x_wconf 88' lang='lat' dir='ltr'><strong>Leoni</strong></span> <span class='ocrx_word' id='word_1_58' title='bbox 1252 718 1566 795; x_wconf 90' lang='lat' dir='ltr'><strong>praecipua</strong></span> <span class='ocrx_word' id='word_1_59' title='bbox 1599 719 1971 792; x_wconf 81' lang='lat' dir='ltr'><strong>generositas</strong></span> <span class='ocrx_word' id='word_1_60' title='bbox 2015 726 2157 775; x_wconf 85' lang='lat' dir='ltr'><strong>tunc</strong></span> 
     </span>
     <span class='ocr_line' id='line_1_9' title="bbox 143 800 2157 878; baseline -0.002 -16"><span class='ocrx_word' id='word_1_61' title='bbox 143 820 268 862; x_wconf 90' lang='lat' dir='ltr'><strong>cum</strong></span> <span class='ocrx_word' id='word_1_62' title='bbox 302 801 456 861; x_wconf 88' lang='lat' dir='ltr'><strong>colla</strong></span> <span class='ocrx_word' id='word_1_63' title='bbox 501 817 809 878; x_wconf 88' lang='lat' dir='ltr'><strong>armosque</strong></span> <span class='ocrx_word' id='word_1_64' title='bbox 837 801 1092 860; x_wconf 88' lang='lat' dir='ltr'><strong>vestiunt</strong></span> <span class='ocrx_word' id='word_1_65' title='bbox 1121 800 1311 860; x_wconf 89' lang='lat' dir='ltr'><strong>iubae.</strong></span> <span class='ocrx_word' id='word_1_66' title='bbox 1354 801 1410 860; x_wconf 91' lang='lat' dir='ltr'><strong>id</strong></span> <span class='ocrx_word' id='word_1_67' title='bbox 1459 801 1608 858; x_wconf 92' lang='lat' dir='ltr'><strong>enim</strong></span> <span class='ocrx_word' id='word_1_68' title='bbox 1640 809 1829 859; x_wconf 87' lang='lat' dir='ltr'><strong>aetate</strong></span> <span class='ocrx_word' id='word_1_69' title='bbox 1865 801 2157 876; x_wconf 83' lang='lat' dir='ltr'><strong>contingit</strong></span> 
     </span>
     <span class='ocr_line' id='line_1_10' title="bbox 139 885 2154 962; baseline -0.002 -16"><span class='ocrx_word' id='word_1_70' title='bbox 139 886 311 956; x_wconf 89' lang='lat' dir='ltr'><strong>leone</strong></span> <span class='ocrx_word' id='word_1_71' title='bbox 341 885 662 962; x_wconf 90' lang='lat' dir='ltr'><strong>conceptis.</strong></span> <span class='ocrx_word' id='word_1_72' title='bbox 731 900 877 961; x_wconf 88' lang='lat' dir='ltr'><strong>quos</strong></span> <span class='ocrx_word' id='word_1_73' title='bbox 908 902 1051 943; x_wconf 90' lang='lat' dir='ltr'><strong>vero</strong></span> <span class='ocrx_word' id='word_1_74' title='bbox 1083 886 1247 962; x_wconf 90' lang='lat' dir='ltr'><strong>pardi</strong></span> <span class='ocrx_word' id='word_1_75' title='bbox 1278 899 1910 961; x_wconf 83' lang='lat' dir='ltr'><strong>generaveresemper</strong></span> <span class='ocrx_word' id='word_1_76' title='bbox 1939 885 2154 959; x_wconf 82' lang='lat' dir='ltr'><strong>insigni</strong></span> 
     </span>
     <span class='ocr_line' id='line_1_11' title="bbox 138 966 2215 1043; baseline -0.003 -12"><span class='ocrx_word' id='word_1_77' title='bbox 138 970 254 1031; x_wconf 84' lang='lat' dir='ltr'><strong>hoc</strong></span> <span class='ocrx_word' id='word_1_78' title='bbox 314 977 548 1042; x_wconf 80' lang='lat' dir='ltr'><strong>carent,</strong></span> <span class='ocrx_word' id='word_1_79' title='bbox 618 966 786 1026; x_wconf 85' lang='lat' dir='ltr'><strong>simili</strong></span> <span class='ocrx_word' id='word_1_80' title='bbox 837 968 1008 1029; x_wconf 90' lang='lat' dir='ltr'><strong>modo</strong></span> <span class='ocrx_word' id='word_1_81' title='bbox 1068 968 1333 1027; x_wconf 82' lang='lat' dir='ltr'><strong>feminae.</strong></span> <span class='ocrx_word' id='word_1_82' title='bbox 1423 985 1629 1043; x_wconf 88' lang='lat' dir='ltr'><strong>magna</strong></span> <span class='ocrx_word' id='word_1_83' title='bbox 1718 967 1898 1028; x_wconf 90' lang='lat' dir='ltr'><strong>libido</strong></span> <span class='ocrx_word' id='word_1_84' title='bbox 1959 969 2215 1026; x_wconf 67' lang='lat' dir='ltr'><strong>coitusto</strong></span> 
     </span>
     <span class='ocr_line' id='line_1_12' title="bbox 144 1049 2152 1130; baseline -0.001 -17"><span class='ocrx_word' id='word_1_85' title='bbox 144 1063 205 1113; x_wconf 92' lang='lat' dir='ltr'><strong>et</strong></span> <span class='ocrx_word' id='word_1_86' title='bbox 236 1053 310 1111; x_wconf 92' lang='lat' dir='ltr'><strong>ob</strong></span> <span class='ocrx_word' id='word_1_87' title='bbox 352 1052 466 1110; x_wconf 91' lang='lat' dir='ltr'><strong>hoc</strong></span> <span class='ocrx_word' id='word_1_88' title='bbox 511 1049 762 1110; x_wconf 88' lang='lat' dir='ltr'><strong>maribus</strong></span> <span class='ocrx_word' id='word_1_89' title='bbox 794 1053 896 1111; x_wconf 93' lang='lat' dir='ltr'><strong>ira.</strong></span> <span class='ocrx_word' id='word_1_90' title='bbox 959 1052 1162 1112; x_wconf 83' lang='lat' dir='ltr'><strong>Africa</strong></span> <span class='ocrx_word' id='word_1_91' title='bbox 1201 1052 1348 1112; x_wconf 84' lang='lat' dir='ltr'><strong>baec</strong></span> <span class='ocrx_word' id='word_1_92' title='bbox 1389 1069 1652 1110; x_wconf 84' lang='lat' dir='ltr'><strong>maxume</strong></span> <span class='ocrx_word' id='word_1_93' title='bbox 1694 1060 1921 1130; x_wconf 85' lang='lat' dir='ltr'><strong>spectat</strong></span> <span class='ocrx_word' id='word_1_94' title='bbox 1951 1051 2152 1128; x_wconf 87' lang='lat' dir='ltr'><strong>inopia</strong></span> 
     </span>
     <span class='ocr_line' id='line_1_13' title="bbox 142 1134 2150 1215; baseline -0.001 -19"><span class='ocrx_word' id='word_1_95' title='bbox 142 1153 417 1215; x_wconf 89' lang='lat' dir='ltr'><strong>aquarum</strong></span> <span class='ocrx_word' id='word_1_96' title='bbox 464 1135 535 1194; x_wconf 89' lang='lat' dir='ltr'><strong>ad</strong></span> <span class='ocrx_word' id='word_1_97' title='bbox 599 1152 817 1212; x_wconf 91' lang='lat' dir='ltr'><strong>paucos</strong></span> <span class='ocrx_word' id='word_1_98' title='bbox 859 1137 1038 1196; x_wconf 85' lang='lat' dir='ltr'><strong>amnis</strong></span> <span class='ocrx_word' id='word_1_99' title='bbox 1102 1134 1589 1212; x_wconf 83' lang='lat' dir='ltr'><strong>congregantibus</strong></span> <span class='ocrx_word' id='word_1_100' title='bbox 1645 1153 1708 1194; x_wconf 91' lang='lat' dir='ltr'><strong>se</strong></span> <span class='ocrx_word' id='word_1_101' title='bbox 1759 1135 1918 1194; x_wconf 87' lang='lat' dir='ltr'><strong>feris.</strong></span> <span class='ocrx_word' id='word_1_102' title='bbox 2009 1135 2150 1195; x_wconf 90' lang='lat' dir='ltr'><strong>ideo</strong></span> 
     </span>
     <span class='ocr_line' id='line_1_14' title="bbox 139 1217 2150 1298; baseline -0 -19"><span class='ocrx_word' id='word_1_103' title='bbox 139 1220 516 1279; x_wconf 78' lang='lat' dir='ltr'><strong>multiformes</strong></span> <span class='ocrx_word' id='word_1_104' title='bbox 548 1217 628 1277; x_wconf 92' lang='lat' dir='ltr'><strong>ibi</strong></span> <span class='ocrx_word' id='word_1_105' title='bbox 660 1219 981 1279; x_wconf 89' lang='lat' dir='ltr'><strong>animalium</strong></span> <span class='ocrx_word' id='word_1_106' title='bbox 1014 1230 1213 1298; x_wconf 90' lang='lat' dir='ltr'><strong>partus</strong></span> <span class='ocrx_word' id='word_1_107' title='bbox 1245 1221 1406 1278; x_wconf 87' lang='lat' dir='ltr'><strong>varie</strong></span> <span class='ocrx_word' id='word_1_108' title='bbox 1451 1219 1678 1277; x_wconf 87' lang='lat' dir='ltr'><strong>feminis</strong></span> <span class='ocrx_word' id='word_1_109' title='bbox 1711 1222 1992 1298; x_wconf 88' lang='lat' dir='ltr'><strong>cuiusque</strong></span> <span class='ocrx_word' id='word_1_110' title='bbox 2041 1237 2150 1296; x_wconf 82' lang='lat' dir='ltr'><strong>ge·</strong></span> 
     </span>
     <span class='ocr_line' id='line_1_15' title="bbox 139 1303 2148 1365; baseline -0 -2"><span class='ocrx_word' id='word_1_111' title='bbox 139 1305 294 1363; x_wconf 85' lang='lat' dir='ltr'><strong>neris</strong></span> <span class='ocrx_word' id='word_1_112' title='bbox 337 1304 507 1363; x_wconf 88' lang='lat' dir='ltr'><strong>maris</strong></span> <span class='ocrx_word' id='word_1_113' title='bbox 543 1312 639 1363; x_wconf 89' lang='lat' dir='ltr'><strong>aut</strong></span> <span class='ocrx_word' id='word_1_114' title='bbox 678 1304 734 1362; x_wconf 89' lang='lat' dir='ltr'><strong>vi</strong></span> <span class='ocrx_word' id='word_1_115' title='bbox 771 1313 866 1365; x_wconf 90' lang='lat' dir='ltr'><strong>aut</strong></span> <span class='ocrx_word' id='word_1_116' title='bbox 911 1305 1207 1363; x_wconf 87' lang='lat' dir='ltr'><strong>voluntate</strong></span> <span class='ocrx_word' id='word_1_117' title='bbox 1253 1306 1553 1364; x_wconf 85' lang='lat' dir='ltr'><strong>miscente.</strong></span> <span class='ocrx_word' id='word_1_118' title='bbox 1616 1303 1763 1363; x_wconf 90' lang='lat' dir='ltr'><strong>unde</strong></span> <span class='ocrx_word' id='word_1_119' title='bbox 1808 1305 1976 1362; x_wconf 86' lang='lat' dir='ltr'><strong>etiam</strong></span> <span class='ocrx_word' id='word_1_120' title='bbox 2018 1303 2148 1362; x_wconf 86' lang='lat' dir='ltr'><strong>vol·</strong></span> 
     </span>
     <span class='ocr_line' id='line_1_16' title="bbox 138 1386 2212 1466; baseline -0.002 -18"><span class='ocrx_word' id='word_1_121' title='bbox 138 1406 281 1466; x_wconf 82' lang='lat' dir='ltr'><strong>gare</strong></span> <span class='ocrx_word' id='word_1_122' title='bbox 318 1386 598 1448; x_wconf 83' lang='lat' dir='ltr'><strong>Graeciae</strong></span> <span class='ocrx_word' id='word_1_123' title='bbox 642 1387 853 1447; x_wconf 89' lang='lat' dir='ltr'><strong>dictum</strong></span> <span class='ocrx_word' id='word_1_124' title='bbox 882 1406 1119 1466; x_wconf 87' lang='lat' dir='ltr'><strong>semper</strong></span> <span class='ocrx_word' id='word_1_125' title='bbox 1146 1387 1363 1465; x_wconf 90' lang='lat' dir='ltr'><strong>aliquid</strong></span> <span class='ocrx_word' id='word_1_126' title='bbox 1410 1388 1542 1446; x_wconf 90' lang='lat' dir='ltr'><strong>novi</strong></span> <span class='ocrx_word' id='word_1_127' title='bbox 1586 1387 1842 1446; x_wconf 79' lang='lat' dir='ltr'><strong>Africam</strong></span> <span class='ocrx_word' id='word_1_128' title='bbox 1884 1386 2144 1446; x_wconf 86' lang='lat' dir='ltr'><strong>adferre.</strong></span> <span class='ocrx_word' id='word_1_129' title='bbox 2170 1405 2212 1444; x_wconf 71' lang='grc' dir='ltr'><strong>ιε</strong></span> 
     </span>
    </p>

    <p class='ocr_par' dir='ltr' id='par_1_5' title="bbox 55 1470 2306 1886">
     <span class='ocr_line' id='line_1_17' title="bbox 55 1470 2145 1549; baseline -0.002 -16"><span class='ocrx_word' id='word_1_130' title='bbox 55 1481 125 1535; x_wconf 83' lang='lat'><strong>43</strong></span> <span class='ocrx_word' id='word_1_131' title='bbox 141 1475 321 1534; x_wconf 89' lang='lat' dir='ltr'><strong>odore</strong></span> <span class='ocrx_word' id='word_1_132' title='bbox 355 1470 518 1549; x_wconf 88' lang='lat' dir='ltr'><strong>pardi</strong></span> <span class='ocrx_word' id='word_1_133' title='bbox 551 1472 761 1531; x_wconf 89' lang='lat' dir='ltr'><strong>coitum</strong></span> <span class='ocrx_word' id='word_1_134' title='bbox 792 1474 965 1532; x_wconf 87' lang='lat' dir='ltr'><strong>sentit</strong></span> <span class='ocrx_word' id='word_1_135' title='bbox 1010 1472 1064 1530; x_wconf 91' lang='lat' dir='ltr'><strong>in</strong></span> <span class='ocrx_word' id='word_1_136' title='bbox 1107 1470 1365 1532; x_wconf 90' lang='lat' dir='ltr'><strong>adultera</strong></span> <span class='ocrx_word' id='word_1_137' title='bbox 1403 1471 1499 1529; x_wconf 91' lang='lat' dir='ltr'><strong>leo</strong></span> <span class='ocrx_word' id='word_1_138' title='bbox 1548 1479 1781 1549; x_wconf 88' lang='lat' dir='ltr'><strong>totaque</strong></span> <span class='ocrx_word' id='word_1_139' title='bbox 1812 1472 1869 1528; x_wconf 90' lang='lat' dir='ltr'><strong>vi</strong></span> <span class='ocrx_word' id='word_1_140' title='bbox 1902 1488 2145 1530; x_wconf 85' lang='lat' dir='ltr'><strong>consur·</strong></span> 
     </span>
     <span class='ocr_line' id='line_1_18' title="bbox 139 1554 2145 1633; baseline -0.001 -19"><span class='ocrx_word' id='word_1_141' title='bbox 139 1558 222 1633; x_wconf 86' lang='lat' dir='ltr'><strong>git</strong></span> <span class='ocrx_word' id='word_1_142' title='bbox 254 1558 312 1614; x_wconf 91' lang='lat' dir='ltr'><strong>in</strong></span> <span class='ocrx_word' id='word_1_143' title='bbox 357 1572 621 1633; x_wconf 89' lang='lat' dir='ltr'><strong>poenam.</strong></span> <span class='ocrx_word' id='word_1_144' title='bbox 683 1555 901 1615; x_wconf 90' lang='lat' dir='ltr'><strong>idcirco</strong></span> <span class='ocrx_word' id='word_1_145' title='bbox 935 1572 1004 1615; x_wconf 88' lang='lat' dir='ltr'><strong>ea</strong></span> <span class='ocrx_word' id='word_1_146' title='bbox 1035 1554 1208 1633; x_wconf 90' lang='lat' dir='ltr'><strong>culpa</strong></span> <span class='ocrx_word' id='word_1_147' title='bbox 1236 1555 1464 1614; x_wconf 85' lang='lat' dir='ltr'><strong>flumine</strong></span> <span class='ocrx_word' id='word_1_148' title='bbox 1496 1554 1746 1613; x_wconf 88' lang='lat' dir='ltr'><strong>abluitur</strong></span> <span class='ocrx_word' id='word_1_149' title='bbox 1781 1563 1876 1612; x_wconf 88' lang='lat' dir='ltr'><strong>aut</strong></span> <span class='ocrx_word' id='word_1_150' title='bbox 1911 1554 2145 1631; x_wconf 70' lang='lat' dir='ltr'><strong>longim</strong></span> 
     </span>
     <span class='ocr_line' id='line_1_19' title="bbox 142 1638 2146 1716; baseline -0.001 -17"><span class='ocrx_word' id='word_1_151' title='bbox 142 1642 460 1700; x_wconf 89' lang='lat' dir='ltr'><strong>comitatur.</strong></span> <span class='ocrx_word' id='word_1_152' title='bbox 524 1640 707 1698; x_wconf 87' lang='lat' dir='ltr'><strong>semel</strong></span> <span class='ocrx_word' id='word_1_153' title='bbox 753 1648 941 1698; x_wconf 87' lang='lat' dir='ltr'><strong>autem</strong></span> <span class='ocrx_word' id='word_1_154' title='bbox 997 1638 1087 1697; x_wconf 89' lang='lat' dir='ltr'><strong>edi</strong></span> <span class='ocrx_word' id='word_1_155' title='bbox 1131 1647 1355 1716; x_wconf 88' lang='lat' dir='ltr'><strong>partum</strong></span> <span class='ocrx_word' id='word_1_156' title='bbox 1401 1638 1659 1698; x_wconf 89' lang='lat' dir='ltr'><strong>lacerato</strong></span> <span class='ocrx_word' id='word_1_157' title='bbox 1705 1640 1974 1714; x_wconf 86' lang='lat' dir='ltr'><strong>unguium</strong></span> <span class='ocrx_word' id='word_1_158' title='bbox 2016 1638 2146 1697; x_wconf 90' lang='lat' dir='ltr'><strong>acie</strong></span> 
     </span>
     <span class='ocr_line' id='line_1_20' title="bbox 140 1719 2147 1799; baseline -0.001 -16"><span class='ocrx_word' id='word_1_159' title='bbox 140 1733 304 1783; x_wconf 89' lang='lat' dir='ltr'><strong>utero</strong></span> <span class='ocrx_word' id='word_1_160' title='bbox 336 1723 393 1781; x_wconf 89' lang='lat' dir='ltr'><strong>in</strong></span> <span class='ocrx_word' id='word_1_161' title='bbox 425 1723 595 1782; x_wconf 82' lang='lat' dir='ltr'><strong>enixu</strong></span> <span class='ocrx_word' id='word_1_162' title='bbox 623 1721 858 1799; x_wconf 82' lang='lat' dir='ltr'><strong>volgum</strong></span> <span class='ocrx_word' id='word_1_163' title='bbox 900 1721 1221 1781; x_wconf 87' lang='lat' dir='ltr'><strong>credidisse</strong></span> <span class='ocrx_word' id='word_1_164' title='bbox 1260 1722 1456 1780; x_wconf 83' lang='lat' dir='ltr'><strong>video.</strong></span> <span class='ocrx_word' id='word_1_165' title='bbox 1516 1719 1867 1781; x_wconf 80' lang='lat' dir='ltr'><strong>Aristoteles</strong></span> <span class='ocrx_word' id='word_1_166' title='bbox 1912 1722 2147 1781; x_wconf 84' lang='lat' dir='ltr'><strong>diversa</strong></span> 
     </span>
     <span class='ocr_line' id='line_1_21' title="bbox 139 1805 2306 1886; baseline 0 -19"><span class='ocrx_word' id='word_1_167' title='bbox 139 1806 327 1881; x_wconf 89' lang='lat' dir='ltr'><strong>tradit,</strong></span> <span class='ocrx_word' id='word_1_168' title='bbox 361 1807 447 1865; x_wconf 87' lang='lat' dir='ltr'><strong>vir</strong></span> <span class='ocrx_word' id='word_1_169' title='bbox 472 1823 643 1884; x_wconf 89' lang='lat' dir='ltr'><strong>quem</strong></span> <span class='ocrx_word' id='word_1_170' title='bbox 672 1806 729 1864; x_wconf 90' lang='lat' dir='ltr'><strong>in</strong></span> <span class='ocrx_word' id='word_1_171' title='bbox 762 1805 853 1864; x_wconf 93' lang='lat' dir='ltr'><strong>his</strong></span> <span class='ocrx_word' id='word_1_172' title='bbox 883 1822 1088 1882; x_wconf 85' lang='lat' dir='ltr'><strong>magna</strong></span> <span class='ocrx_word' id='word_1_173' title='bbox 1120 1813 1427 1865; x_wconf 88' lang='lat' dir='ltr'><strong>secuturus</strong></span> <span class='ocrx_word' id='word_1_174' title='bbox 1457 1824 1533 1866; x_wconf 86' lang='lat' dir='ltr'><strong>ex</strong></span> <span class='ocrx_word' id='word_1_175' title='bbox 1564 1815 1729 1884; x_wconf 89' lang='lat' dir='ltr'><strong>parte</strong></span> <span class='ocrx_word' id='word_1_176' title='bbox 1764 1805 2208 1886; x_wconf 63' lang='lat' dir='ltr'><strong>praefandumzo</strong></span> <span class='ocrx_word' id='word_1_177' title='bbox 2305 1878 2306 1881; x_wconf 7' lang='grc' dir='ltr'><strong>Ἴ</strong></span> 
     </span>
    </p>

    <p class='ocr_par' dir='ltr' id='par_1_6' title="bbox 55 1888 2306 2805">
     <span class='ocr_line' id='line_1_22' title="bbox 55 1888 2145 1967; baseline -0.003 -13"><span class='ocrx_word' id='word_1_178' title='bbox 55 1901 295 1954; x_wconf 81' lang='lat' dir='ltr'><strong>44reor.</strong></span> <span class='ocrx_word' id='word_1_179' title='bbox 357 1888 693 1948; x_wconf 84' lang='lat' dir='ltr'><strong>Alexandro</strong></span> <span class='ocrx_word' id='word_1_180' title='bbox 724 1888 933 1964; x_wconf 86' lang='lat' dir='ltr'><strong>Magno</strong></span> <span class='ocrx_word' id='word_1_181' title='bbox 965 1907 1109 1965; x_wconf 86' lang='lat' dir='ltr'><strong>rege</strong></span> <span class='ocrx_word' id='word_1_182' title='bbox 1143 1888 1485 1949; x_wconf 86' lang='lat' dir='ltr'><strong>inflammato</strong></span> <span class='ocrx_word' id='word_1_183' title='bbox 1519 1890 1786 1967; x_wconf 90' lang='lat' dir='ltr'><strong>cupidine</strong></span> <span class='ocrx_word' id='word_1_184' title='bbox 1819 1890 2145 1963; x_wconf 82' lang='lat' dir='ltr'><strong>animalium</strong></span> 
     </span>
     <span class='ocr_line' id='line_1_23' title="bbox 142 1971 2143 2050; baseline -0.001 -16"><span class='ocrx_word' id='word_1_185' title='bbox 142 1983 373 2035; x_wconf 88' lang='lat' dir='ltr'><strong>naturas</strong></span> <span class='ocrx_word' id='word_1_186' title='bbox 418 1972 695 2043; x_wconf 81' lang='lat' dir='ltr'><strong>noscendi</strong></span> <span class='ocrx_word' id='word_1_187' title='bbox 726 1971 1116 2050; x_wconf 84' lang='lat' dir='ltr'><strong>delegataque</strong></span> <span class='ocrx_word' id='word_1_188' title='bbox 1147 1973 1257 2032; x_wconf 90' lang='lat' dir='ltr'><strong>hac</strong></span> <span class='ocrx_word' id='word_1_189' title='bbox 1291 1975 1767 2033; x_wconf 88' lang='lat' dir='ltr'><strong>commentatione</strong></span> <span class='ocrx_word' id='word_1_190' title='bbox 1811 1974 2143 2049; x_wconf 85' lang='lat' dir='ltr'><strong>Aristoteli,</strong></span> 
     </span>
     <span class='ocr_line' id='line_1_24' title="bbox 141 2057 2144 2135; baseline -0.001 -17"><span class='ocrx_word' id='word_1_191' title='bbox 141 2073 359 2118; x_wconf 90' lang='lat' dir='ltr'><strong>summo</strong></span> <span class='ocrx_word' id='word_1_192' title='bbox 391 2058 448 2117; x_wconf 90' lang='lat' dir='ltr'><strong>iu</strong></span> <span class='ocrx_word' id='word_1_193' title='bbox 479 2057 629 2115; x_wconf 92' lang='lat' dir='ltr'><strong>omni</strong></span> <span class='ocrx_word' id='word_1_194' title='bbox 672 2057 933 2116; x_wconf 86' lang='lat' dir='ltr'><strong>doctrina</strong></span> <span class='ocrx_word' id='word_1_195' title='bbox 977 2058 1103 2118; x_wconf 85' lang='lat' dir='ltr'><strong>viro</strong></span> <span class='ocrx_word' id='word_1_196' title='bbox 1160 2057 1382 2135; x_wconf 87' lang='lat' dir='ltr'><strong>aliquot</strong></span> <span class='ocrx_word' id='word_1_197' title='bbox 1422 2058 1575 2117; x_wconf 90' lang='lat' dir='ltr'><strong>milia</strong></span> <span class='ocrx_word' id='word_1_198' title='bbox 1621 2057 1909 2117; x_wconf 90' lang='lat' dir='ltr'><strong>hominum</strong></span> <span class='ocrx_word' id='word_1_199' title='bbox 1957 2059 2014 2117; x_wconf 90' lang='lat' dir='ltr'><strong>in</strong></span> <span class='ocrx_word' id='word_1_200' title='bbox 2056 2066 2144 2116; x_wconf 87' lang='lat' dir='ltr'><strong>to·</strong></span> 
     </span>
     <span class='ocr_line' id='line_1_25' title="bbox 140 2137 2306 2221; baseline -0.002 -17"><span class='ocrx_word' id='word_1_201' title='bbox 140 2144 251 2205; x_wconf 87' lang='lat' dir='ltr'><strong>tius</strong></span> <span class='ocrx_word' id='word_1_202' title='bbox 291 2142 470 2202; x_wconf 82' lang='lat' dir='ltr'><strong>Asiae</strong></span> <span class='ocrx_word' id='word_1_203' title='bbox 521 2137 922 2219; x_wconf 85' lang='lat' dir='ltr'><strong>Graeciaeque</strong></span> <span class='ocrx_word' id='word_1_204' title='bbox 965 2150 1149 2201; x_wconf 90' lang='lat' dir='ltr'><strong>tractu</strong></span> <span class='ocrx_word' id='word_1_205' title='bbox 1199 2154 1407 2219; x_wconf 82' lang='lat' dir='ltr'><strong>parere</strong></span> <span class='ocrx_word' id='word_1_206' title='bbox 1456 2143 1644 2215; x_wconf 88' lang='lat' dir='ltr'><strong>iussa,</strong></span> <span class='ocrx_word' id='word_1_207' title='bbox 1693 2143 1940 2201; x_wconf 88' lang='lat' dir='ltr'><strong>omnium</strong></span> <span class='ocrx_word' id='word_1_208' title='bbox 1993 2158 2144 2218; x_wconf 88' lang='lat' dir='ltr'><strong>quos</strong></span> <span class='ocrx_word' id='word_1_209' title='bbox 2305 2216 2306 2221; x_wconf 8' lang='grc' dir='ltr'>η</span> 
     </span>
     <span class='ocr_line' id='line_1_26' title="bbox 139 2221 2306 2304; baseline -0.001 -18"><span class='ocrx_word' id='word_1_210' title='bbox 139 2235 402 2300; x_wconf 89' lang='lat' dir='ltr'><strong>venatus,</strong></span> <span class='ocrx_word' id='word_1_211' title='bbox 441 2225 681 2302; x_wconf 87' lang='lat' dir='ltr'><strong>aucupia</strong></span> <span class='ocrx_word' id='word_1_212' title='bbox 715 2226 1087 2304; x_wconf 87' lang='lat' dir='ltr'><strong>piscatusque</strong></span> <span class='ocrx_word' id='word_1_213' title='bbox 1118 2224 1350 2284; x_wconf 89' lang='lat' dir='ltr'><strong>alebant</strong></span> <span class='ocrx_word' id='word_1_214' title='bbox 1393 2224 1720 2302; x_wconf 87' lang='lat' dir='ltr'><strong>quibusque</strong></span> <span class='ocrx_word' id='word_1_215' title='bbox 1760 2225 2004 2299; x_wconf 87' lang='lat' dir='ltr'><strong>vivaria,</strong></span> <span class='ocrx_word' id='word_1_216' title='bbox 2052 2221 2206 2285; x_wconf 60' lang='grc' dir='ltr'><strong>ἀπ’-25</strong></span> <span class='ocrx_word' id='word_1_217' title='bbox 2305 2228 2306 2233; x_wconf 76' lang='grc'>’</span> 
     </span>
     <span class='ocr_line' id='line_1_27' title="bbox 137 2308 2141 2387; baseline -0 -18"><span class='ocrx_word' id='word_1_218' title='bbox 137 2320 349 2384; x_wconf 86' lang='lat' dir='ltr'><strong>menta,</strong></span> <span class='ocrx_word' id='word_1_219' title='bbox 382 2309 655 2383; x_wconf 81' lang='lat' dir='ltr'><strong>alvearia,</strong></span> <span class='ocrx_word' id='word_1_220' title='bbox 687 2310 966 2387; x_wconf 82' lang='lat' dir='ltr'><strong>piscinae,</strong></span> <span class='ocrx_word' id='word_1_221' title='bbox 1018 2310 1232 2369; x_wconf 86' lang='lat' dir='ltr'><strong>aviaria</strong></span> <span class='ocrx_word' id='word_1_222' title='bbox 1275 2310 1333 2368; x_wconf 92' lang='lat' dir='ltr'><strong>in</strong></span> <span class='ocrx_word' id='word_1_223' title='bbox 1365 2326 1500 2367; x_wconf 86' lang='lat' dir='ltr'><strong>cura</strong></span> <span class='ocrx_word' id='word_1_224' title='bbox 1537 2317 1719 2382; x_wconf 85' lang='lat' dir='ltr'><strong>erant,</strong></span> <span class='ocrx_word' id='word_1_225' title='bbox 1763 2326 1836 2367; x_wconf 89' lang='lat' dir='ltr'><strong>ne</strong></span> <span class='ocrx_word' id='word_1_226' title='bbox 1881 2308 2017 2386; x_wconf 90' lang='lat' dir='ltr'><strong>quid</strong></span> <span class='ocrx_word' id='word_1_227' title='bbox 2048 2327 2141 2368; x_wconf 88' lang='lat' dir='ltr'><strong>us·</strong></span> 
     </span>
     <span class='ocr_line' id='line_1_28' title="bbox 143 2391 2141 2472; baseline -0.001 -20"><span class='ocrx_word' id='word_1_228' title='bbox 143 2411 308 2472; x_wconf 87' lang='lat' dir='ltr'><strong>quam</strong></span> <span class='ocrx_word' id='word_1_229' title='bbox 354 2394 607 2468; x_wconf 90' lang='lat' dir='ltr'><strong>genitum</strong></span> <span class='ocrx_word' id='word_1_230' title='bbox 644 2394 1009 2468; x_wconf 89' lang='lat' dir='ltr'><strong>ignoraretur</strong></span> <span class='ocrx_word' id='word_1_231' title='bbox 1051 2391 1122 2451; x_wconf 89' lang='lat' dir='ltr'><strong>ab</strong></span> <span class='ocrx_word' id='word_1_232' title='bbox 1171 2409 1263 2451; x_wconf 90' lang='lat' dir='ltr'><strong>eo.</strong></span> <span class='ocrx_word' id='word_1_233' title='bbox 1340 2409 1494 2470; x_wconf 89' lang='lat' dir='ltr'><strong>quos</strong></span> <span class='ocrx_word' id='word_1_234' title='bbox 1527 2391 1924 2469; x_wconf 84' lang='lat' dir='ltr'><strong>percontando</strong></span> <span class='ocrx_word' id='word_1_235' title='bbox 1981 2393 2141 2470; x_wconf 88' lang='lat' dir='ltr'><strong>quin·</strong></span> 
     </span>
     <span class='ocr_line' id='line_1_29' title="bbox 143 2474 2140 2555; baseline -0.001 -19"><span class='ocrx_word' id='word_1_236' title='bbox 143 2477 412 2555; x_wconf 88' lang='lat' dir='ltr'><strong>quaginta</strong></span> <span class='ocrx_word' id='word_1_237' title='bbox 449 2476 631 2553; x_wconf 69' lang='lat' dir='ltr'><strong>ferme</strong></span> <span class='ocrx_word' id='word_1_238' title='bbox 683 2476 970 2536; x_wconf 88' lang='lat' dir='ltr'><strong>volumina</strong></span> <span class='ocrx_word' id='word_1_239' title='bbox 1025 2475 1126 2536; x_wconf 90' lang='lat' dir='ltr'><strong>illa</strong></span> <span class='ocrx_word' id='word_1_240' title='bbox 1156 2474 1459 2554; x_wconf 88' lang='lat' dir='ltr'><strong>praeclara</strong></span> <span class='ocrx_word' id='word_1_241' title='bbox 1511 2476 1584 2536; x_wconf 89' lang='lat' dir='ltr'><strong>de</strong></span> <span class='ocrx_word' id='word_1_242' title='bbox 1628 2474 1970 2535; x_wconf 87' lang='lat' dir='ltr'><strong>animalibus</strong></span> <span class='ocrx_word' id='word_1_243' title='bbox 2003 2493 2140 2534; x_wconf 91' lang='lat' dir='ltr'><strong>con-</strong></span> 
     </span>
     <span class='ocr_line' id='line_1_30' title="bbox 142 2559 2140 2641; baseline 0 -21"><span class='ocrx_word' id='word_1_244' title='bbox 142 2561 298 2621; x_wconf 90' lang='lat' dir='ltr'><strong>didit.</strong></span> <span class='ocrx_word' id='word_1_245' title='bbox 367 2577 514 2638; x_wconf 89' lang='lat' dir='ltr'><strong>quae</strong></span> <span class='ocrx_word' id='word_1_246' title='bbox 559 2578 592 2620; x_wconf 88' lang='lat' dir='ltr'><strong>a</strong></span> <span class='ocrx_word' id='word_1_247' title='bbox 634 2578 726 2619; x_wconf 90' lang='lat' dir='ltr'><strong>me</strong></span> <span class='ocrx_word' id='word_1_248' title='bbox 781 2559 1032 2619; x_wconf 91' lang='lat' dir='ltr'><strong>collecta</strong></span> <span class='ocrx_word' id='word_1_249' title='bbox 1085 2560 1140 2617; x_wconf 91' lang='lat' dir='ltr'><strong>in</strong></span> <span class='ocrx_word' id='word_1_250' title='bbox 1197 2569 1378 2619; x_wconf 89' lang='lat' dir='ltr'><strong>artum</strong></span> <span class='ocrx_word' id='word_1_251' title='bbox 1422 2577 1549 2618; x_wconf 91' lang='lat' dir='ltr'><strong>cum</strong></span> <span class='ocrx_word' id='word_1_252' title='bbox 1597 2560 1668 2641; x_wconf 80' lang='lat' dir='ltr'><strong>iis</strong></span> <span class='ocrx_word' id='word_1_253' title='bbox 1709 2576 1860 2637; x_wconf 88' lang='lat' dir='ltr'><strong>quae</strong></span> <span class='ocrx_word' id='word_1_254' title='bbox 1908 2560 2140 2636; x_wconf 76' lang='lat' dir='ltr'><strong>ignora·</strong></span> 
     </span>
     <span class='ocr_line' id='line_1_31' title="bbox 139 2642 2203 2721; baseline -0 -17"><span class='ocrx_word' id='word_1_255' title='bbox 139 2653 306 2707; x_wconf 83' lang='lat' dir='ltr'><strong>verat</strong></span> <span class='ocrx_word' id='word_1_256' title='bbox 338 2660 556 2721; x_wconf 89' lang='lat' dir='ltr'><strong>quaeso</strong></span> <span class='ocrx_word' id='word_1_257' title='bbox 598 2651 660 2701; x_wconf 91' lang='lat' dir='ltr'><strong>ut</strong></span> <span class='ocrx_word' id='word_1_258' title='bbox 701 2644 967 2719; x_wconf 85' lang='lat' dir='ltr'><strong>legentes</strong></span> <span class='ocrx_word' id='word_1_259' title='bbox 1002 2642 1138 2702; x_wconf 89' lang='lat' dir='ltr'><strong>boni</strong></span> <span class='ocrx_word' id='word_1_260' title='bbox 1169 2643 1491 2719; x_wconf 85' lang='lat' dir='ltr'><strong>consulant,</strong></span> <span class='ocrx_word' id='word_1_261' title='bbox 1524 2643 1581 2701; x_wconf 90' lang='lat' dir='ltr'><strong>in</strong></span> <span class='ocrx_word' id='word_1_262' title='bbox 1622 2643 1907 2702; x_wconf 85' lang='lat' dir='ltr'><strong>universis</strong></span> <span class='ocrx_word' id='word_1_263' title='bbox 1946 2660 2203 2703; x_wconf 66' lang='lat' dir='ltr'><strong>rerumne</strong></span> 
     </span>
     <span class='ocr_line' id='line_1_32' title="bbox 140 2726 2141 2805; baseline 0 -19"><span class='ocrx_word' id='word_1_264' title='bbox 140 2738 375 2789; x_wconf 89' lang='lat' dir='ltr'><strong>naturae</strong></span> <span class='ocrx_word' id='word_1_265' title='bbox 413 2726 689 2804; x_wconf 88' lang='lat' dir='ltr'><strong>operibus</strong></span> <span class='ocrx_word' id='word_1_266' title='bbox 721 2727 1027 2805; x_wconf 88' lang='lat' dir='ltr'><strong>medioque</strong></span> <span class='ocrx_word' id='word_1_267' title='bbox 1058 2726 1360 2786; x_wconf 87' lang='lat' dir='ltr'><strong>clarissimi</strong></span> <span class='ocrx_word' id='word_1_268' title='bbox 1403 2745 1605 2803; x_wconf 89' lang='lat' dir='ltr'><strong>regum</strong></span> <span class='ocrx_word' id='word_1_269' title='bbox 1636 2728 1881 2785; x_wconf 91' lang='lat' dir='ltr'><strong>omnium</strong></span> <span class='ocrx_word' id='word_1_270' title='bbox 1912 2726 2141 2786; x_wconf 89' lang='lat' dir='ltr'><strong>deside·</strong></span> 
     </span>
    </p>

    <p class='ocr_par' dir='ltr' id='par_1_7' title="bbox 59 2808 2145 3056">
     <span class='ocr_line' id='line_1_33' title="bbox 59 2808 2141 2889; baseline -0.001 -16"><span class='ocrx_word' id='word_1_271' title='bbox 59 2821 127 2873; x_wconf 80' lang='lat'><strong>45</strong></span> <span class='ocrx_word' id='word_1_272' title='bbox 143 2815 228 2872; x_wconf 91' lang='lat' dir='ltr'><strong>rio</strong></span> <span class='ocrx_word' id='word_1_273' title='bbox 274 2808 650 2872; x_wconf 82' lang='lat' dir='ltr'><strong>cura&#39;nostra</strong></span> <span class='ocrx_word' id='word_1_274' title='bbox 695 2810 950 2870; x_wconf 89' lang='lat' dir='ltr'><strong>breviter</strong></span> <span class='ocrx_word' id='word_1_275' title='bbox 980 2811 1440 2889; x_wconf 88' lang='lat' dir='ltr'><strong>peregrinantes.</strong></span> <span class='ocrx_word' id='word_1_276' title='bbox 1507 2812 1555 2870; x_wconf 88' lang='lat' dir='ltr'><strong>is</strong></span> <span class='ocrx_word' id='word_1_277' title='bbox 1599 2827 1744 2887; x_wconf 90' lang='lat' dir='ltr'><strong>ergo</strong></span> <span class='ocrx_word' id='word_1_278' title='bbox 1780 2808 1955 2869; x_wconf 86' lang='lat' dir='ltr'><strong>tradit</strong></span> <span class='ocrx_word' id='word_1_279' title='bbox 1987 2809 2141 2870; x_wconf 86' lang='lat' dir='ltr'><strong>leae·</strong></span> 
     </span>
     <span class='ocr_line' id='line_1_34' title="bbox 144 2894 2142 2974; baseline -0.001 -19"><span class='ocrx_word' id='word_1_280' title='bbox 144 2915 271 2958; x_wconf 90' lang='lat' dir='ltr'><strong>nam</strong></span> <span class='ocrx_word' id='word_1_281' title='bbox 309 2897 492 2974; x_wconf 93' lang='lat' dir='ltr'><strong>primo</strong></span> <span class='ocrx_word' id='word_1_282' title='bbox 537 2894 656 2954; x_wconf 86' lang='lat' dir='ltr'><strong>fetu</strong></span> <span class='ocrx_word' id='word_1_283' title='bbox 687 2912 916 2972; x_wconf 75' lang='lat' dir='ltr'><strong>parere·</strong></span> <span class='ocrx_word' id='word_1_284' title='bbox 948 2896 1198 2972; x_wconf 88' lang='lat' dir='ltr'><strong>quinque</strong></span> <span class='ocrx_word' id='word_1_285' title='bbox 1234 2894 1489 2968; x_wconf 90' lang='lat' dir='ltr'><strong>catulos,</strong></span> <span class='ocrx_word' id='word_1_286' title='bbox 1544 2912 1613 2954; x_wconf 90' lang='lat' dir='ltr'><strong>ac</strong></span> <span class='ocrx_word' id='word_1_287' title='bbox 1647 2912 1754 2973; x_wconf 92' lang='lat' dir='ltr'><strong>per</strong></span> <span class='ocrx_word' id='word_1_288' title='bbox 1811 2910 1992 2952; x_wconf 85' lang='lat' dir='ltr'><strong>annos</strong></span> <span class='ocrx_word' id='word_1_289' title='bbox 2027 2896 2142 2953; x_wconf 87' lang='lat' dir='ltr'><strong>sin·</strong></span> 
     </span>
     <span class='ocr_line' id='line_1_35' title="bbox 142 2977 2145 3056; baseline -0.002 -16"><span class='ocrx_word' id='word_1_290' title='bbox 142 2981 312 3056; x_wconf 87' lang='lat' dir='ltr'><strong>gulos</strong></span> <span class='ocrx_word' id='word_1_291' title='bbox 344 2995 454 3039; x_wconf 91' lang='lat' dir='ltr'><strong>uno</strong></span> <span class='ocrx_word' id='word_1_292' title='bbox 497 2980 700 3053; x_wconf 72' lang='lat' dir='ltr'><strong>minuS,</strong></span> <span class='ocrx_word' id='word_1_293' title='bbox 747 2977 816 3038; x_wconf 90' lang='lat' dir='ltr'><strong>ab</strong></span> <span class='ocrx_word' id='word_1_294' title='bbox 849 2995 960 3037; x_wconf 92' lang='lat' dir='ltr'><strong>uno</strong></span> <span class='ocrx_word' id='word_1_295' title='bbox 994 2979 1387 3037; x_wconf 89' lang='lat' dir='ltr'><strong>sterilescere.</strong></span> <span class='ocrx_word' id='word_1_296' title='bbox 1451 2977 1707 3037; x_wconf 83' lang='lat' dir='ltr'><strong>informis</strong></span> <span class='ocrx_word' id='word_1_297' title='bbox 1751 2978 2145 3055; x_wconf 90' lang='lat' dir='ltr'><strong>minumasque</strong></span> 
     </span>
    </p>

    <p class='ocr_par' dir='ltr' id='par_1_8' title="bbox 144 3061 2204 3390">
     <span class='ocr_line' id='line_1_36' title="bbox 147 3061 2204 3138; baseline 0.002 -16"><span class='ocrx_word' id='word_1_298' title='bbox 147 3065 335 3122; x_wconf 90' lang='lat' dir='ltr'><strong>carnis</strong></span> <span class='ocrx_word' id='word_1_299' title='bbox 367 3062 750 3138; x_wconf 88' lang='lat' dir='ltr'><strong>magnitudine</strong></span> <span class='ocrx_word' id='word_1_300' title='bbox 780 3061 1146 3121; x_wconf 86' lang='lat' dir='ltr'><strong>mustelarum</strong></span> <span class='ocrx_word' id='word_1_301' title='bbox 1184 3080 1317 3121; x_wconf 88' lang='lat' dir='ltr'><strong>esse</strong></span> <span class='ocrx_word' id='word_1_302' title='bbox 1351 3062 1539 3133; x_wconf 87' lang='lat' dir='ltr'><strong>initio,</strong></span> <span class='ocrx_word' id='word_1_303' title='bbox 1592 3063 1890 3121; x_wconf 90' lang='lat' dir='ltr'><strong>semestris</strong></span> <span class='ocrx_word' id='word_1_304' title='bbox 1924 3062 2025 3120; x_wconf 82' lang='lat' dir='ltr'><strong>vix</strong></span> <span class='ocrx_word' id='word_1_305' title='bbox 2056 3063 2139 3122; x_wconf 85' lang='lat' dir='ltr'><strong>iu·</strong></span> <span class='ocrx_word' id='word_1_306' title='bbox 2159 3084 2204 3126; x_wconf 70' lang='grc' dir='ltr'><strong>ει</strong></span> 
     </span>
     <span class='ocr_line' id='line_1_37' title="bbox 146 3140 2142 3223; baseline 0 -19"><span class='ocrx_word' id='word_1_307' title='bbox 146 3145 311 3221; x_wconf 89' lang='lat' dir='ltr'><strong>gredi</strong></span> <span class='ocrx_word' id='word_1_308' title='bbox 347 3163 558 3221; x_wconf 89' lang='lat' dir='ltr'><strong>posse,</strong></span> <span class='ocrx_word' id='word_1_309' title='bbox 604 3164 712 3204; x_wconf 91' lang='lat' dir='ltr'><strong>nec</strong></span> <span class='ocrx_word' id='word_1_310' title='bbox 750 3147 857 3204; x_wconf 89' lang='lat' dir='ltr'><strong>nisi</strong></span> <span class='ocrx_word' id='word_1_311' title='bbox 896 3140 1184 3210; x_wconf 81' lang='lat' dir='ltr'><strong>bimestris</strong></span> <span class='ocrx_word' id='word_1_312' title='bbox 1219 3147 1460 3218; x_wconf 90' lang='lat' dir='ltr'><strong>moveri,</strong></span> <span class='ocrx_word' id='word_1_313' title='bbox 1494 3146 1549 3203; x_wconf 92' lang='lat' dir='ltr'><strong>in</strong></span> <span class='ocrx_word' id='word_1_314' title='bbox 1574 3144 1809 3223; x_wconf 89' lang='lat' dir='ltr'><strong>Europa</strong></span> <span class='ocrx_word' id='word_1_315' title='bbox 1841 3154 2032 3204; x_wconf 87' lang='lat' dir='ltr'><strong>autem</strong></span> <span class='ocrx_word' id='word_1_316' title='bbox 2059 3145 2142 3205; x_wconf 90' lang='lat' dir='ltr'><strong>in-</strong></span> 
     </span>
     <span class='ocr_line' id='line_1_38' title="bbox 144 3226 2143 3305; baseline 0.002 -19"><span class='ocrx_word' id='word_1_317' title='bbox 144 3237 236 3286; x_wconf 91' lang='lat' dir='ltr'><strong>ter</strong></span> <span class='ocrx_word' id='word_1_318' title='bbox 257 3226 578 3286; x_wconf 90' lang='lat' dir='ltr'><strong>Acheloum</strong></span> <span class='ocrx_word' id='word_1_319' title='bbox 600 3237 811 3288; x_wconf 87' lang='lat' dir='ltr'><strong>tantum</strong></span> <span class='ocrx_word' id='word_1_320' title='bbox 836 3227 1194 3305; x_wconf 87' lang='lat' dir='ltr'><strong>Mestumque</strong></span> <span class='ocrx_word' id='word_1_321' title='bbox 1224 3229 1400 3286; x_wconf 89' lang='lat' dir='ltr'><strong>amnis</strong></span> <span class='ocrx_word' id='word_1_322' title='bbox 1426 3228 1630 3287; x_wconf 89' lang='lat' dir='ltr'><strong>leones</strong></span> <span class='ocrx_word' id='word_1_323' title='bbox 1655 3247 1810 3302; x_wconf 87' lang='lat' dir='ltr'><strong>esse,</strong></span> <span class='ocrx_word' id='word_1_324' title='bbox 1835 3227 1941 3287; x_wconf 88' lang='lat' dir='ltr'><strong>sed</strong></span> <span class='ocrx_word' id='word_1_325' title='bbox 1962 3227 2143 3305; x_wconf 84' lang='lat' dir='ltr'><strong>longe</strong></span> 
     </span>
     <span class='ocr_line' id='line_1_39' title="bbox 146 3309 1968 3390; baseline 0.001 -22"><span class='ocrx_word' id='word_1_326' title='bbox 146 3309 361 3368; x_wconf 87' lang='lat' dir='ltr'><strong>viribus</strong></span> <span class='ocrx_word' id='word_1_327' title='bbox 396 3314 847 3387; x_wconf 86' lang='lat' dir='ltr'><strong>praestantiores</strong></span> <span class='ocrx_word' id='word_1_328' title='bbox 878 3314 948 3371; x_wconf 91' lang='lat' dir='ltr'><strong>iis</strong></span> <span class='ocrx_word' id='word_1_329' title='bbox 984 3330 1128 3390; x_wconf 88' lang='lat' dir='ltr'><strong>quos</strong></span> <span class='ocrx_word' id='word_1_330' title='bbox 1163 3310 1361 3368; x_wconf 85' lang='lat' dir='ltr'><strong>Africa</strong></span> <span class='ocrx_word' id='word_1_331' title='bbox 1393 3320 1487 3370; x_wconf 89' lang='lat' dir='ltr'><strong>aut</strong></span> <span class='ocrx_word' id='word_1_332' title='bbox 1517 3312 1682 3386; x_wconf 80' lang='lat' dir='ltr'><strong>Syria</strong></span> <span class='ocrx_word' id='word_1_333' title='bbox 1716 3313 1968 3388; x_wconf 89' lang='lat' dir='ltr'><strong>gignant.</strong></span> 
     </span>
    </p>
   </div>
   <div class='ocr_carea' id='block_1_3' title="bbox 9 3470 131 3556">
    <p class='ocr_par' dir='ltr' id='par_1_9' title="bbox 9 3470 131 3556">
     <span class='ocr_line' id='line_1_40' title="bbox 9 3470 131 3556; baseline 0 0"><span class='ocrx_word' id='word_1_334' title='bbox 9 3470 131 3556; x_wconf 56' lang='lat' dir='ltr'><strong>k</strong></span> 
     </span>
    </p>
   </div>
   <div class='ocr_carea' id='block_1_4' title="bbox 2302 1653 2311 2207">
    <p class='ocr_par' dir='ltr' id='par_1_10' title="bbox 2302 1653 2311 2207">
     <span class='ocr_line' id='line_1_41' title="bbox 2302 1653 2311 2207; baseline 0 0"><span class='ocrx_word' id='word_1_335' title='bbox 2302 1653 2311 2207; x_wconf 95' lang='lat' dir='ltr'><strong> </strong></span> 
     </span>
    </p>
   </div>
  </div>
 </body>
</html>
