2320 3650
620 148 782 194 NAT.
814 146 997 193 ms'r.
1030 146 1181 193 vm.
1228 141 1467 194 38—40.
1508 134 1816 212 (57—61.)
2103 134 2193 195 69

188 311 302 375 tes,
335 300 483 360 haec
514 310 679 360 erant
707 301 979 360 fidissima
1011 300 1221 360 auxilia
1252 315 1361 358 nec
1391 299 1805 377 stipendiorum
1834 301 2045 378 indiga.
2101 315 2193 360 ca·

190 396 298 445 n‘es
330 384 653 444 defendere
686 382 934 443 Cimbris
972 385 1162 443 caesis
1194 383 1393 441 domus
1436 399 1635 442 eorum
1674 384 1947 460 plaustris
1973 386 2191 463 inposi—

186 478 300 529 tas.
355 470 517 529 canis
560 468 769 528 Iasone
810 467 989 543 Lycio
1030 467 1339 526 interf-ecto
1383 466 1570 525 cibum
1617 484 1831 544 capere
1863 469 2045 528 noluit
2076 472 2195 527 ine-

191 554 402 629 diaque
434 562 805 631 consumptus
848 562 957 611 est.
1025 553 1074 609 is
1119 568 1263 610 vero
1312 552 1402 609 cui
1447 568 1655 609 nomen
1699 550 1949 625 Hyrcani
2002 553 2193 612 reddit

136 654 161 693 ⁵
187 636 364 696 Duris
394 654 650 696 accenso
674 638 832 713 regis
863 635 1187 711 Lysimachi
1225 652 1373 711 rogo
1407 636 1600 693 iniecit
1632 653 1695 693 se
1727 635 2005 710 flammae,
2041 638 2191 695 simi-

190 720 440 799 literque
471 721 742 779 Hieronis
772 721 951 796 regis.
995 719 1288 778 Memorat>
1314 727 1371 777 et
1401 719 1638 793 Pyrrum
1671 718 1907 778 Gelonis
1933 721 2157 793 tyranni
2178 732 2277 785 144
2303 719 2304 722 ’

192 822 393 866 canem
456 804 747 864 Philistus.
821 812 1172 862 memoratur
1215 802 1650 884 etnNicomedis
1688 802 1988 877 Bithyniae
2033 806 2190 879 regis

188 906 376 948 uxore
407 890 532 947 eius
562 886 840 964 consingi
872 887 1126 946 lacerata
1156 896 1398 964 propter
1430 888 1795 946 lasciviorem
1828 890 2190 947 cumaemarito

187 973 400 1031 iocum.
463 972 615 1049 apud
651 988 760 1030 nos
806 971 1135 1030 Volcatium
1180 970 1435 1029 nobilem
1467 972 1563 1048 qui
1601 969 1951 1030 Cascellium
1991 973 2079 1029 ins
2114 974 2189 1030 ci-

117 1079 171 1119 m
189 1056 308 1114 vile
344 1056 541 1115 docuit
578 1066 892 1115 asturcone
936 1073 968 1113 e
1001 1054 1329 1113 suburbano
1361 1054 1718 1128 redeuntem,
1755 1073 1882 1113 cum
1907 1055 2189 1133 advespe-

190 1140 461 1212 ravisset,
495 1141 653 1198 canis
690 1157 722 1199 a
763 1148 1101 1215 grassatore
1148 1139 1424 1197 defendit.
1484 1133 1620 1197 item
1663 1137 1924 1198 Caelium
1961 1149 2188 1199 senato-

189 1241 312 1282 rem
342 1241 580 1299 aegrum
611 1223 942 1302 Placentiae
978 1222 1051 1281 ab
1082 1224 1309 1281 armatis
1345 1238 1709 1299 oppressum,
1759 1231 1868 1281 nec
1896 1225 2055 1301 prins
2090 1223 2189 1283 ille

185 1308 525 1366 volneratus
571 1317 663 1366 est
700 1325 867 1388 quam
918 1324 1059 1365 cane
1112 1308 1477 1383 interempto.
1541 1307 1645 1365 sed
1676 1324 1854 1383 super
1878 1310 2063 1366 omnia
2094 1311 2151 1366 in
2175 1318 2274 1369 145

191 1400 392 1449 nostro
418 1407 574 1451 aevo
606 1393 750 1450 actis
780 1391 983 1468 populi
1018 1390 1260 1449 Romani
1302 1399 1570 1448 testatum
1604 1390 1797 1467 Appio
1832 1389 1992 1449 Iunio
2031 1400 2089 1449 et
2125 1391 2187 1451 P.

118 1501 169 1539 15
190 1475 334 1533 Silio
372 1492 551 1549 coss,
614 1492 740 1533 cum
773 1475 1327 1533 animadverteretur
1365 1492 1439 1531 ex
1472 1491 1643 1531 causa
1674 1473 1922 1532 Neronis
1959 1474 2189 1534 Germa—

187 1559 304 1617 nici
336 1558 416 1617 fili
464 1560 518 1616 in
549 1557 752 1617 Titium
795 1558 1062 1617 Sabinum
1094 1567 1152 1616 et
1195 1559 1428 1617 servitia
1464 1560 1622 1631 eiuS‚
1669 1559 1829 1615 unius
1868 1576 1941 1639 ex
1976 1558 2063 1616 his
2097 1577 2189 1617 ca-

189 1660 321 1700 nem
354 1660 463 1701 nec
498 1644 554 1700 in
599 1661 843 1701 carcere
876 1641 1031 1718 abigi
1064 1644 1324 1719 potuisse
1355 1657 1471 1700 ‘nec
1502 1660 1533 1701 a
1572 1657 1823 1718 corpore
1864 1644 2190 1701 recessisse

191 1725 405 1784 abiecti
461 1729 518 1786 in
575 1726 853 1802 gradibus
905 1728 1225 1801 gemitoriis
1288 1735 1545 1785 maestos
1609 1726 1875 1784 edentem
1940 1727 2191 1786 ululatus
2223 1777 2230 1782 ,

187 1828 393 1886 magna
422 1811 628 1888 populi
660 1809 900 1870 Romani
944 1827 1181 1885 corona,
1222 1830 1295 1870 ex
1341 1825 1452 1888 qua
1493 1829 1618 1870 cum
1656 1810 1881 1888 quidam
1913 1812 1968 1870 ei
2003 1810 2191 1870 cibum
2255 1830 2258 1833 “

116 1920 171 1960 20
190 1895 544 1969 obiecisset,
594 1893 665 1954 ad
711 1910 778 1953 os
819 1894 1076 1954 defuncti
1115 1896 1343 1954 tulisse.
1409 1897 1682 1954 innatavit
1721 1895 2191 1958 idemscadavere

187 1981 245 2037 in
280 1978 533 2037 Tiberim
569 1979 800 2037 abiecto
832 1989 1154 2038 sustentare
1188 1988 1460 2054 conatam,
1508 1979 1689 2038 effusa
1731 1979 2088 2057 multitudine
2122 1981 2192 2038 ad

189 2060 562 2140 spectandam
599 2063 858 2122 animalis
902 2063 1088 2121 fldem.
1163 2064 1288 2121 Soli
1326 2064 1609 2121 dominum
1641 2078 1859 2121 novere
1893 2071 1949 2121 et
1994 2066 2155 2139 igno·
2177 2073 2276 2126 146

188 2148 306 2205 tum
338 2162 594 2223 quoque,
633 2149 681 2204 si
719 2155 962 2223 repente
990 2148 1204 2219 veniat,
1243 2147 1606 2222 intellegunt.
1660 2146 1771 2204 soli
1803 2149 2029 2205 nomina
2066 2165 2190 2221 sua,

190 2230 313 2287 'soli‘
350 2246 557 2287 vocem
598 2229 970 2288 domesticam
1013 2239 1354 2305 agnoscunt.
1448 2231 1652 2287 itinera
1709 2231 1967 2327 quamvis
2019 2230 2194 2305 longa

114 2337 169 2376 25
192 2315 529 2389 meminere,
567 2332 677 2372 nec
707 2313 809 2372 ulli
843 2323 1077 2390 praeter
1119 2314 1406 2371 hominem
1447 2315 1718 2370 memoria
1751 2316 1949 2371 maior.
2016 2315 2191 2390 impe-

188 2406 282 2454 tus
320 2412 520 2454 eorum
559 2407 618 2455 et
661 2398 902 2456 saevitia
936 2399 1224 2472 mitigatur
1266 2396 1336 2456 ab
1385 2397 1614 2455 homine
1647 2397 1987 2454 considente
2020 2397 2190 2456 humi.

188 2470 454 2539 Pluru‘ma
487 2480 599 2539 alia
633 2483 689 2539 in
713 2481 802 2540 his
835 2497 1066 2559 quoque
1096 2483 1212 2539 vita
1240 2482 1474 2555 invenit,
1503 2481 1607 2539 sed
1639 2482 1694 2537 in
1719 2490 1927 2539 venatu
1954 2480 2276 2545 sotter-147

165 2565 267 2622 ·tia
302 2573 360 2622 et
390 2568 679 2640 sagacitas
711 2567 1025 2642 praecipua
1063 2575 1167 2623 est.
1230 2574 1519 2624 scrutatur
1562 2564 1806 2640 vestigia
1851 2573 2023 2642 atque
2059 2580 2189 2643 per-

191 2649 484 2725 sequitur3
547 2648 911 2706 comitantem
976 2649 1046 2707 ad
1100 2649 1284 2708 feram
1322 2649 1716 2726 inquisitorem
1765 2649 1893 2707 loro
1937 2648 2195 2722 trahenS,

116 2755 172 2796 30
195 2749 304 2808 qua
337 2732 461 2789 visa
489 2750 655 2809 quam
691 2730 870 2789 silens
904 2741 962 2790 et
995 2734 1225 2792 occulta
1258 2734 1361 2792 sed
1396 2750 1564 2810 quam
1597 2733 1926 2809 significans
1958 2732 2192 2790 demon-

194 2816 395 2872 str-atio
431 2824 521 2874 est
545 2815 728 2875 cauda
752 2817 1013 2893 primum,
1052 2815 1259 2876 deinde
1287 2827 1499 2876 rostr0.
1570 2834 1715 2894 ergo
1747 2818 1918 2875 etiam
1955 2825 2195 2875 senecta

192 2898 388 2956 fessos
437 2917 770 2976 caecosque
812 2917 882 2958 ac
925 2900 1134 2959 debilis
1183 2903 1308 2959 sinu
1372 2902 1564 2960 ferunt
1597 2910 1808 2960 ventos
1854 2907 1914 2959 et
1957 2900 2198 2959 odorem

193 2984 474 3059 captantis
516 2982 1037 3062 protendentisque
1066 2994 1255 3042 rostra
1287 2986 1357 3043 ad
1390 2985 1619 3045 cubilia.
1686 2984 1735 3043 E
1766 2983 2010 3061 tigribus
2048 3000 2153 3044 eos
2177 2995 2283 3049 148

191 3064 314 3124 Indi
346 3066 547 3127 volunt
579 3064 831 3145 concipi,
866 3076 925 3126 et
956 3067 1034 3126 ob
1061 3068 1117 3126 id
1148 3068 1204 3125 in
1234 3068 1393 3127 silvis
1419 3070 1605 3128 coitus
1641 3079 1905 3146 tempore
1941 3068 2199 3144 adligant

115 3172 171 3213 35
192 3148 456 3209 feminas.
519 3153 705 3229 primo
741 3161 799 3210 et
830 3154 1087 3211 seeundo
1134 3152 1264 3211 fetu·
1309 3154 1474 3211 nimis
1516 3153 1736 3211 ferocis
1780 3160 1978 3230 putant
2012 3154 2196 3228 gigni,

191 3234 368 3292 tertio
399 3234 626 3294 demum
661 3236 926 3295 educant.
986 3237 1099 3296 hoc
1130 3236 1284 3295 idem
1316 3252 1348 3294 e
1380 3236 1531 3313 lupis
1570 3236 1739 3299 Galli
1793 3252 2035 3313 quorum
2066 3254 2199 3312 gre-

190 3332 299 3414 ges
329 3335 493 3378 suum
531 3321 773 3397 quisque
797 3320 1094 3380 ductorem
1128 3340 1160 3379 e
1186 3320 1421 3379 canibus
1454 3328 1512 3378 et
1539 3301 1752 3378 ducem
1776 3320 2007 3379 habent.
2041 3319 2201 3378 illum

128 3412 133 3415 ·
190 3400 249 3456 in
281 3412 494 3461 venatu
532 3404 901 3478 comitantur,
936 3405 1017 3463 illi
1053 3414 1273 3483 parent
1331 3422 1575 3482 namque
1619 3407 1767 3463 inter
1812 3423 1876 3463 se
1923 3409 2202 3462 exercent

2209 3535 2320 3572 „A-
