2320 3650
595 148 757 194 NAT.
789 147 970 195 ms'r.
1002 148 1097 194 xr.
1134 146 1371 229 185-21.
1437 138 1745 222 (ms—24.)
2049 105 2169 201 1³69

129 304 335 364 scitur
384 309 441 359 et
473 300 745 377 relinquit
794 311 1166 360 excrementa
1198 320 1229 360 e
1262 301 1469 384 quibus
1503 304 1798 364 teredines
1843 306 2168 381 gignuntur.

127 389 240 448 fila
282 387 462 444 etiam
497 402 811 458 araneosa,
849 402 1208 463 quacumque
1240 388 1510 462 incessit,
1546 388 1762 447 alarum
1793 407 2057 449 maxume
2089 392 2170 451 la-

127 472 375 548 nugine
424 469 669 528 obtexit.
761 467 1089 528 Nascuntur
1126 479 1184 528 et
1227 472 1281 528 in
1324 471 1452 550 ipso
1497 471 1656 549 ligno
1696 473 1991 533 teredines
2017 486 2258 574 quae66

128 573 324 616 ceras
366 554 682 630 praecipue
727 553 1023 629 adpetunt.
1094 554 1330 613 infestat
1361 564 1418 613 et
1449 557 1688 616 aviditas
1737 567 1969 655 pastuS‚
2002 562 2172 620 nimia

75 670 100 707 5
125 640 364 700 florum
411 639 676 696 satietate
721 653 903 695 verno
940 655 1202 697 maxume
1233 647 1498 736 tempore
1542 641 1674 700 alvo
1710 642 1841 700 cita.
1877 642 2013 701 oleo
2049 647 2170 721 qui·

125 725 279 785 dem
312 737 432 779 non
463 739 605 799 apes
636 729 852 779 tantum
885 720 988 780 sed
1026 723 1213 782 omnia
1244 723 1465 782 insecta
1499 726 1911 801 exanimantur,
1942 729 2169 803 praeci-

121 825 264 889 pue
311 807 365 864 si
411 807 603 883 =capite
647 812 822 863 uncto
873 806 928 862 in
974 806 1103 864 sole
1149 816 1452 884 ponantur.
1549 808 1877 907 Aliquando
1913 819 1970 867 et
2004 812 2167 888 ipsae
2188 823 2255 877 67

125 889 502 953 contrahunt
535 890 734 947 mortis
766 887 876 948 sibi
910 907 1137 965 causaS‚
1174 908 1299 950 cum
1324 909 1577 963 sensere
1612 894 1784 951 eximi
1815 893 2010 969 mella,
2052 898 2167 955 avi—

108 971 212 1037 de
254 981 558 1047 voranteS‚
596 981 797 1031 cetero
838 990 1221 1051 praeparcae,
1257 985 1316 1033 et
1347 993 1497 1052 quae
1531 976 1746 1054 alioqui
1777 978 2056 1055 prodigas
2089 989 2168 1037 at·

52 1088 104 1128 10
127 1077 260 1140 que
289 1057 493 1117 edacis
525 1073 639 1115 non
670 1071 843 1114 secus
876 1076 944 1117 33
968 1059 1165 1135 pigras
1197 1068 1369 1136 atque
1395 1062 1632 1135 ignavas
1659 1060 2018 1138 proturbent.
2053 1062 2168 1121 No-

127 1152 283 1205 cent
321 1150 385 1200 et
416 1160 519 1199 sua
554 1140 728 1199 mella
761 1141 925 1218 ipsiS,
950 1141 1265 1219 inlitaeque
1286 1142 1366 1222 'ab
1392 1161 1598 1203 aversa
1631 1154 1798 1222 parte
1828 1148 2165 1205 moriuntur.

125 1227 259 1289 T'ot
294 1225 587 1300 hostibuS‚
622 1233 711 1283 tot
736 1224 1135 1284 casibus—et
1170 1235 1398 1303 quotam
1434 1230 1760 1305 portionem
1787 1247 1988 1288 eorum
2014 1248 2168 1289 com-

125 1307 459 1372 memoro?
493 1343 577 1354 —
604 1317 718 1368 tam
751 1309 1074 1386 munificum
1120 1310 1327 1369 animal
1371 1314 1696 1389 expositum
1741 1323 1848 1371 est.
1914 1315 2168 1374 remedia

128 1397 415 1459 dicemus
447 1394 564 1451 suis
595 1392 764 1452 locis,
826 1407 975 1452 nunc
1009 1394 1156 1452 enim
1181 1410 1374 1452 sermo
1408 1395 1480 1453 de
1511 1405 1710 1454 natura
1736 1405 1843 1453 est.

55 1497 106 1536 15
276 1478 383 1537 20.
413 1476 580 1554 (22.)
616 1476 875 1537 Gaudent
906 1477 1109 1555 plausu
1147 1488 1322 1556 atque
1357 1479 1555 1536 tinnitu
1594 1480 1769 1553 aeriS‚
1804 1473 1994 1557 eoque
2030 1498 2165 1539 con·
2185 1491 2258 1545 68

126 1571 453 1642 voca-ntur
518 1578 631 1638 quo
662 1561 1020 1620 manifestum
1053 1571 1143 1620 est
1175 1562 1398 1621 auditus
1433 1579 1664 1640 quoque
1693 1564 1888 1622 inesse
1913 1583 2165 1623 sensum.

126 1634 384 1709 Είΐεοῐο
419 1662 626 1723 opere,
666 1645 877 1704 educto
909 1646 1055 1720 fetu,
1082 1646 1314 1705 functae
1346 1664 1582 1705 munere
1613 1649 1764 1705 omni
1797 1650 2166 1707 exercitatio-

126 1751 274 1793 nem
304 1740 500 1789 tamen
533 1729 876 1787 sollemnem
902 1729 1136 1804 habent,
1164 1732 1565 1808 spatiataeque
1598 1732 1652 1787 in
1678 1739 1884 1808 aperto
1911 1742 1968 1791 et
1998 1734 2053 1790 in
2085 1733 2166 1792 al-

127 1828 260 1878 tum
297 1814 515 1913 eulatae,
550 1814 707 1890 gyris
735 1813 930 1873 volatu
965 1812 1153 1889 editis,
1180 1823 1296 1874 tum
1321 1807 1546 1875 demum
1575 1815 1648 1875 ad
1682 1815 1874 1877 cibum
1899 1816 2164 1876 redeunt.

51 1902 280 1960 zoVita
326 1899 397 1956 iis
435 1898 805 1996 longissima,
859 1907 919 1956 ut
960 1915 1248 1976 prospere
1283 1901 1508 1959 inimica
1555 1918 1623 1959 ac
1666 1900 1900 1960 fortuita
1938 1902 2165 1977 cedant,
2184 1909 2253 1964 69

128 1984 413 2063 septenis
444 1985 605 2042 annis
637 1983 927 2040 universa.
998 1982 1185 2040 Alvos
1221 2001 1550 2082 numquam
1560 1984 1706 2044 ultra
1744 1984 1950 2043 decem
1985 2003 2167 2043 annos

127 2070 392 2131 durasse
439 2064 717 2143 proditur
807 2073 936 2124 sunt
988 2067 1083 2143 qui
1128 2077 1418 2141 mortuaS,
1456 2069 1504 2126 si
1548 2068 1691 2127 intra
1727 2060 1940 2127 tectum
1976 2069 2168 2128 hieme

130 2159 490 2224 serventur,
540 2148 748 2208 deinde
792 2150 920 2209 sole
964 2167 1148 2208 verno
1192 2160 1518 2209 torreantur
1561 2169 1630 2210 ac
1677 2151 1929 2211 ficulneo
1968 2154 2164 2210 cinere

129 2235 352 2314 tepido
388 2235 727 2308 foveantur,
784 2242 985 2311 putent
1035 2235 1416 2292 reviviscere.
1475 2233 1642 2312 (23.)
1703 2237 1756 2292 in
1801 2243 1980 2292 totum
2020 2251 2165 2293 vero
2184 2241 2253 2296 70

50 2330 111 2370 ²⁵
133 2321 394 2381 amissas
427 2320 688 2395 reparari
714 2317 1013 2385 ventribus
1039 2316 1267 2377 bubulis
1300 2317 1634 2376 recentibus
1668 2334 1793 2376 cum
1823 2318 1956 2376 fimo
1992 2318 2162 2378 obru-

131 2407 237 2477 tis,
268 2402 573 2478 Vergilius
605 2403 978 2460 iuvencorum
1016 2418 1271 2480 corpore
1308 2403 1664 2477 exanimat0‚
1703 2403 1853 2460 sicut
1885 2420 2166 2480 equorum

132 2505 365 2567 vespas
392 2495 565 2564 atque
602 2485 953 2560 crabrones,
992 2488 1138 2545 sicut
1169 2488 1456 2563 asinorum
1493 2485 1878 2559 scarabaeos,
1908 2490 2163 2546 mutante

134 2582 350 2632 natura
400 2588 476 2629 ex
519 2570 646 2628 aliis
683 2570 964 2647 quaedam
998 2572 1056 2628 in
1092 2570 1223 2629 alia.
1296 2569 1399 2629 sed
1440 2569 1642 2628 horum
1684 2571 1931 2629 omnium
1976 2573 2165 2630 coitus

134 2663 478 2716 cernuntur.
543 2662 603 2712 et
634 2662 825 2725 tamen
850 2654 905 2711 in
933 2653 1054 2713 fetu
1078 2654 1281 2713 eadem
1307 2672 1494 2732 prope
1526 2663 1723 2713 natura
1758 2671 1906 2731 quae
1938 2654 2161 2731 apibus.

49 2757 116 2799 30
273 2739 376 2798 21.
414 2737 583 2816 (24.)
619 2738 856 2815 Vespae
892 2738 948 2795 in
985 2737 1211 2797 sublimi
1246 2757 1277 2798 3
1315 2738 1434 2798 luto
1474 2738 1641 2796 nidos
1684 2737 1934 2813 faciunt,
1982 2738 2036 2794 in
2071 2737 2159 2796 his
2182 2744 2246 2800 71

136 2841 354 2897 33ι35,
404 2821 723 2881 crabrones
766 2825 1031 2880 cavernis
1069 2831 1167 2880 aut
1200 2822 1306 2880 sub
1353 2831 1525 2881 terra.
1593 2831 1651 2881 et
1679 2823 1880 2880 horum
1917 2823 2164 2879 omnium

134 2906 524 2983 sexangulae
544 2906 766 2981 cellae,
825 2917 999 2964 cerae
1030 2915 1218 2965 autem
1253 2925 1285 2964 e
1319 2907 1573 2984 cortice,
1608 2922 1950 2966 araneosae
2009 2905 2162 2963 fetus

133 2996 272 3074 ipse
310 2990 634 3069 inaequalis
669 2999 728 3049 et
759 2989 1061 3063 barbarus,
1092 2989 1238 3048 alius
1265 2991 1481 3065 evolat,
1507 2990 1697 3049 alius
1682 3008 1736 3047 m
1767 2988 2016 3065 nympha
2050 2997 2160 3062 est,

132 3077 289 3137 alius
326 3077 383 3133 in
411 3075 751 3133 vermiculo
810 3083 868 3132 et
898 3082 1187 3147 autumno,
1219 3090 1333 3131 non
1363 3072 1578 3148 vernn,
1614 3073 1800 3132 omnia
1834 3090 1922 3132 ea.
1977 3073 2162 3150 pleni-

45 3174 113 3218 35
130 3160 303 3221 lunio
334 3174 598 3218 maxume
632 3167 922 3217 crescunt.
984 3174 1231 3234 vespae,
1266 3176 1412 3235 quae
1436 3157 1852 3217 ichneumones
1878 3167 2161 3217 vocantur
2179 3164 2247 3219 72

129 3279 224 3290 -
256 3253 391 3304 sunt
419 3252 610 3302 autem
641 3244 896 3301 minores
918 3259 1089 3319 quam
1121 3241 1271 3300 aliae
1302 3275 1384 3289 -—-
1412 3259 1579 3300 unum
1610 3260 1796 3319 genus
1822 3259 1898 3300 ex
1929 3242 2157 3301 araneis

133 3336 452 3408 peremunt
496 3326 862 3406 phalangium
912 3325 1299 3404 appellatum,
1360 3335 1418 3383 et
1464 3327 1519 3383 in
1561 3325 1727 3385 nidos
1771 3342 1909 3383 suos
1944 3325 2157 3399 ferunt,

132 3412 354 3473 deinde
401 3411 642 3505 inlinunt
689 3421 748 3470 et
790 3429 865 3470 ex
910 3412 980 3469 iis
1023 3407 1347 3469 incubando
1391 3427 1552 3469 suum
1593 3428 1779 3488 genus
1825 3416 2155 3488 procreant.
