2320 3650
520 67 679 112 NAT.
720 66 901 112 ms‘r.
949 67 1017 112 x.
1062 60 1303 115 37—42.
1355 55 1659 132 (54—59.)
1738 47 1748 52 “
1938 55 2045 115 141

64 227 407 297 extorqueat.
466 220 670 280 eadem
704 239 831 279 cum
859 222 1151 281 devoratis
1183 240 1249 280 se
1281 221 1521 297 inplevit
1554 219 1813 295 conchiS,
1853 220 2049 279 calore

65 305 262 362 ventris
299 313 500 365 coctas
534 305 780 379 evomit,
814 315 986 383 atque
1015 305 1092 365 ita
1130 323 1205 364 ex
1234 306 1303 362 iis
1344 304 1643 364 esculenta
1675 304 1839 380 eligit
1870 313 2050 376 testas

64 405 388 447 excernens·

165 472 264 531 41.
316 472 487 549 (57.)
533 470 850 530 Villaribus
886 472 1118 549 gallinis
1152 481 1212 531 et
1242 471 1580 547 religiones
1615 471 2136 534 inhorrescuntllfi

64 555 196 614 edito
241 573 391 631 ovo,
446 556 854 633 excutiuntque
899 574 1033 615 sese
1079 565 1138 616 et
1179 557 1564 615 circumactae
1608 555 1910 634 purificant
1956 564 2052 614 aut

64 638 264 698 festuca
317 640 512 718 aliqua
558 656 694 698 sese
749 649 806 697 et
858 657 968 700 ova
1021 640 1284 700 lustrant.
1374 638 1474 698 42.
1530 638 1812 699 Minumae
1864 641 2051 698 avium

64 722 660 801 carduelesimperata
700 724 944 800 faciunt,
993 743 1102 783 nec
1137 742 1289 783 voce
1321 732 1535 783 tantum
1577 724 1681 783 sed
1714 721 1961 801 pedibus
1994 731 2079 780 et
2124 747 2133 756 ’

64 823 149 864 ore
176 824 282 884 pro
313 806 595 866 manibus.
660 805 767 866 Est
809 825 958 886 quae
990 808 1162 867 boum
1199 809 1446 884 mugitus
1484 808 1766 882 imitetur,
1805 807 1860 863 in
1902 806 2049 865 Are-

64 889 248 948 latensi
283 909 427 967 agro
463 900 663 977 taurus
693 891 1020 969 appellata,
1068 891 1324 970 alioquin
1372 909 1551 969 parva
1597 900 1704 950 est.
1770 907 2052 968 equorum

64 990 271 1051 quoque
305 975 554 1034 hinnitus
585 975 789 1036 anthus
822 978 1050 1036 nomine
1078 976 1298 1036 herbae
1322 975 1537 1054 pabulo
1568 975 1817 1036 adventu
1851 991 2051 1033 eorum

64 1057 204 1133 pulsa
233 1060 484 1118 imitatur
515 1058 588 1117 ad
620 1059 769 1119 hunc
798 1061 1028 1120 modum
1060 1079 1124 1119 se
1156 1060 1470 1120 ulciscenS.

166 1142 331 1222 (58.)
408 1145 601 1221 Super
656 1145 841 1202 omnia
893 1145 1167 1204 humanas
1219 1161 1403 1203 voces
1452 1142 1730 1217 reddunt,
1790 1142 2135 1221 psittacill‘l

64 1224 269 1302 quidem
302 1228 475 1287 etiam
505 1229 984 1287 sermocinantes
1049 1227 1213 1288 India
1243 1227 1391 1286 hanc
1424 1244 1589 1286 avem
1623 1228 1819 1301 mittit,
1854 1235 2050 1303 septa-

64 1323 158 1382 gen
189 1320 394 1386 vocat,
441 1310 682 1370 viridem
720 1320 846 1371 toto
894 1330 1180 1391 corpore,
1224 1320 1439 1388 torque
1482 1319 1697 1369 tantum
1727 1311 1959 1369 miniato
1996 1311 2053 1368 in

64 1394 272 1453 cervice
300 1395 646 1459 distinctam.
708 1396 1093 1474 imperatores
1118 1396 1331 1455 salutat
1363 1404 1421 1453 et
1452 1411 1599 1470 quae
1625 1394 1837 1470 accipit
1870 1392 2051 1452 verba

64 1480 395 1555 pronuntiat,
427 1481 485 1538 in
519 1481 653 1539 vino
690 1483 1005 1558 praecipue
1042 1480 1282 1539 lasciva.
1351 1479 1524 1556 capiti
1557 1478 1680 1556 eiius
1717 1477 1920 1536 duritia
1955 1495 2049 1535 ea-

64 1559 170 1619 dem
200 1581 349 1640 quae
380 1572 596 1622 rostro.
660 1563 805 1639 hoc,
839 1566 894 1624 ni
935 1583 1005 1624 ea
1037 1564 1199 1641 loqui
1240 1563 1441 1637 discit,
1473 1560 1672 1620 ferreo
1706 1560 2050 1621 verberatur

65 1645 217 1704 radio.
285 1665 399 1706 non
443 1649 618 1706 sentit
658 1647 826 1707 aliter
861 1650 1029 1707 ictus.
1093 1666 1220 1707 cum
1253 1646 1522 1721 devolat,
1566 1654 1758 1704 rostro
1792 1663 1856 1703 se
1890 1645 2045 1704 exci-

65 1727 156 1803 pit,
189 1731 274 1790 illi
304 1732 557 1790 innititur
587 1731 989 1809 levioremque
1019 1749 1085 1791 se
1119 1733 1198 1791 ita
1230 1731 1438 1810 pedum
1469 1730 1773 1789 infirmitati
1804 1729 1960 1788 facit.

168 1814 334 1895 (59.)
380 1811 567 1875 Minor
596 1815 891 1891 nobilitas,
927 1817 1059 1895 quia
1093 1834 1212 1876 non
1239 1836 1313 1877 ex
1345 1814 1660 1893 longinquo
1696 1815 1873 1890 venit,
1909 1813 2013 1873 sed
2037 1824 2136 1878 118

66 1902 383 1974 expressior
409 1900 754 1978 =loquacitas
806 1903 1011 1978 generi
1063 1903 1321 1980 picarum
1368 1910 1478 1960 est.
1553 1900 1817 1959 adamant
1869 1898 2050 1959 verba

66 1996 189 2053 qnae
220 1983 555 2061 loquantur,
586 1990 698 2042 nec
728 1985 958 2045 discunt
989 1994 1203 2045 tantum
1238 1985 1344 2043 sed
1377 1983 1647 2060 diligunt,
1679 1984 2048 2043 meditantes-

66 2080 156 2138 que
198 2067 343 2127 intra
390 2077 576 2127 semet
608 2086 746 2128 cura
787 2078 961 2146 atque
996 2069 1352 2146 cogitatione
1398 2069 1771 2128 intentionem
1804 2084 1918 2125 non
1952 2083 2048 2125 oc-

68 2148 271 2209 cultant.
344 2160 572 2211 constat
612 2153 792 2212 emori
837 2155 1020 2212 victas
1057 2152 1396 2214 difficultate
1429 2150 1594 2210 verbi
1625 2169 1725 2225 ac,
1761 2151 1869 2208 nisi
1916 2149 2049 2206 sub-

68 2228 173 2291 inde
202 2235 404 2295 eadem
451 2235 710 2311 audiant,
753 2238 1029 2296 memoria
1060 2236 1216 2309 falli,
1265 2236 1718 2314 quaerentisque
1763 2235 1963 2291 mirum
1995 2234 2051 2291 in

68 2316 262 2376 modum
294 2319 563 2395 hilarari,
599 2321 647 2378 si
676 2321 899 2381 interim
925 2320 1210 2379 audierint
1240 2318 1579 2393 idverbum.
1648 2335 1757 2375 nec
1791 2317 2050 2393 volgaris

70 2398 116 2453 Tis
135 2399 333 2477 forma,
360 2405 620 2481 quamvis
642 2421 757 2463 non
782 2404 1117 2482 spectanda.
1181 2402 1320 2462 satis
1353 2402 1468 2462 illis
1493 2402 1728 2473 decoris
1761 2401 1816 2459 in
1848 2401 2050 2479 specie

70 2487 319 2544 sermonis
353 2487 580 2546 humani
623 2497 731 2547 est.
792 2488 1009 2547 Verum
1050 2487 1359 2547 addiscere
1403 2486 1544 2544 alias
1580 2494 1796 2560 negant
1835 2503 2014 2563 posse
2032 2494 2135 2548 119

70 2581 207 2639 luam
238 2587 387 2646 quae
419 2584 494 2629 ex
524 2580 745 2647 genere
784 2590 978 2631 earum
1012 2590 1162 2649 quae
1191 2570 1402 2648 glande
1437 2568 1776 2645 vescantur,
1813 2578 1871 2628 et
1902 2571 2053 2627 inter

70 2665 148 2707 eas
175 2651 401 2713 facilius
435 2655 641 2733 quibus
675 2656 829 2734 quini
860 2658 971 2714 sint
1000 2655 1164 2732 digiti
1192 2656 1250 2714 in
1278 2653 1547 2733 pedibuS,
1581 2672 1651 2714 ac
1685 2672 1758 2712 ne
1794 2671 1896 2712 eas
1928 2652 2046 2729 qui-

72 2729 172 2792 iem
208 2738 367 2815 ipsas
401 2740 510 2797 nisi
549 2740 746 2817 primis
788 2739 1013 2799 duobus
1050 2741 1203 2799 vitae
1246 2739 1429 2798 annis.
1495 2739 1733 2799 latiores
1779 2738 2032 2814 linguae,

72 2819 416 2899 >nimbusque
459 2823 515 2881 in
561 2840 666 2881 suo
711 2825 919 2902 cuique
954 2841 1178 2900 genere
1218 2841 1384 2900 quae·
1402 2840 1730 2882 sermonem
1759 2821 2043 2879 imitantur

73 2916 357 2979 lumanum,
390 2924 728 2984 quamquam
762 2907 818 2965 id
850 2926 1036 2985 paene
1069 2909 1125 2966 in
1148 2908 1413 2968 omnibus
1444 2905 1736 2982 contingit.
1799 2904 2134 2980 Agrip-120

74 2982 176 3057 Jina
199 2985 399 3049 Claudi
423 2986 697 3049 Caesaris
725 2990 946 3049 turdum
977 2991 1195 3068 habuit,
1235 2991 1389 3070 quod
1414 3008 1715 3069 numquam
1746 2997 1899 3061 ante,
1925 2988 2045 3045 imi-

74 3076 251 3153 ssantem
273 3090 575 3133 sermones
608 3075 916 3135 hominum.
953 3094 1080 3135 cum
1112 3077 1261 3136 haec
1298 3075 1632 3155 proderem,
1665 3071 1954 3134 habebant
1988 3081 2047 3130 et

74 3146 324 3214 Jaesares
368 3158 609 3217 iuvenes
650 3167 935 3232 stul-num,
979 3160 1117 3219 item
1158 3160 1431 3219 luscinias
1475 3158 1700 3220 Graeco
1743 3175 1812 3216 ac
1845 3154 2044 3215 Latino

76 3251 304 3299 termone
351 3241 594 3317 dociliS,
651 3252 960 3320 praeterea
1008 3243 1333 3304 meditantis
1385 3246 1442 3302 in
1492 3244 1642 3303 diem
1697 3251 1754 3300 et
1805 3239 2045 3300 adsidue

76 3333 190 3381 lova
222 3323 545 3402 loquentis,
591 3326 861 3402 longiore
907 3330 1075 3389 etiam
1131 3336 1424 3387 contextu.
1486 3326 2040 3393 docentur„secreto
2106 3324 2109 3329 '
