2320 3650
579 85 739 132 NAT.
781 85 975 132 ms'r:
1009 84 1187 131 v1111.
1230 80 1437 134 8—10.
1487 72 1755 150 (8-12.)
2081 71 2157 132 91

147 247 363 318 guent.
426 247 539 296 tum
570 238 897 316 piscatores
930 236 1284 296 circumdant
1317 238 1460 294 retia
1501 236 1796 314 furcisque
1838 233 2161 297 sublevant.

148 322 438 399 mugilum
490 321 850 381 nihilominus
914 320 1198 379 velocitas
1249 320 1510 384 transilit.
1586 329 1646 378 at
1684 320 1819 379 illos
1853 322 2166 399 excipiunt
2215 385 2220 396 ¹

152 404 424 482 delphini
454 413 513 463 et
545 406 834 464 occidisse
864 404 934 480 ad
971 421 1253 481 praesens
1286 405 1543 462 contenti
1585 402 1747 462 cibos
1779 404 1835 461 in
1863 405 2165 464 victoriam

101 555 109 561 ‚
152 489 454 549 differunt.
518 505 700 566 opere
732 488 1013 567 proelium
1046 488 1239 547 fervet
1266 487 1596 565 includique
1629 505 1695 545 se
1726 484 1948 546 retibus
1974 489 2251 551 fortis-32

102 586 131 627 ⁵
154 574 309 631 sime
340 581 654 648 urguentes
684 572 936 647 gaudent
966 590 1056 646 ac,
1080 589 1155 630 ne
1187 571 1243 631 id
1267 572 1452 649 ipsum
1484 572 1676 646 imam
1700 570 1947 630 hostium
1971 574 2164 632 stimu-

156 655 270 729 let,
311 657 459 714 inter
492 657 717 731 navigia
767 664 825 713 et
864 656 1008 713 retia
1049 656 1371 714 natantisve
1401 655 1663 714 homines
1691 656 1767 714 ita
1799 656 2013 714 sensim
2048 656 2166 717 ela-

150 738 375 798 buntur
403 746 464 797 ut
496 740 709 797 exitum
738 756 850 797 non
886 741 1160 816 aperiant.
1223 740 1391 812 saltu,
1431 739 1584 817 quod
1617 748 1708 797 est
1736 737 1880 798 alias
1912 738 2161 799 blandis·

154 824 367 883 simum
398 822 508 897 his,
541 822 728 898 nullus
760 831 998 882 conatur
1028 818 1303 897 evadere,
1337 824 1392 880 ni
1428 822 1824 882 submittantur
1857 822 2163 882 sibi‘retia.

157 924 448 983 egressus
472 907 746 983 protinus·
767 916 896 965 ante
921 906 1134 965 vallum
1166 906 1502 983 proeliatur.
1560 908 1636 966 ita
1659 915 1897 984 peracta
1930 915 2169 984 captura

64 1009 139 1049 '10
158 999 315 1067 ques
348 991 691 1049 interemere
727 989 1014 1068 diripiunt.
1050 989 1155 1048 sed
1186 991 1462 1049 enixioris
1492 1008 1709 1068 operae
1731 1007 1897 1067 quam
1921 982 2165 1049 inunius

152 1074 282 1132 diei
313 1075 629 1150 praemium
673 1075 890 1131 conscii
921 1073 1031 1131 sihi
1077 1074 1453 1150 opperiuntur
1495 1075 1552 1132 in
1580 1083 1906 1151 posterum,
1940 1092 2052 1133 nec
2081 1074 2164 1151 pi-

159 1154 364 1215 scibus
398 1164 613 1215 tantum
648 1156 753 1215 sed
789 1166 847 1215 et
877 1157 1067 1215 intrita
1101 1158 1267 1234 panis
1300 1174 1334 1214 e
1359 1159 1494 1215 vino
1527 1159 1824 1216 satiantur.

295 1239 463 1318 (10.)
511 1239 674 1312 Quae
707 1239 780 1298 de
813 1240 1275 1315 eodem·genere
1311 1240 1572 1317 piscandi
1602 1241 1660 1299 in
1686 1239 1849 1299 Latio
1884 1242 2009 1299 sinu
2043 1239 2253 1304 ltu-33

161 1324 353 1382 tianus
384 1323 554 1381 tradit
579 1323 691 1381 hoc
720 1323 1007 1397 differunt,
1035 1324 1191 1400 quod
1213 1323 1363 1381 ultro
1399 1341 1592 1400 neque
1612 1322 1898 1382 inclamati
1927 1333 2165 1401 praesto

92 1423 145 1464 1⁵
165 1407 281 1465 sint
309 1407 609 1483 partisque
637 1426 669 1464 e
704 1407 960 1465 manibus
993 1408 1277 1484 accipiant
1310 1414 1370 1465 et
1399 1423 1857 1483 suum-quaeque
1891 1407 2094 1481 cymba
2127 1425 2162 1468 e

166 1489 457 1565 delphinis
506 1492 727 1549 socium
778 1489 989 1549 habeat
1041 1492 1312 1567 quamvis*
1351 1499 1523 1549 noctu
1577 1498 1637 1549 et
1681 1489 1751 1548 ad
1785 1490 1949 1549 facis.
2015 1490 2168 1567 Ipsis

168 1581 403 1648 quoque
445 1574 595 1632 inter
638 1592 705 1632 se
746 1573 980 1650 publica
1015 1583 1117 1640 „est
1147 1575 1424 1633 societas.
1486 1582 1658 1651 capto
1711 1590 1744 1631 a
1778 1591 1929 1650 vrege
1961 1571 2170 1633 Cariae

169 1654 542 1734 adligatoque
585 1658 641 1714 in
692 1666 861 1734 portu
890 1657 1108 1732 ingens
1150 1657 1507 1734 reliquorum
1555 1658 1826 1716 convenit
1868 1657 2165 1718 multitudo

168 1740 455 1798 maestitia
487 1740 729 1817 quadam
760 1756 908 1817 quae
941 1750 1145 1818 posset
1178 1741 1441 1817 intellegi
1475 1741 1902 1800 miserationem
1931 1750 2163 1819 petens,
2197 1743 2201 1749 ’

74 1836 151 1877 '20
167 1821 358 1882 donec
388 1823 590 1883 dimitti
618 1843 725 1883 rex
757 1842 886 1884 eum
916 1825 1097 1884 iussit.
1168 1827 1416 1903 quinet=
1443 1842 1657 1903 parvos
1693 1824 2169 1903 semper-aliquis

168 1907 443 1983 grandior
490 1910 790 1968 comitatur
831 1918 891 1968 ut
927 1918 1157 1983 custos,
1209 1910 1629 1987 conspectique
1659 1911 1769 1969 iam
1802 1919 1932 1969 sunt
1963 1909 2164 1969 defan—

171 1998 319 2048 ctum
353 1999 671 2067 portantes,
703 2010 778 2050 ne
815 1992 1174 2051 laceraretur
1207 2010 1242 2051 a
1273 1993 1481 2052 beluis.
1965 2024 1970 2029 -

292 2074 352 2133 9.
405 2074 572 2152 (11.)
619 2075 1034 2153 Delphinorum
1080 2076 1506 2135 similitudinem
1551 2076 1764 2135 babent
1808 2076 1904 2153 qui
1947 2083 2252 2137 vocam-34

169 2165 258 2216 tur
300 2158 646 2217 thursioneS.
711 2159 921 2218 distant
952 2168 1012 2216 et
1040 2159 1265 2218 tristitia
1298 2159 1526 2236 quidem
1568 2159 1961 2236 adspectans,
1999 2157 2167 2217 abest

100 2252 153 2291 2⁵
176 2241 320 2299 enim
358 2241 455 2300 illa
491 2242 751 2316 lascivia,
783 2253 1046 2300 maxume
1079 2250 1272 2302 tamen>
1300 2243 1503 2300 rostris
1531 2242 1915 2301 canicularum
1946 2241 2162 2308 matefi-

173 2325 398 2382 centiae
431 2325 769 2384 adsimulati.
973 2356 979 2367 ·

300 2408 394 2466 10.
441 2407 609 2485 (12.)
655 2408 1003 2467 Testudines
1042 2416 1233 2468 tantae
1276 2408 1676 2483 magnitudinis
1721 2405 1972 2466 Indicum
2000 2424 2157 2467 mare
2181 2414 2249 2468 35

173 2491 373 2548 emittit
401 2501 461 2548 ut
489 2491 839 2566 singularum
871 2492 1182 2568 superficie
1230 2490 1562 2551 habitabilis
1594 2508 1761 2550 casas
1799 2491 2052 2567 integant
2079 2498 2164 2550 at-

174 2578 284 2650 que
304 2575 461 2632 'inter
486 2574 703 2635 insulas
737 2574 916 2633 Rubri
945 2571 1267 2652 praecipue
1296 2575 1467 2634 maris
1499 2574 1588 2633 his
1616 2574 1888 2650 navigent
1922 2572 2162 2648 cymbis.

86 2669 159 2710 ’ao
175 2657 469 2733 capiuntur
489 2656 676 2717 multis
702 2658 935 2734 quidem
956 2658 1162 2732 modis,
1191 2658 1296 2717 sed
1316 2675 1579 2718 maxume
1603 2666 1845 2717 evectae
1869 2658 1926 2716 in
1949 2673 2165 2717 summa

174 2739 365 2816 pelagi
395 2741 846 2804 antemeridiano,
880 2751 1144 2819 tempore
1178 2740 1455 2817 blandito,
1507 2742 1795 2800 eminente
1831 2749 1954 2800 toto
1987 2741 2164 2799 dorso

171 2840 276 2900 per
303 2825 608 2902 tranquilla
636 2824 943 2900 fluitantes,
980 2841 1129 2901 quae
1163 2825 1432 2902 voluptas
1463 2823 1650 2885 libere
1680 2823 1934 2901 spirandi
1963 2824 2023 2881 in
2042 2833 2162 2893 tan,-

172 2914 283 2965 tnm
305 2907 452 2967 fallit
475 2909 686 2968 oblitas
711 2909 798 2967 sui
829 2918 888 2967 ut
913 2908 1055 2968 solis
1075 2926 1297 2985 vapore
1328 2910 1554 2968 siccato
1571 2910 1795 2973 cortice
1819 2925 1933 2966 non
1952 2914 2165 2985 queant

171 2992 351 3066 mergi
379 2993 708 3070 invitaeque
740 2991 962 3051 fluitent
995 3001 1358 3069 opportunae
1389 2993 1714 3052 venantium
1745 2991 2023 3068 praedae.
2070 2990 2155 3050 fe-
2177 2997 2250 3054 36

50 3082 295 3132 ‘essunt
312 3083 380 3133 et
413 3084 637 3153 pastum
683 3093 958 3169 egressas
988 3084 1163 3134 noctu
1201 3076 1486 3153 avideque
1528 3083 1811 3136 saturatas
1843 3074 2048 3134 lassari
2078 3082 2161 3135 at-

173 3170 301 3234 que,
336 3167 403 3216 ut⁴
425 3161 809 3219 remeaverint
837 3160 1142 3234 matutino,
1185 3176 1402 3218 summa
1432 3161 1489 3218 in
1518 3176 1665 3235 aqua
1702 3157 2157 3218 obdormiscere.

168 3239 225 3299 id
252 3242 419 3317 prodi
447 3244 805 3301 stertentium
839 3244 1045 3303 souitu.
1086 3251 1206 3302 tum
1235 3242 1526 3317 adnatare,
1557 3243 1881 3320 leniterque
1915 3241 2158 3318 singulis

170 3330 380 3384 ternos.
450 3341 484 3384 a
518 3324 741 3386 duobus
786 3327 843 3386 in
870 3326 1104 3388 dorsum
1132 3327 1306 3403 verti,
1337 3344 1371 3386 a
1401 3327 1573 3388 tertio
1602 3326 1871 3407 laqueum
1897 3327 2031 3386 inici
2063 3343 2156 3384 su-
