2320 3650
563 122 724 170 NAT.
757 121 941 169 111s‘r.
978 123 1046 168 x.
1082 119 1320 172 18—22.
1355 111 1660 187 (sl-⁴27.)
2002 111 2118 172 129

47 275 58 292 ²
104 282 280 340 etiam
315 277 531 356 patrias
567 275 957 350 nobilitarunt,
1021 273 1286 336 Rhodum
1315 286 1421 336 aut·
1442 277 1782 354 Tanagram,
1811 312 1893 321 ——
1917 296 2120 339 secun-

103 365 210 424 dus
229 357 332 421 “est
351 361 543 420 honos
566 359 796 420 habitus
813 358 1039 420 Melicis
1064 368 1124 419 et
1148 358 1525 437 Chalcidicis,
1541 395 1625 409 -ι
1642 371 1701 421 ut
1720 363 1892 440 plane
1915 363 2122 439 dignae

101 449 477 508 aliti-mmm
517 443 757 503 honoris
795 444 1080 523 praebeat
1111 444 1369 505 Romana
1402 464 1673 524 purpura.
1749 446 1965 505 Horum
1998 456 2208 511 sunt49

98 531 350 611 tripudia
395 528 712 603 solistima,
756 528 813 587 hi
846 530 1212 605 magistratus
1253 539 1485 590 nostros
1537 530 1751 590 cotidie
1785 540 1995 608 regunt
2025 532 2125 590 do·

53 633 348 693 sinusque
380 614 525 692 ipsis
556 623 690 672 suas
737 612 1004 673 claudunt
1036 622 1134 672 aut
1175 624 1458 674 reserant.
1507 615 1567 673 hi
1609 615 1790 674 fascis
1829 614 2124 674 Romanos

100 700 388 779 inpellunt
416 707 513 758 aut
546 699 818 772 retinent,
843 697 1042 757 iubent
1074 699 1232 757 acies
1268 708 1363 758 aut
1393 699 1731 777 prohibent,
1754 699 2126 758 victoriarum

100 786 522 845 omniumtoto
570 781 715 841 orbe
763 792 1052 860 partarum
1097 784 1388 860 auspices.
1423 783 1480 842 hi
1532 789 1796 843 maxume
1844 792 2125 842 terrarum

99 869 349 947 imperio
393 868 710 944 imperant,
765 868 928 925 extis
987 867 1156 925 etiam
1208 866 1486 947 librisque
1543 868 1680 927 haut
1730 867 1900 927 aliter
1957 886 2125 945 quam
2230 873 2235 874 ’

101 956 334 1032 opimae
367 952 653 1010 victoriae
685 951 772 1010 dis
802 953 971 1027 grati.
1020 950 1235 1010 habent
1267 962 1496 1012 ostenta
1528 961 1586 1011 et
1618 954 1992 1029 praeposteri
2026 969 2124 1009 eo-

46 1056 228 1099 lorum
267 1034 712 1114 vespertinique
763 1044 983 1094 cantus.
1058 1054 1302 1113 namque
1356 1038 1492 1095 totis
1541 1036 1808 1094 noctibus
1863 1036 2123 1095 canendo

98 1121 369 1182 Boeotiis
402 1118 658 1179 nobilem
691 1119 846 1179 illam
869 1119 1150 1178 adversus
1182 1119 1677 1181 Lacedaemonios
1704 1122 2126 1199 praesagivere

99 1206 431 1280 victoriam,
458 1205 536 1263 ita
569 1204 835 1263 coniecta
870 1204 1372 1281 interpretatione,
1403 1205 1670 1283 quoniam
1693 1206 1845 1263 victa
1879 1205 2002 1265 ales
2029 1206 2128 1264 illa

100 1309 218 1350 non
250 1293 512 1349 caneret.

233 1372 409 1451 (25.)
455 1371 739 1432 Desinunt
770 1389 982 1431 canere
1022 1373 1292 1446 castrati,
1340 1369 1495 1450 quod
1542 1373 1766 1432 duobus
1812 1372 1873 1430 fit
1906 1374 2212 1435 modis250

46 1476 80 1514 15
101 1458 314 1528 lumbis
348 1457 569 1517 adustis
616 1456 900 1516 candente
933 1456 1093 1527 ferro
1132 1465 1227 1515 aut
1261 1456 1386 1515 imis
1424 1455 1708 1533 cruribuS,
1755 1472 1891 1515 mox
1923 1456 2124 1515 ulcere

101 1544 287 1604 oblito
313 1541 517 1618 figlina
549 1550 729 1600 creta.
763 1540 990 1600 facilius
1016 1541 1092 1598 ita
1125 1541 1530 1618 pinguescunt.
1565 1540 1832 1617 Pergami
1866 1541 2126 1599 omnibus

99 1629 264 1688 annis
300 1625 705 1704 spectaculum
736 1625 1027 1702 gallorum
1075 1624 1311 1702 publice
1353 1625 1540 1684 editur
1576 1643 1683 1683 ceu
1718 1624 2122 1702 gladiatorum.

97 1712 399 1773 Invenitur
441 1711 500 1768 in
530 1709 831 1768 annalibus
863 1711 920 1767 in
957 1725 1100 1784 agro
1134 1708 1483 1768 Ariminensi
1530 1708 1603 1768 M.
1644 1708 1863 1787 Lepido
1904 1707 1973 1781 Q.
2015 1707 2122 1767 Ca-

97 1797 225 1858 tulo
267 1812 427 1855 coss.
466 1795 522 1852 in
567 1794 720 1854 villa·
746 1793 938 1855 Galeri
984 1792 1238 1857 locutum
1267 1793 1678 1870 gallinaceum,
1730 1792 1936 1868 semel,
1972 1793 2123 1871 quod

46 1904 77 1943 20
103 1881 384 1962 equidem
419 1881 616 1938 sciam.
707 1868 715 1885 '
1792 1896 1798 1903 ’

227 1965 334 2024 22.
371 1962 543 2043 (26.)
590 1962 664 2022 Et
696 1964 888 2022 anseri
919 1963 1233 2038 vigil'cura
1265 1960 1556 2041 Capitolio
1611 1970 1820 2022 testata
1854 1962 2121 2035 defenso,
2145 1970 2210 2023 51

99 2069 208 2129 per
258 2049 317 2108 id
350 2058 580 2126 tempus
628 2065 829 2106 canum
878 2047 1108 2106 silentio
1143 2049 1387 2124 proditis
1421 2047 1633 2123 rebuS,
1679 2064 1847 2124 quam
1884 2045 1960 2105 ob
1995 2064 2126 2105 cau·

99 2152 220 2196 sam
256 2132 481 2192 cibaria
514 2150 780 2191 anserum
817 2149 1098 2190 censores
1132 2134 1188 2190 in
1218 2135 1415 2210 primis
1449 2132 1663 2193 locant.
1724 2133 1861 2208 quin
1892 2139 1950 2188 et
1979 2126 2126 2189 fama

99 2219 317 2280 amoris
366 2214 542 2293 Aegii
593 2216 807 2276 dilecta
852 2215 1036 2274 forma
1083 2217 1251 2292 pueri
1289 2219 1517 2275 nomine
1562 2213 1731 2277 Oleni
1779 2223 1835 2275 et
1879 2212 2128 2272 Glauces

46 2329 80 2369 25
99 2304 447 2364 Ptolemaeo
472 2302 600 2377 regi
626 2301 844 2360 cithara
878 2301 1136 2359 canentis
1169 2317 1333 2376 quam
1361 2301 1568 2360 eodem
1598 2310 1863 2378 tempore
1890 2309 1947 2359 et
1971 2298 2127 2360 aries

100 2404 342 2448 amasse
370 2384 655 2463 proditur.
721 2394 919 2463 potest
965 2393 1021 2442 et
1064 2384 1383 2461 sapientiae
1428 2385 1614 2443 videri
1661 2384 1993 2444 intellectus
2038 2385 2126 2444 his

98 2491 261 2532 esse.
327 2472 409 2528 ita
446 2472 647 2528 comes
684 2477 971 2547 perpetuo
1004 2467 1343 2528 adhaesisse
1363 2465 1575 2543 Lacydi
1610 2468 1960 2547 philosopho
1984 2469 2121 2529 dici·

97 2567 226 2633 tur,
278 2571 562 2631 nusquam
613 2553 684 2612 ab
727 2570 834 2626 eo,
878 2570 992 2611 non
1037 2553 1092 2610 in
1123 2552 1401 2630 publice,
1447 2570 1561 2612 non
1594 2554 1648 2612 in
1682 2553 1963 2629 balineiS,
2012 2572 2125 2614 non

96 2650 306 2713 noctu,
342 2655 460 2697 non
493 2637 743 2697 ‘interdiu
776 2637 1095 2714 digressus.

46 2743 79 2784 ιο
233 2722 411 2802 (27.)
458 2721 656 2781 Nostri
688 2722 1074 2799 sapientiores
1103 2723 1201 2798 qui
1226 2738 1332 2780 eos
1356 2722 1571 2782 iecoris
1601 2721 1855 2780 bonitate
1883 2740 2122 2782 novere.
2143 2733 2211 2785 52

98 2807 399 2869 fartilibus
435 2807 491 2863 in
515 2824 777 2881 magnam
802 2806 1230 2882 amplitudinem
1256 2807 1490 2882 crescit,
1525 2815 1854 2883 exemptum
1891 2824 2125 2885 quoque

97 2895 260 2953 lacte
287 2890 479 2949 mulso
507 2899 767 2966 augetur.
802 2894 914 2949 nec
942 2891 1065 2948 sine
1094 2908 1269 2949 causa
1293 2893 1349 2950 in
1373 2892 1715 2968 quaestione
1743 2899 1833 2949 est
1856 2891 1982 2968 quis
2004 2901 2123 2950 tan-

97 2987 221 3037 tum
254 2975 472 3034 bonum
501 2975 819 3050 invenerit,
855 2976 1131 3052 Scipione
1167 2973 1439 3034 Metellus
1469 2976 1560 3034 vir‘
1589 2975 1910 3035 consularis
1945 2993 2014 3033 an
2046 2974 2122 3034 M.

97 3062 282 3122 Seius
321 3059 526 3119 eadem
562 3067 754 3118 aetate
781 3074 965 3136 eques
995 3057 1305 3117 Romanus
1351 3059 1477 3133 sed,
1513 3059 1667 3137 quod
1693 3068 1937 3134 constat,
1971 3058 2125 3119 Mes-

46 3170 78 3209 25
99 3140 563 3217 salinus-Cotta,
609 3141 910 3217 Messalae
935 3145 1184 3203 oratoris
1218 3144 1388 3219 filius,
1423 3144 1643 3222 palmas
1677 3144 1887 3222 pedum
1921 3163 1996 3226 ex
2038 3144 2127 3203 his

99 3229 363 3289 sorbere
396 3235 568 3304 atque
600 3229 807 3305 patinis
841 3246 969 3287 cum
1011 3227 1470 3304 gallinaceorum
1513 3228 1703 3287 cristis
1755 3228 1991 3288 condire
2034 3248 2125 3288 re-

99 3315 287 3393 perit.
322 3311 608 3371 tribuetur
639 3314 788 3370 enim
824 3330 856 3372 a
896 3331 987 3372 me
1022 3313 1224 3372 culinis
1271 3314 1548 3389 cuiusque
1587 3313 1772 3390 palma
1821 3330 1947 3372 cum
1990 3313 2125 3373 fide.

101 3399 319 3459 Mirum
359 3397 415 3454 in
457 3394 566 3455 hac
601 3396 738 3455 alite
782 3416 814 3456 a
845 3394 1082 3463 Morinis
1115 3416 1299 3475 usque
1334 3396 1575 3456 Romam
1620 3397 1869 3476 pedibus
1899 3400 2119 3458 venire.
2141 3405 2211 3458 53

193 3500 340 3538 mnu.
376 3500 496 3541 uxr.
527 3501 665 3540 msr.
697 3486 762 3539 ΙΙ.
1762 3482 1800 3542 9
2180 3544 2272 3610 Δ
