<?xml version="1.0" encoding="UTF-8"?>
<!DOCTYPE html PUBLIC "-//W3C//DTD XHTML 1.0 Transitional//EN"
    "http://www.w3.org/TR/xhtml1/DTD/xhtml1-transitional.dtd">
<html xmlns="http://www.w3.org/1999/xhtml" xml:lang="en" lang="en">
 <head>
  <title>
</title>
<meta http-equiv="Content-Type" content="text/html;charset=utf-8" />
  <meta name='ocr-system' content='tesseract 3.04.00' />
  <meta name='ocr-capabilities' content='ocr_page ocr_carea ocr_par ocr_line ocrx_word'/>
</head>
<body>
  <div class='ocr_page' id='page_1' title='image "./cplinisecundina00eldegoog_0171.png"; bbox 0 0 2320 3650; ppageno 0'>
   <div class='ocr_carea' id='block_1_1' title="bbox 139 79 1582 140">
    <p class='ocr_par' dir='ltr' id='par_1_1' title="bbox 139 79 1582 140">
     <span class='ocr_line' id='line_1_1' title="bbox 139 79 1582 140; baseline 0 -1"><span class='ocrx_word' id='word_1_1' title='bbox 139 89 159 140; x_wconf 92' lang='grc'>·.</span> <span class='ocrx_word' id='word_1_2' title='bbox 226 79 343 139; x_wconf 87' lang='grc'>140</span> <span class='ocrx_word' id='word_1_3' title='bbox 681 86 687 90; x_wconf 69' lang='grc'><em>“</em></span> <span class='ocrx_word' id='word_1_4' title='bbox 953 91 1013 139; x_wconf 81' lang='grc' dir='ltr'>ο.</span> <span class='ocrx_word' id='word_1_5' title='bbox 1044 91 1237 139; x_wconf 74' lang='lat' dir='ltr'>pum</span> <span class='ocrx_word' id='word_1_6' title='bbox 1277 90 1582 140; x_wconf 67' lang='lat' dir='ltr'>suenum</span> 
     </span>
    </p>
   </div>
   <div class='ocr_carea' id='block_1_2' title="bbox 111 223 2319 3421">
    <p class='ocr_par' dir='ltr' id='par_1_2' title="bbox 132 223 2315 490">
     <span class='ocr_line' id='line_1_2' title="bbox 132 223 2315 356; baseline 0.003 -54"><span class='ocrx_word' id='word_1_7' title='bbox 132 258 205 313; x_wconf 79' lang='lat'>85</span> <span class='ocrx_word' id='word_1_8' title='bbox 221 242 462 318; x_wconf 84' lang='lat' dir='ltr'><strong>Quidam</strong></span> <span class='ocrx_word' id='word_1_9' title='bbox 502 240 638 301; x_wconf 88' lang='lat' dir='ltr'>haut</span> <span class='ocrx_word' id='word_1_10' title='bbox 680 242 884 319; x_wconf 90' lang='lat' dir='ltr'>procul</span> <span class='ocrx_word' id='word_1_11' title='bbox 919 242 992 303; x_wconf 92' lang='lat' dir='ltr'>ab</span> <span class='ocrx_word' id='word_1_12' title='bbox 1028 262 1098 304; x_wconf 89' lang='lat' dir='ltr'>ea</span> <span class='ocrx_word' id='word_1_13' title='bbox 1132 253 1191 304; x_wconf 92' lang='lat' dir='ltr'>et</span> <span class='ocrx_word' id='word_1_14' title='bbox 1219 243 1489 305; x_wconf 87' lang='lat' dir='ltr'>Berelida</span> <span class='ocrx_word' id='word_1_15' title='bbox 1521 254 1738 325; x_wconf 90' lang='lat' dir='ltr'>ponunt</span> <span class='ocrx_word' id='word_1_16' title='bbox 1784 255 1843 305; x_wconf 88' lang='lat' dir='ltr'>et</span> <span class='ocrx_word' id='word_1_17' title='bbox 1874 243 2130 308; x_wconf 82' lang='lat' dir='ltr'>Callode</span> <span class='ocrx_word' id='word_1_18' title='bbox 2169 257 2227 309; x_wconf 90' lang='lat' dir='ltr'>et</span> <span class='ocrx_word' id='word_1_19' title='bbox 2302 223 2315 356; x_wconf 61' lang='lat' dir='ltr'>l</span> 
     </span>
     <span class='ocr_line' id='line_1_3' title="bbox 222 325 2315 407; baseline 0.002 -21"><span class='ocrx_word' id='word_1_20' title='bbox 222 344 388 405; x_wconf 85' lang='lat' dir='ltr'>quam</span> <span class='ocrx_word' id='word_1_21' title='bbox 420 325 839 387; x_wconf 72' lang='lat' dir='ltr'>vocantfleras</span> <span class='ocrx_word' id='word_1_22' title='bbox 864 327 1029 386; x_wconf 90' lang='lat' dir='ltr'>lutra.</span> <span class='ocrx_word' id='word_1_23' title='bbox 1082 327 1452 387; x_wconf 83' lang='lat' dir='ltr'>celeberrimi</span> <span class='ocrx_word' id='word_1_24' title='bbox 1483 330 1540 388; x_wconf 92' lang='lat' dir='ltr'>in</span> <span class='ocrx_word' id='word_1_25' title='bbox 1571 346 1641 389; x_wconf 89' lang='lat' dir='ltr'>ea</span> <span class='ocrx_word' id='word_1_26' title='bbox 1668 330 2019 407; x_wconf 89' lang='lat' dir='ltr'>populorum</span> <span class='ocrx_word' id='word_1_27' title='bbox 2049 330 2224 391; x_wconf 88' lang='lat' dir='ltr'>Ilien·</span> <span class='ocrx_word' id='word_1_28' title='bbox 2300 363 2315 406; x_wconf 62' lang='lat'>.&#39;</span> 
     </span>
     <span class='ocr_line' id='line_1_4' title="bbox 222 407 2224 490; baseline 0.002 -21"><span class='ocrx_word' id='word_1_29' title='bbox 222 429 352 486; x_wconf 87' lang='lat' dir='ltr'>ses,</span> <span class='ocrx_word' id='word_1_30' title='bbox 402 408 620 484; x_wconf 89' lang='lat' dir='ltr'>Balari,</span> <span class='ocrx_word' id='word_1_31' title='bbox 673 407 842 469; x_wconf 89' lang='lat' dir='ltr'>Corsi</span> <span class='ocrx_word' id='word_1_32' title='bbox 885 410 1229 488; x_wconf 84' lang='lat' dir='ltr'>oppidorum</span> <span class='ocrx_word' id='word_1_33' title='bbox 1268 409 1488 486; x_wconf 92' lang='lat' dir='ltr'>XVIII,</span> <span class='ocrx_word' id='word_1_34' title='bbox 1538 412 1849 489; x_wconf 76' lang='lat' dir='ltr'>Sulcitani,</span> <span class='ocrx_word' id='word_1_35' title='bbox 1902 413 2224 490; x_wconf 89' lang='lat' dir='ltr'>Valentini,</span> 
     </span>
    </p>

    <p class='ocr_par' dir='ltr' id='par_1_3' title="bbox 111 490 2272 823">
     <span class='ocr_line' id='line_1_5' title="bbox 111 490 2224 572; baseline 0.002 -20"><span class='ocrx_word' id='word_1_36' title='bbox 111 505 116 509; x_wconf 88' lang='grc'><strong><em>’</em></strong></span> <span class='ocrx_word' id='word_1_37' title='bbox 220 492 609 571; x_wconf 71' lang='lat' dir='ltr'>Neapolitani,</span> <span class='ocrx_word' id='word_1_38' title='bbox 641 493 955 569; x_wconf 87' lang='lat' dir='ltr'>Bosenses,</span> <span class='ocrx_word' id='word_1_39' title='bbox 990 490 1299 555; x_wconf 88' lang='lat' dir='ltr'>Caralitani</span> <span class='ocrx_word' id='word_1_40' title='bbox 1331 496 1537 554; x_wconf 91' lang='lat' dir='ltr'>civium</span> <span class='ocrx_word' id='word_1_41' title='bbox 1568 495 1974 572; x_wconf 88' lang='lat' dir='ltr'>Romanorum,</span> <span class='ocrx_word' id='word_1_42' title='bbox 2011 507 2074 556; x_wconf 86' lang='lat' dir='ltr'>et</span> <span class='ocrx_word' id='word_1_43' title='bbox 2102 497 2224 558; x_wconf 92' lang='lat' dir='ltr'>No·</span> 
     </span>
     <span class='ocr_line' id='line_1_6' title="bbox 221 575 2272 655; baseline 0.001 -20"><span class='ocrx_word' id='word_1_44' title='bbox 221 594 448 651; x_wconf 87' lang='lat' dir='ltr'>renses,</span> <span class='ocrx_word' id='word_1_45' title='bbox 485 575 713 636; x_wconf 88' lang='lat' dir='ltr'>colonia</span> <span class='ocrx_word' id='word_1_46' title='bbox 745 586 932 636; x_wconf 90' lang='lat' dir='ltr'>autem</span> <span class='ocrx_word' id='word_1_47' title='bbox 963 595 1071 637; x_wconf 92' lang='lat' dir='ltr'>una</span> <span class='ocrx_word' id='word_1_48' title='bbox 1102 596 1253 655; x_wconf 86' lang='lat' dir='ltr'>quae</span> <span class='ocrx_word' id='word_1_49' title='bbox 1285 588 1525 638; x_wconf 83' lang='lat' dir='ltr'>vocatur</span> <span class='ocrx_word' id='word_1_50' title='bbox 1556 579 1626 639; x_wconf 89' lang='lat' dir='ltr'>ad</span> <span class='ocrx_word' id='word_1_51' title='bbox 1662 581 1858 639; x_wconf 88' lang='lat' dir='ltr'>turrim</span> <span class='ocrx_word' id='word_1_52' title='bbox 1887 579 2223 655; x_wconf 73' lang='lat' dir='ltr'>Libysonis.</span> <span class='ocrx_word' id='word_1_53' title='bbox 2250 601 2272 638; x_wconf 79' lang='lat'><strong>5</strong></span> 
     </span>
     <span class='ocr_line' id='line_1_7' title="bbox 222 659 2228 741; baseline 0.002 -22"><span class='ocrx_word' id='word_1_54' title='bbox 222 661 539 721; x_wconf 86' lang='lat' dir='ltr'>Sardiniam</span> <span class='ocrx_word' id='word_1_55' title='bbox 587 661 769 738; x_wconf 87' lang='lat' dir='ltr'>ipsam</span> <span class='ocrx_word' id='word_1_56' title='bbox 814 659 1080 721; x_wconf 88' lang='lat' dir='ltr'>Timaeus</span> <span class='ocrx_word' id='word_1_57' title='bbox 1123 661 1497 722; x_wconf 88' lang='lat' dir='ltr'>Sandaliotim</span> <span class='ocrx_word' id='word_1_58' title='bbox 1539 662 1859 741; x_wconf 80' lang='lat' dir='ltr'>appellavit</span> <span class='ocrx_word' id='word_1_59' title='bbox 1898 663 1971 723; x_wconf 89' lang='lat' dir='ltr'>ab</span> <span class='ocrx_word' id='word_1_60' title='bbox 2022 664 2228 741; x_wconf 83' lang='lat' dir='ltr'>effigie</span> 
     </span>
     <span class='ocr_line' id='line_1_8' title="bbox 222 742 2226 823; baseline 0.002 -20"><span class='ocrx_word' id='word_1_61' title='bbox 222 744 446 819; x_wconf 88' lang='lat' dir='ltr'>soleae,</span> <span class='ocrx_word' id='word_1_62' title='bbox 481 742 750 817; x_wconf 72' lang='lat' dir='ltr'>Myrsilus</span> <span class='ocrx_word' id='word_1_63' title='bbox 780 742 1079 804; x_wconf 84' lang='lat' dir='ltr'>Ichnusam</span> <span class='ocrx_word' id='word_1_64' title='bbox 1102 763 1133 804; x_wconf 88' lang='lat' dir='ltr'>a</span> <span class='ocrx_word' id='word_1_65' title='bbox 1159 745 1523 805; x_wconf 85' lang='lat' dir='ltr'>similitudine</span> <span class='ocrx_word' id='word_1_66' title='bbox 1547 748 1777 823; x_wconf 84' lang='lat' dir='ltr'>vestigi.</span> <span class='ocrx_word' id='word_1_67' title='bbox 1834 744 2054 806; x_wconf 85' lang='lat' dir='ltr'>Contra</span> <span class='ocrx_word' id='word_1_68' title='bbox 2079 747 2226 808; x_wconf 87' lang='lat' dir='ltr'>Pae·</span> 
     </span>
    </p>

    <p class='ocr_par' dir='ltr' id='par_1_4' title="bbox 151 826 2317 1159">
     <span class='ocr_line' id='line_1_9' title="bbox 151 826 2223 908; baseline 0 -20"><span class='ocrx_word' id='word_1_69' title='bbox 151 883 158 888; x_wconf 87' lang='lat'>.</span> <span class='ocrx_word' id='word_1_70' title='bbox 222 837 443 887; x_wconf 86' lang='lat' dir='ltr'>stanum</span> <span class='ocrx_word' id='word_1_71' title='bbox 482 828 662 886; x_wconf 88' lang='lat' dir='ltr'>sinum</span> <span class='ocrx_word' id='word_1_72' title='bbox 705 826 985 887; x_wconf 88' lang='lat' dir='ltr'>Leucasia</span> <span class='ocrx_word' id='word_1_73' title='bbox 1032 837 1122 887; x_wconf 91' lang='lat' dir='ltr'>est</span> <span class='ocrx_word' id='word_1_74' title='bbox 1170 845 1202 887; x_wconf 87' lang='lat' dir='ltr'>a</span> <span class='ocrx_word' id='word_1_75' title='bbox 1249 829 1454 888; x_wconf 83' lang='lat' dir='ltr'>Sirene</span> <span class='ocrx_word' id='word_1_76' title='bbox 1500 829 1580 888; x_wconf 89' lang='lat' dir='ltr'>ibi</span> <span class='ocrx_word' id='word_1_77' title='bbox 1625 830 1851 907; x_wconf 87' lang='lat' dir='ltr'>sepulta</span> <span class='ocrx_word' id='word_1_78' title='bbox 1898 831 2223 908; x_wconf 87' lang='lat' dir='ltr'>appellata.</span> 
     </span>
     <span class='ocr_line' id='line_1_10' title="bbox 221 909 2224 992; baseline 0.001 -22"><span class='ocrx_word' id='word_1_79' title='bbox 221 921 422 970; x_wconf 87' lang='lat' dir='ltr'>contra</span> <span class='ocrx_word' id='word_1_80' title='bbox 450 909 680 970; x_wconf 86' lang='lat' dir='ltr'>Veliam</span> <span class='ocrx_word' id='word_1_81' title='bbox 708 909 909 970; x_wconf 89' lang='lat' dir='ltr'>Pontia</span> <span class='ocrx_word' id='word_1_82' title='bbox 945 920 1004 970; x_wconf 88' lang='lat' dir='ltr'>et</span> <span class='ocrx_word' id='word_1_83' title='bbox 1030 911 1246 986; x_wconf 86' lang='lat' dir='ltr'>Isacia,</span> <span class='ocrx_word' id='word_1_84' title='bbox 1293 921 1571 991; x_wconf 87' lang='lat' dir='ltr'>utraeque</span> <span class='ocrx_word' id='word_1_85' title='bbox 1607 930 1718 992; x_wconf 88' lang='lat' dir='ltr'>uno</span> <span class='ocrx_word' id='word_1_86' title='bbox 1762 914 1991 972; x_wconf 88' lang='lat' dir='ltr'>nomine</span> <span class='ocrx_word' id='word_1_87' title='bbox 2027 912 2224 974; x_wconf 89' lang='lat' dir='ltr'>Oeno·</span> 
     </span>
     <span class='ocr_line' id='line_1_11' title="bbox 218 993 2317 1076; baseline -0.002 -19"><span class='ocrx_word' id='word_1_88' title='bbox 218 994 433 1068; x_wconf 75' lang='lat' dir='ltr'>trideS,</span> <span class='ocrx_word' id='word_1_89' title='bbox 491 1002 883 1069; x_wconf 83' lang='lat' dir='ltr'>argumentum</span> <span class='ocrx_word' id='word_1_90' title='bbox 927 1012 1245 1072; x_wconf 81' lang='lat' dir='ltr'>possessae</span> <span class='ocrx_word' id='word_1_91' title='bbox 1292 995 1364 1054; x_wconf 89' lang='lat' dir='ltr'>ab</span> <span class='ocrx_word' id='word_1_92' title='bbox 1412 994 1702 1056; x_wconf 90' lang='lat' dir='ltr'>Oenotriis</span> <span class='ocrx_word' id='word_1_93' title='bbox 1732 997 1953 1056; x_wconf 88' lang='lat' dir='ltr'>Italiae.</span> <span class='ocrx_word' id='word_1_94' title='bbox 2016 993 2317 1076; x_wconf 73' lang='lat' dir='ltr'>contram}</span> 
     </span>
     <span class='ocr_line' id='line_1_12' title="bbox 218 1078 2317 1159; baseline 0 -21"><span class='ocrx_word' id='word_1_95' title='bbox 218 1080 506 1139; x_wconf 87' lang='lat' dir='ltr'>Vibonem</span> <span class='ocrx_word' id='word_1_96' title='bbox 538 1094 753 1157; x_wconf 84' lang='lat' dir='ltr'>parvae</span> <span class='ocrx_word' id='word_1_97' title='bbox 773 1095 931 1155; x_wconf 54' lang='lat' dir='ltr'>‘quae</span> <span class='ocrx_word' id='word_1_98' title='bbox 960 1089 1244 1137; x_wconf 84' lang='lat' dir='ltr'>vocantur</span> <span class='ocrx_word' id='word_1_99' title='bbox 1272 1078 1597 1139; x_wconf 84' lang='lat' dir='ltr'>Ithacesiae</span> <span class='ocrx_word' id='word_1_100' title='bbox 1630 1080 1700 1139; x_wconf 92' lang='lat' dir='ltr'>ab</span> <span class='ocrx_word' id='word_1_101' title='bbox 1732 1080 2224 1159; x_wconf 82' lang='lat' dir='ltr'>Ulixis-specula.</span> <span class='ocrx_word' id='word_1_102' title='bbox 2316 1091 2317 1116; x_wconf 38' lang='lat' dir='ltr'>l</span> 
     </span>
    </p>

    <p class='ocr_par' dir='ltr' id='par_1_5' title="bbox 129 1161 2317 1742">
     <span class='ocr_line' id='line_1_13' title="bbox 129 1161 2227 1241; baseline 0.001 -18"><span class='ocrx_word' id='word_1_103' title='bbox 129 1173 201 1230; x_wconf 82' lang='lat'>86</span> <span class='ocrx_word' id='word_1_104' title='bbox 340 1163 397 1223; x_wconf 89' lang='grc'>8.</span> <span class='ocrx_word' id='word_1_105' title='bbox 438 1163 606 1241; x_wconf 86' lang='grc'>(14.)</span> <span class='ocrx_word' id='word_1_106' title='bbox 637 1161 853 1222; x_wconf 89' lang='lat' dir='ltr'>Verum</span> <span class='ocrx_word' id='word_1_107' title='bbox 900 1170 1031 1221; x_wconf 87' lang='lat' dir='ltr'>ante</span> <span class='ocrx_word' id='word_1_108' title='bbox 1078 1180 1280 1222; x_wconf 88' lang='lat' dir='ltr'>omnes</span> <span class='ocrx_word' id='word_1_109' title='bbox 1320 1163 1581 1223; x_wconf 86' lang='lat' dir='ltr'>claritate</span> <span class='ocrx_word' id='word_1_110' title='bbox 1629 1164 1861 1238; x_wconf 85' lang='lat' dir='ltr'>Sicilia,</span> <span class='ocrx_word' id='word_1_111' title='bbox 1912 1163 2151 1225; x_wconf 86' lang='lat' dir='ltr'>Sicania</span> <span class='ocrx_word' id='word_1_112' title='bbox 2194 1184 2227 1225; x_wconf 88' lang='lat' dir='ltr'>a</span> 
     </span>
     <span class='ocr_line' id='line_1_14' title="bbox 220 1245 2317 1325; baseline 0 -19"><span class='ocrx_word' id='word_1_113' title='bbox 220 1246 558 1321; x_wconf 85' lang='lat' dir='ltr'>Thucydide</span> <span class='ocrx_word' id='word_1_114' title='bbox 582 1247 756 1321; x_wconf 88' lang='lat' dir='ltr'>dicta,</span> <span class='ocrx_word' id='word_1_115' title='bbox 789 1245 1083 1306; x_wconf 89' lang='lat' dir='ltr'>Trinacria</span> <span class='ocrx_word' id='word_1_116' title='bbox 1109 1265 1140 1306; x_wconf 93' lang='lat' dir='ltr'>a</span> <span class='ocrx_word' id='word_1_117' title='bbox 1173 1245 1432 1325; x_wconf 90' lang='lat' dir='ltr'>pluribus</span> <span class='ocrx_word' id='word_1_118' title='bbox 1456 1256 1550 1307; x_wconf 91' lang='lat' dir='ltr'>aut</span> <span class='ocrx_word' id='word_1_119' title='bbox 1573 1246 1837 1308; x_wconf 76' lang='lat' dir='ltr'>Trinacia</span> <span class='ocrx_word' id='word_1_120' title='bbox 1869 1265 1899 1306; x_wconf 90' lang='lat' dir='ltr'>a</span> <span class='ocrx_word' id='word_1_121' title='bbox 1933 1248 2228 1323; x_wconf 85' lang='lat' dir='ltr'>triangula</span> <span class='ocrx_word' id='word_1_122' title='bbox 2316 1311 2317 1316; x_wconf 55' lang='grc'>,</span> 
     </span>
     <span class='ocr_line' id='line_1_15' title="bbox 220 1328 2317 1426; baseline 0 -37"><span class='ocrx_word' id='word_1_123' title='bbox 220 1332 457 1408; x_wconf 88' lang='lat' dir='ltr'>specie,</span> <span class='ocrx_word' id='word_1_124' title='bbox 493 1330 735 1389; x_wconf 88' lang='lat' dir='ltr'>circuitu</span> <span class='ocrx_word' id='word_1_125' title='bbox 770 1339 1011 1406; x_wconf 85' lang='lat' dir='ltr'>patens,</span> <span class='ocrx_word' id='word_1_126' title='bbox 1057 1339 1115 1390; x_wconf 92' lang='lat' dir='ltr'>ut</span> <span class='ocrx_word' id='word_1_127' title='bbox 1145 1340 1347 1389; x_wconf 89' lang='lat' dir='ltr'>auctor</span> <span class='ocrx_word' id='word_1_128' title='bbox 1379 1339 1468 1389; x_wconf 91' lang='lat' dir='ltr'>est</span> <span class='ocrx_word' id='word_1_129' title='bbox 1499 1330 1800 1409; x_wconf 78' lang='lat' dir='ltr'>Agrippa,</span> <span class='ocrx_word' id='word_1_130' title='bbox 1831 1328 2139 1391; x_wconf 89' lang='lat' dir='ltr'>DCXVIII</span> <span class='ocrx_word' id='word_1_131' title='bbox 2169 1329 2228 1390; x_wconf 83' lang='lat' dir='ltr'>M</span> <span class='ocrx_word' id='word_1_132' title='bbox 2314 1369 2317 1426; x_wconf 64' lang='lat'><strong><em>⁴</em></strong></span> 
     </span>
     <span class='ocr_line' id='line_1_16' title="bbox 220 1413 2317 1493; baseline 0 -19"><span class='ocrx_word' id='word_1_133' title='bbox 220 1432 377 1493; x_wconf 90' lang='lat' dir='ltr'>pass.</span> <span class='ocrx_word' id='word_1_134' title='bbox 398 1458 414 1488; x_wconf 89' lang='lat'>,</span> <span class='ocrx_word' id='word_1_135' title='bbox 449 1414 732 1491; x_wconf 85' lang='lat' dir='ltr'>quondam</span> <span class='ocrx_word' id='word_1_136' title='bbox 767 1413 982 1473; x_wconf 90' lang='lat' dir='ltr'>Bruttio</span> <span class='ocrx_word' id='word_1_137' title='bbox 1015 1414 1549 1490; x_wconf 20' lang='lat' dir='ltr'>agroxcohaerens,</span> <span class='ocrx_word' id='word_1_138' title='bbox 1596 1432 1732 1473; x_wconf 86' lang='lat' dir='ltr'>mox</span> <span class='ocrx_word' id='word_1_139' title='bbox 1764 1413 2050 1474; x_wconf 85' lang='lat' dir='ltr'>interfuso</span> <span class='ocrx_word' id='word_1_140' title='bbox 2081 1415 2283 1476; x_wconf 69' lang='lat' dir='ltr'>mariis</span> <span class='ocrx_word' id='word_1_141' title='bbox 2314 1431 2317 1482; x_wconf 57' lang='lat' dir='ltr'>l</span> 
     </span>
     <span class='ocr_line' id='line_1_17' title="bbox 219 1493 2317 1573; baseline 0 -16"><span class='ocrx_word' id='word_1_142' title='bbox 219 1498 419 1557; x_wconf 87' lang='lat' dir='ltr'>avolsa</span> <span class='ocrx_word' id='word_1_143' title='bbox 442 1496 551 1556; x_wconf 91' lang='lat' dir='ltr'>XV</span> <span class='ocrx_word' id='word_1_144' title='bbox 582 1496 640 1555; x_wconf 87' lang='lat' dir='ltr'>M</span> <span class='ocrx_word' id='word_1_145' title='bbox 669 1497 727 1555; x_wconf 90' lang='lat' dir='ltr'>in</span> <span class='ocrx_word' id='word_1_146' title='bbox 756 1497 1168 1573; x_wconf 85' lang='lat' dir='ltr'>longitudinem</span> <span class='ocrx_word' id='word_1_147' title='bbox 1197 1497 1371 1572; x_wconf 85' lang='lat' dir='ltr'>freto,</span> <span class='ocrx_word' id='word_1_148' title='bbox 1406 1498 1849 1558; x_wconf 89' lang='lat' dir='ltr'>inlatitudinem</span> <span class='ocrx_word' id='word_1_149' title='bbox 1879 1507 2075 1558; x_wconf 88' lang='lat' dir='ltr'>autem</span> <span class='ocrx_word' id='word_1_150' title='bbox 2104 1497 2221 1558; x_wconf 76' lang='lat' dir='ltr'>MD</span> <span class='ocrx_word' id='word_1_151' title='bbox 2316 1493 2317 1544; x_wconf 65' lang='grc' dir='ltr'>ἶ</span> 
     </span>
     <span class='ocr_line' id='line_1_18' title="bbox 219 1577 2221 1659; baseline 0 -18"><span class='ocrx_word' id='word_1_152' title='bbox 219 1583 380 1659; x_wconf 45' lang='lat' dir='ltr'>pass*</span> <span class='ocrx_word' id='word_1_153' title='bbox 402 1582 558 1640; x_wconf 83' lang='lat' dir='ltr'>iuxta</span> <span class='ocrx_word' id='word_1_154' title='bbox 584 1577 916 1640; x_wconf 89' lang='lat' dir='ltr'>Columnam</span> <span class='ocrx_word' id='word_1_155' title='bbox 934 1579 1234 1658; x_wconf 89' lang='lat' dir='ltr'>Rhegiam.</span> <span class='ocrx_word' id='word_1_156' title='bbox 1272 1580 1365 1640; x_wconf 88' lang='lat' dir='ltr'>Ab</span> <span class='ocrx_word' id='word_1_157' title='bbox 1381 1582 1495 1641; x_wconf 89' lang='lat' dir='ltr'>hoc</span> <span class='ocrx_word' id='word_1_158' title='bbox 1513 1581 1856 1641; x_wconf 87' lang='lat' dir='ltr'>dehiscendi</span> <span class='ocrx_word' id='word_1_159' title='bbox 1874 1590 2221 1658; x_wconf 84' lang='lat' dir='ltr'>argumento</span> 
     </span>
     <span class='ocr_line' id='line_1_19' title="bbox 218 1664 2218 1742; baseline -0.001 -18"><span class='ocrx_word' id='word_1_160' title='bbox 218 1665 502 1742; x_wconf 88' lang='lat' dir='ltr'>Rhegium</span> <span class='ocrx_word' id='word_1_161' title='bbox 528 1664 735 1723; x_wconf 89' lang='lat' dir='ltr'>Graeci</span> <span class='ocrx_word' id='word_1_162' title='bbox 765 1682 974 1732; x_wconf 91' lang='lat' dir='ltr'>nomen</span> <span class='ocrx_word' id='word_1_163' title='bbox 1003 1665 1224 1724; x_wconf 89' lang='lat' dir='ltr'>dedere</span> <span class='ocrx_word' id='word_1_164' title='bbox 1250 1665 1470 1742; x_wconf 88' lang='lat' dir='ltr'>oppido</span> <span class='ocrx_word' id='word_1_165' title='bbox 1497 1666 1551 1723; x_wconf 93' lang='lat' dir='ltr'>in</span> <span class='ocrx_word' id='word_1_166' title='bbox 1571 1667 1827 1741; x_wconf 88' lang='lat' dir='ltr'>margine</span> <span class='ocrx_word' id='word_1_167' title='bbox 1849 1664 2057 1724; x_wconf 87' lang='lat' dir='ltr'>Italiae</span> <span class='ocrx_word' id='word_1_168' title='bbox 2083 1667 2218 1725; x_wconf 89' lang='lat' dir='ltr'>sito.</span> 
     </span>
    </p>

    <p class='ocr_par' dir='ltr' id='par_1_6' title="bbox 132 1745 2317 2412">
     <span class='ocr_line' id='line_1_20' title="bbox 132 1745 2317 1829; baseline 0 -21"><span class='ocrx_word' id='word_1_169' title='bbox 132 1763 199 1819; x_wconf 81' lang='grc'>87</span> <span class='ocrx_word' id='word_1_170' title='bbox 217 1748 280 1808; x_wconf 90' lang='lat' dir='ltr'>In</span> <span class='ocrx_word' id='word_1_171' title='bbox 312 1766 384 1809; x_wconf 90' lang='lat' dir='ltr'>eo</span> <span class='ocrx_word' id='word_1_172' title='bbox 416 1747 567 1807; x_wconf 76' lang='lat' dir='ltr'>freto</span> <span class='ocrx_word' id='word_1_173' title='bbox 601 1756 691 1806; x_wconf 87' lang='lat' dir='ltr'>est</span> <span class='ocrx_word' id='word_1_174' title='bbox 722 1748 998 1827; x_wconf 90' lang='lat' dir='ltr'>scopulus</span> <span class='ocrx_word' id='word_1_175' title='bbox 1032 1749 1251 1823; x_wconf 91' lang='lat' dir='ltr'>Scylla,</span> <span class='ocrx_word' id='word_1_176' title='bbox 1285 1750 1420 1808; x_wconf 90' lang='lat' dir='ltr'>item</span> <span class='ocrx_word' id='word_1_177' title='bbox 1454 1745 1814 1824; x_wconf 79' lang='lat' dir='ltr'>CharybdiS,</span> <span class='ocrx_word' id='word_1_178' title='bbox 1850 1766 2012 1808; x_wconf 89' lang='lat' dir='ltr'>mare</span> <span class='ocrx_word' id='word_1_179' title='bbox 2046 1750 2220 1808; x_wconf 85' lang='lat' dir='ltr'>verti·</span> <span class='ocrx_word' id='word_1_180' title='bbox 2314 1789 2317 1829; x_wconf 52' lang='lat'>2</span> 
     </span>
     <span class='ocr_line' id='line_1_21' title="bbox 220 1831 2281 1910; baseline 0.001 -18"><span class='ocrx_word' id='word_1_181' title='bbox 220 1850 451 1907; x_wconf 88' lang='lat' dir='ltr'>cosum,</span> <span class='ocrx_word' id='word_1_182' title='bbox 501 1831 668 1891; x_wconf 86' lang='lat' dir='ltr'>ambo</span> <span class='ocrx_word' id='word_1_183' title='bbox 718 1832 873 1892; x_wconf 89' lang='lat' dir='ltr'>clara</span> <span class='ocrx_word' id='word_1_184' title='bbox 916 1834 1205 1909; x_wconf 33' lang='lat' dir='ltr'>saevitia..</span> <span class='ocrx_word' id='word_1_185' title='bbox 1236 1832 1426 1910; x_wconf 90' lang='lat' dir='ltr'>Ipsius</span> <span class='ocrx_word' id='word_1_186' title='bbox 1458 1834 1807 1910; x_wconf 78' lang='lat' dir='ltr'>triquetrae,</span> <span class='ocrx_word' id='word_1_187' title='bbox 1851 1841 1911 1892; x_wconf 92' lang='lat' dir='ltr'>ut</span> <span class='ocrx_word' id='word_1_188' title='bbox 1942 1832 2281 1910; x_wconf 56' lang='lat' dir='ltr'>diximum</span> 
     </span>
     <span class='ocr_line' id='line_1_22' title="bbox 220 1913 2227 1995; baseline 0.001 -21"><span class='ocrx_word' id='word_1_189' title='bbox 220 1916 670 1995; x_wconf 76' lang='lat' dir='ltr'>promontorium</span> <span class='ocrx_word' id='word_1_190' title='bbox 700 1913 966 1974; x_wconf 91' lang='lat' dir='ltr'>Pelorum</span> <span class='ocrx_word' id='word_1_191' title='bbox 995 1926 1239 1976; x_wconf 85' lang='lat' dir='ltr'>vocatur</span> <span class='ocrx_word' id='word_1_192' title='bbox 1270 1916 1550 1976; x_wconf 86' lang='lat' dir='ltr'>adversus</span> <span class='ocrx_word' id='word_1_193' title='bbox 1581 1917 1835 1992; x_wconf 80' lang='lat' dir='ltr'>Scyllam</span> <span class='ocrx_word' id='word_1_194' title='bbox 1868 1934 2133 1993; x_wconf 82' lang='lat' dir='ltr'>vergens</span> <span class='ocrx_word' id='word_1_195' title='bbox 2169 1918 2227 1977; x_wconf 88' lang='lat' dir='ltr'>in</span> 
     </span>
     <span class='ocr_line' id='line_1_23' title="bbox 218 1997 2227 2079; baseline 0.001 -20"><span class='ocrx_word' id='word_1_196' title='bbox 218 1999 472 2074; x_wconf 88' lang='lat' dir='ltr'>Italiam,</span> <span class='ocrx_word' id='word_1_197' title='bbox 505 1998 832 2073; x_wconf 74' lang='lat' dir='ltr'>Pachynum</span> <span class='ocrx_word' id='word_1_198' title='bbox 863 2000 919 2058; x_wconf 92' lang='lat' dir='ltr'>in</span> <span class='ocrx_word' id='word_1_199' title='bbox 953 2000 1285 2074; x_wconf 83' lang='lat' dir='ltr'>Graeciam,</span> <span class='ocrx_word' id='word_1_200' title='bbox 1337 1997 1637 2060; x_wconf 88' lang='lat' dir='ltr'>CCCCXL</span> <span class='ocrx_word' id='word_1_201' title='bbox 1667 1999 1726 2060; x_wconf 89' lang='lat' dir='ltr'>M</span> <span class='ocrx_word' id='word_1_202' title='bbox 1758 2000 1828 2060; x_wconf 90' lang='lat' dir='ltr'>ab</span> <span class='ocrx_word' id='word_1_203' title='bbox 1862 2017 1936 2079; x_wconf 84' lang='lat' dir='ltr'>eo</span> <span class='ocrx_word' id='word_1_204' title='bbox 1969 1999 2227 2061; x_wconf 85' lang='lat' dir='ltr'>distante</span> 
     </span>
     <span class='ocr_line' id='line_1_24' title="bbox 218 2081 2229 2161; baseline 0.001 -19"><span class='ocrx_word' id='word_1_205' title='bbox 218 2082 661 2161; x_wconf 89' lang='lat' dir='ltr'>Peloponneso,</span> <span class='ocrx_word' id='word_1_206' title='bbox 698 2081 1032 2157; x_wconf 83' lang='lat' dir='ltr'>Lilybaeum</span> <span class='ocrx_word' id='word_1_207' title='bbox 1082 2085 1137 2142; x_wconf 92' lang='lat' dir='ltr'>in</span> <span class='ocrx_word' id='word_1_208' title='bbox 1167 2082 1425 2143; x_wconf 81' lang='lat' dir='ltr'>Africam</span> <span class='ocrx_word' id='word_1_209' title='bbox 1458 2081 1717 2143; x_wconf 88' lang='lat' dir='ltr'>CLXXX</span> <span class='ocrx_word' id='word_1_210' title='bbox 1756 2083 1814 2142; x_wconf 87' lang='lat' dir='ltr'>M</span> <span class='ocrx_word' id='word_1_211' title='bbox 1844 2083 2158 2144; x_wconf 83' lang='lat' dir='ltr'>intervallo</span> <span class='ocrx_word' id='word_1_212' title='bbox 2195 2101 2229 2144; x_wconf 87' lang='lat' dir='ltr'>a</span> 
     </span>
     <span class='ocr_line' id='line_1_25' title="bbox 218 2164 2315 2249; baseline 0.001 -23"><span class='ocrx_word' id='word_1_213' title='bbox 218 2165 466 2227; x_wconf 88' lang='lat' dir='ltr'>Mercuri</span> <span class='ocrx_word' id='word_1_214' title='bbox 500 2168 893 2244; x_wconf 89' lang='lat' dir='ltr'>promontorio</span> <span class='ocrx_word' id='word_1_215' title='bbox 930 2176 987 2226; x_wconf 87' lang='lat' dir='ltr'>et</span> <span class='ocrx_word' id='word_1_216' title='bbox 1017 2186 1048 2226; x_wconf 93' lang='lat' dir='ltr'>a</span> <span class='ocrx_word' id='word_1_217' title='bbox 1074 2165 1403 2226; x_wconf 85' lang='lat' dir='ltr'>Caralitano</span> <span class='ocrx_word' id='word_1_218' title='bbox 1431 2168 1728 2227; x_wconf 87' lang='lat' dir='ltr'>Sardiniae</span> <span class='ocrx_word' id='word_1_219' title='bbox 1756 2164 1908 2228; x_wconf 90' lang='lat' dir='ltr'>CXC</span> <span class='ocrx_word' id='word_1_220' title='bbox 1932 2167 2008 2226; x_wconf 89' lang='lat' dir='ltr'>M.</span> <span class='ocrx_word' id='word_1_221' title='bbox 2064 2166 2229 2228; x_wconf 86' lang='lat' dir='ltr'>Inter</span> <span class='ocrx_word' id='word_1_222' title='bbox 2302 2234 2315 2249; x_wconf 58' lang='grc'>,</span> 
     </span>
     <span class='ocr_line' id='line_1_26' title="bbox 220 2249 2283 2330; baseline 0 -21"><span class='ocrx_word' id='word_1_223' title='bbox 220 2269 285 2309; x_wconf 91' lang='lat' dir='ltr'>se</span> <span class='ocrx_word' id='word_1_224' title='bbox 318 2260 506 2309; x_wconf 89' lang='lat' dir='ltr'>autem</span> <span class='ocrx_word' id='word_1_225' title='bbox 542 2249 688 2310; x_wconf 89' lang='lat' dir='ltr'>haec</span> <span class='ocrx_word' id='word_1_226' title='bbox 722 2252 1113 2327; x_wconf 90' lang='lat' dir='ltr'>promontoria</span> <span class='ocrx_word' id='word_1_227' title='bbox 1145 2268 1215 2309; x_wconf 88' lang='lat' dir='ltr'>ac</span> <span class='ocrx_word' id='word_1_228' title='bbox 1247 2250 1429 2310; x_wconf 89' lang='lat' dir='ltr'>latera</span> <span class='ocrx_word' id='word_1_229' title='bbox 1460 2250 1668 2310; x_wconf 88' lang='lat' dir='ltr'>distant</span> <span class='ocrx_word' id='word_1_230' title='bbox 1698 2252 1788 2311; x_wconf 86' lang='lat' dir='ltr'>his</span> <span class='ocrx_word' id='word_1_231' title='bbox 1820 2252 2058 2330; x_wconf 88' lang='lat' dir='ltr'>spatiis:</span> <span class='ocrx_word' id='word_1_232' title='bbox 2102 2260 2283 2311; x_wconf 73' lang='lat' dir='ltr'>ter-2⁵</span> 
     </span>
     <span class='ocr_line' id='line_1_27' title="bbox 219 2332 2226 2412; baseline 0.002 -20"><span class='ocrx_word' id='word_1_233' title='bbox 219 2351 359 2393; x_wconf 89' lang='lat' dir='ltr'>reno</span> <span class='ocrx_word' id='word_1_234' title='bbox 403 2335 611 2392; x_wconf 88' lang='lat' dir='ltr'>itinere</span> <span class='ocrx_word' id='word_1_235' title='bbox 659 2352 690 2393; x_wconf 92' lang='lat' dir='ltr'>a</span> <span class='ocrx_word' id='word_1_236' title='bbox 730 2333 941 2394; x_wconf 90' lang='lat' dir='ltr'>Peloro</span> <span class='ocrx_word' id='word_1_237' title='bbox 995 2334 1319 2409; x_wconf 88' lang='lat' dir='ltr'>Pachynum</span> <span class='ocrx_word' id='word_1_238' title='bbox 1367 2332 1705 2393; x_wconf 87' lang='lat' dir='ltr'>CLXXXVI</span> <span class='ocrx_word' id='word_1_239' title='bbox 1742 2333 1800 2394; x_wconf 91' lang='lat' dir='ltr'>M</span> <span class='ocrx_word' id='word_1_240' title='bbox 1843 2353 2040 2412; x_wconf 65' lang='lat' dir='ltr'>pass,</span> <span class='ocrx_word' id='word_1_241' title='bbox 2084 2336 2226 2396; x_wconf 85' lang='lat' dir='ltr'>inde</span> 
     </span>
    </p>

    <p class='ocr_par' dir='ltr' id='par_1_7' title="bbox 131 2414 2285 2998">
     <span class='ocr_line' id='line_1_28' title="bbox 131 2414 2226 2501; baseline 0.001 -26"><span class='ocrx_word' id='word_1_242' title='bbox 131 2416 549 2501; x_wconf 56' lang='lat' dir='ltr'>&amp;Lilybaeum</span> <span class='ocrx_word' id='word_1_243' title='bbox 583 2414 680 2479; x_wconf 86' lang='lat' dir='ltr'>CC</span> <span class='ocrx_word' id='word_1_244' title='bbox 712 2417 799 2493; x_wconf 88' lang='lat' dir='ltr'>M,</span> <span class='ocrx_word' id='word_1_245' title='bbox 844 2418 977 2477; x_wconf 87' lang='lat' dir='ltr'>inde</span> <span class='ocrx_word' id='word_1_246' title='bbox 1019 2417 1287 2477; x_wconf 89' lang='lat' dir='ltr'>Pelorum</span> <span class='ocrx_word' id='word_1_247' title='bbox 1322 2415 1546 2476; x_wconf 89' lang='lat' dir='ltr'>CLXX.</span> <span class='ocrx_word' id='word_1_248' title='bbox 1609 2416 1887 2478; x_wconf 88' lang='lat' dir='ltr'>Coloniae</span> <span class='ocrx_word' id='word_1_249' title='bbox 1930 2418 2013 2477; x_wconf 85' lang='lat' dir='ltr'>ibi</span> <span class='ocrx_word' id='word_1_250' title='bbox 2058 2420 2226 2497; x_wconf 85' lang='lat' dir='ltr'>qnin-</span> 
     </span>
     <span class='ocr_line' id='line_1_29' title="bbox 219 2499 2227 2578; baseline 0.001 -18"><span class='ocrx_word' id='word_1_251' title='bbox 219 2519 365 2578; x_wconf 87' lang='lat' dir='ltr'>que,</span> <span class='ocrx_word' id='word_1_252' title='bbox 415 2500 592 2560; x_wconf 88' lang='lat' dir='ltr'>urbes</span> <span class='ocrx_word' id='word_1_253' title='bbox 641 2519 709 2561; x_wconf 87' lang='lat' dir='ltr'>ac</span> <span class='ocrx_word' id='word_1_254' title='bbox 757 2503 1021 2563; x_wconf 82' lang='lat' dir='ltr'>civitates</span> <span class='ocrx_word' id='word_1_255' title='bbox 1049 2499 1249 2560; x_wconf 89' lang='lat' dir='ltr'>LXIII.</span> <span class='ocrx_word' id='word_1_256' title='bbox 1313 2500 1367 2560; x_wconf 89' lang='lat' dir='ltr'>A</span> <span class='ocrx_word' id='word_1_257' title='bbox 1396 2501 1607 2561; x_wconf 90' lang='lat' dir='ltr'>Peloro</span> <span class='ocrx_word' id='word_1_258' title='bbox 1649 2520 1807 2562; x_wconf 89' lang='lat' dir='ltr'>mare</span> <span class='ocrx_word' id='word_1_259' title='bbox 1848 2501 2073 2562; x_wconf 89' lang='lat' dir='ltr'>Ionium</span> <span class='ocrx_word' id='word_1_260' title='bbox 2119 2520 2227 2562; x_wconf 88' lang='lat' dir='ltr'>ora</span> 
     </span>
     <span class='ocr_line' id='line_1_30' title="bbox 219 2584 2228 2663; baseline 0.001 -20"><span class='ocrx_word' id='word_1_261' title='bbox 219 2593 520 2662; x_wconf 86' lang='lat' dir='ltr'>spectante</span> <span class='ocrx_word' id='word_1_262' title='bbox 548 2584 823 2663; x_wconf 90' lang='lat' dir='ltr'>oppidum</span> <span class='ocrx_word' id='word_1_263' title='bbox 846 2585 1113 2644; x_wconf 89' lang='lat' dir='ltr'>Messana</span> <span class='ocrx_word' id='word_1_264' title='bbox 1140 2586 1347 2643; x_wconf 87' lang='lat' dir='ltr'>civium</span> <span class='ocrx_word' id='word_1_265' title='bbox 1369 2584 1753 2645; x_wconf 88' lang='lat' dir='ltr'>Romanorum</span> <span class='ocrx_word' id='word_1_266' title='bbox 1776 2586 1872 2663; x_wconf 87' lang='lat' dir='ltr'>qui</span> <span class='ocrx_word' id='word_1_267' title='bbox 1893 2584 2228 2646; x_wconf 83' lang='lat' dir='ltr'>Mamertini</span> 
     </span>
     <span class='ocr_line' id='line_1_31' title="bbox 214 2668 2285 2746; baseline 0 -20"><span class='ocrx_word' id='word_1_268' title='bbox 214 2677 526 2741; x_wconf 84' lang='lat' dir='ltr'>vocantur,</span> <span class='ocrx_word' id='word_1_269' title='bbox 583 2670 1035 2746; x_wconf 90' lang='lat' dir='ltr'>promontorium</span> <span class='ocrx_word' id='word_1_270' title='bbox 1074 2668 1438 2746; x_wconf 91' lang='lat' dir='ltr'>Drepanum,</span> <span class='ocrx_word' id='word_1_271' title='bbox 1498 2669 1728 2729; x_wconf 91' lang='lat' dir='ltr'>colonia</span> <span class='ocrx_word' id='word_1_272' title='bbox 1777 2668 2285 2731; x_wconf 56' lang='lat' dir='ltr'>Tauromenium„</span> 
     </span>
     <span class='ocr_line' id='line_1_32' title="bbox 217 2751 2227 2830; baseline 0.002 -20"><span class='ocrx_word' id='word_1_273' title='bbox 217 2751 567 2830; x_wconf 80' lang='lat' dir='ltr'>quae‘antea</span> <span class='ocrx_word' id='word_1_274' title='bbox 601 2751 821 2827; x_wconf 85' lang='lat' dir='ltr'>Naxos,</span> <span class='ocrx_word' id='word_1_275' title='bbox 854 2752 1066 2811; x_wconf 85' lang='lat' dir='ltr'>flumen</span> <span class='ocrx_word' id='word_1_276' title='bbox 1100 2752 1334 2826; x_wconf 89' lang='lat' dir='ltr'>Asines,</span> <span class='ocrx_word' id='word_1_277' title='bbox 1367 2769 1531 2811; x_wconf 89' lang='lat' dir='ltr'>mons</span> <span class='ocrx_word' id='word_1_278' title='bbox 1567 2752 1753 2813; x_wconf 86' lang='lat' dir='ltr'>Aetna</span> <span class='ocrx_word' id='word_1_279' title='bbox 1782 2754 2086 2812; x_wconf 83' lang='lat' dir='ltr'>nocturnis</span> <span class='ocrx_word' id='word_1_280' title='bbox 2118 2754 2227 2815; x_wconf 85' lang='lat' dir='ltr'>mi·</span> 
     </span>
     <span class='ocr_line' id='line_1_33' title="bbox 215 2834 2226 2914; baseline 0.001 -20"><span class='ocrx_word' id='word_1_281' title='bbox 215 2854 314 2894; x_wconf 89' lang='lat' dir='ltr'>rus</span> <span class='ocrx_word' id='word_1_282' title='bbox 346 2836 643 2895; x_wconf 86' lang='lat' dir='ltr'>incendiis.</span> <span class='ocrx_word' id='word_1_283' title='bbox 680 2844 871 2895; x_wconf 90' lang='lat' dir='ltr'>crater</span> <span class='ocrx_word' id='word_1_284' title='bbox 897 2837 1021 2895; x_wconf 89' lang='lat' dir='ltr'>eius</span> <span class='ocrx_word' id='word_1_285' title='bbox 1043 2845 1205 2914; x_wconf 88' lang='lat' dir='ltr'>patet</span> <span class='ocrx_word' id='word_1_286' title='bbox 1234 2835 1444 2895; x_wconf 89' lang='lat' dir='ltr'>ambitu</span> <span class='ocrx_word' id='word_1_287' title='bbox 1469 2837 1650 2896; x_wconf 84' lang='lat' dir='ltr'>stadia</span> <span class='ocrx_word' id='word_1_288' title='bbox 1680 2834 1811 2910; x_wconf 90' lang='lat' dir='ltr'>XX,</span> <span class='ocrx_word' id='word_1_289' title='bbox 1843 2835 2048 2896; x_wconf 83' lang='lat' dir='ltr'>favilla</span> <span class='ocrx_word' id='word_1_290' title='bbox 2074 2836 2226 2897; x_wconf 76' lang='lat' dir='ltr'>Tau-</span> 
     </span>
     <span class='ocr_line' id='line_1_34' title="bbox 218 2915 2229 2998; baseline 0.002 -21"><span class='ocrx_word' id='word_1_291' title='bbox 218 2921 530 2978; x_wconf 89' lang='lat' dir='ltr'>romenium</span> <span class='ocrx_word' id='word_1_292' title='bbox 563 2928 621 2978; x_wconf 86' lang='lat' dir='ltr'>et</span> <span class='ocrx_word' id='word_1_293' title='bbox 654 2915 910 2979; x_wconf 89' lang='lat' dir='ltr'>Catinam</span> <span class='ocrx_word' id='word_1_294' title='bbox 940 2937 1123 2996; x_wconf 86' lang='lat' dir='ltr'>usque</span> <span class='ocrx_word' id='word_1_295' title='bbox 1158 2921 1423 2998; x_wconf 86' lang='lat' dir='ltr'>pervenit</span> <span class='ocrx_word' id='word_1_296' title='bbox 1452 2919 1710 2995; x_wconf 83' lang='lat' dir='ltr'>fervens,</span> <span class='ocrx_word' id='word_1_297' title='bbox 1743 2920 1945 2996; x_wconf 81' lang='lat' dir='ltr'>fragor</span> <span class='ocrx_word' id='word_1_298' title='bbox 1973 2938 2129 2981; x_wconf 84' lang='lat' dir='ltr'>vero</span> <span class='ocrx_word' id='word_1_299' title='bbox 2155 2920 2229 2981; x_wconf 83' lang='lat' dir='ltr'>ad</span> 
     </span>
    </p>

    <p class='ocr_par' dir='ltr' id='par_1_8' title="bbox 133 3000 2319 3421">
     <span class='ocr_line' id='line_1_35' title="bbox 133 3000 2229 3083; baseline 0.002 -22"><span class='ocrx_word' id='word_1_300' title='bbox 133 3016 202 3070; x_wconf 78' lang='lat'>89</span> <span class='ocrx_word' id='word_1_301' title='bbox 216 3000 549 3062; x_wconf 88' lang='lat' dir='ltr'>Maroneum</span> <span class='ocrx_word' id='word_1_302' title='bbox 581 3012 637 3061; x_wconf 90' lang='lat' dir='ltr'>et</span> <span class='ocrx_word' id='word_1_303' title='bbox 670 3003 966 3064; x_wconf 84' lang='lat' dir='ltr'>Gemellos</span> <span class='ocrx_word' id='word_1_304' title='bbox 999 3003 1187 3063; x_wconf 89' lang='lat' dir='ltr'>collis.</span> <span class='ocrx_word' id='word_1_305' title='bbox 1228 3003 1455 3081; x_wconf 88' lang='lat' dir='ltr'>scopuli</span> <span class='ocrx_word' id='word_1_306' title='bbox 1483 3012 1604 3063; x_wconf 87' lang='lat' dir='ltr'>tres</span> <span class='ocrx_word' id='word_1_307' title='bbox 1635 3002 1982 3082; x_wconf 89' lang='lat' dir='ltr'>Cyclopum,</span> <span class='ocrx_word' id='word_1_308' title='bbox 2018 3014 2229 3083; x_wconf 76' lang='lat' dir='ltr'>pertus</span> 
     </span>
     <span class='ocr_line' id='line_1_36' title="bbox 217 3083 2285 3162; baseline -0 -19"><span class='ocrx_word' id='word_1_309' title='bbox 217 3085 404 3144; x_wconf 84' lang='lat' dir='ltr'>Ulixis</span> <span class='ocrx_word' id='word_1_310' title='bbox 419 3104 446 3160; x_wconf 93' lang='lat'>,·</span> <span class='ocrx_word' id='word_1_311' title='bbox 484 3085 713 3146; x_wconf 91' lang='lat' dir='ltr'>colonia</span> <span class='ocrx_word' id='word_1_312' title='bbox 765 3083 995 3162; x_wconf 85' lang='lat' dir='ltr'>Catina,</span> <span class='ocrx_word' id='word_1_313' title='bbox 1054 3087 1283 3146; x_wconf 84' lang='lat' dir='ltr'>flumina</span> <span class='ocrx_word' id='word_1_314' title='bbox 1330 3086 1728 3162; x_wconf 88' lang='lat' dir='ltr'>Symaethum,</span> <span class='ocrx_word' id='word_1_315' title='bbox 1783 3086 2010 3147; x_wconf 87' lang='lat' dir='ltr'>Terias.</span> <span class='ocrx_word' id='word_1_316' title='bbox 2074 3090 2285 3149; x_wconf 73' lang='lat' dir='ltr'>intusst</span> 
     </span>
     <span class='ocr_line' id='line_1_37' title="bbox 219 3166 2319 3271; baseline 0.004 -46"><span class='ocrx_word' id='word_1_317' title='bbox 219 3166 620 3244; x_wconf 86' lang='lat' dir='ltr'>Laestrygonii</span> <span class='ocrx_word' id='word_1_318' title='bbox 656 3170 863 3248; x_wconf 88' lang='lat' dir='ltr'>campi.</span> <span class='ocrx_word' id='word_1_319' title='bbox 922 3170 1139 3249; x_wconf 89' lang='lat' dir='ltr'>oppida</span> <span class='ocrx_word' id='word_1_320' title='bbox 1172 3169 1453 3244; x_wconf 86' lang='lat' dir='ltr'>Leontini,</span> <span class='ocrx_word' id='word_1_321' title='bbox 1489 3170 1763 3248; x_wconf 83' lang='lat' dir='ltr'>Megaris,</span> <span class='ocrx_word' id='word_1_322' title='bbox 1797 3172 1980 3230; x_wconf 89' lang='lat' dir='ltr'>amnis</span> <span class='ocrx_word' id='word_1_323' title='bbox 2016 3171 2224 3233; x_wconf 76' lang='lat' dir='ltr'>Panta-</span> <span class='ocrx_word' id='word_1_324' title='bbox 2316 3232 2319 3271; x_wconf 33' lang='lat'>,</span> 
     </span>
     <span class='ocr_line' id='line_1_38' title="bbox 221 3250 2319 3332; baseline 0.004 -26"><span class='ocrx_word' id='word_1_325' title='bbox 221 3251 378 3324; x_wconf 88' lang='lat' dir='ltr'>gies,</span> <span class='ocrx_word' id='word_1_326' title='bbox 431 3250 657 3311; x_wconf 90' lang='lat' dir='ltr'>coloni-a</span> <span class='ocrx_word' id='word_1_327' title='bbox 690 3253 1015 3326; x_wconf 86' lang='lat' dir='ltr'>Syracusae</span> <span class='ocrx_word' id='word_1_328' title='bbox 1054 3271 1179 3312; x_wconf 89' lang='lat' dir='ltr'>cum</span> <span class='ocrx_word' id='word_1_329' title='bbox 1224 3254 1382 3313; x_wconf 81' lang='lat' dir='ltr'>fonte</span> <span class='ocrx_word' id='word_1_330' title='bbox 1419 3254 1737 3328; x_wconf 89' lang='lat' dir='ltr'>Arethusa,</span> <span class='ocrx_word' id='word_1_331' title='bbox 1785 3272 2134 3332; x_wconf 83' lang='lat' dir='ltr'>quamquam</span> <span class='ocrx_word' id='word_1_332' title='bbox 2164 3263 2227 3316; x_wconf 76' lang='lat' dir='ltr'>et</span> <span class='ocrx_word' id='word_1_333' title='bbox 2318 3274 2319 3283; x_wconf 54' lang='lat'>¹</span> 
     </span>
     <span class='ocr_line' id='line_1_39' title="bbox 223 3331 2226 3421; baseline 0.005 -30"><span class='ocrx_word' id='word_1_334' title='bbox 223 3331 535 3392; x_wconf 86' lang='lat' dir='ltr'>Temenitis</span> <span class='ocrx_word' id='word_1_335' title='bbox 561 3342 619 3393; x_wconf 88' lang='lat' dir='ltr'>et</span> <span class='ocrx_word' id='word_1_336' title='bbox 641 3333 1009 3396; x_wconf 88' lang='lat' dir='ltr'>Archidemia</span> <span class='ocrx_word' id='word_1_337' title='bbox 1025 3344 1085 3396; x_wconf 89' lang='lat' dir='ltr'>et</span> <span class='ocrx_word' id='word_1_338' title='bbox 1100 3335 1344 3415; x_wconf 87' lang='lat' dir='ltr'>Magaea</span> <span class='ocrx_word' id='word_1_339' title='bbox 1369 3347 1428 3397; x_wconf 87' lang='lat' dir='ltr'>et</span> <span class='ocrx_word' id='word_1_340' title='bbox 1446 3335 1644 3413; x_wconf 86' lang='lat' dir='ltr'>Cyane</span> <span class='ocrx_word' id='word_1_341' title='bbox 1669 3346 1728 3398; x_wconf 88' lang='lat' dir='ltr'>et</span> <span class='ocrx_word' id='word_1_342' title='bbox 1744 3335 2226 3421; x_wconf 34' lang='lat' dir='ltr'>Milichie-fontes</span> 
     </span>
    </p>
   </div>
   <div class='ocr_carea' id='block_1_3' title="bbox 2312 382 2318 556">
    <p class='ocr_par' dir='ltr' id='par_1_9' title="bbox 2312 382 2318 556">
     <span class='ocr_line' id='line_1_40' title="bbox 2312 382 2318 556; baseline 0 3094"><span class='ocrx_word' id='word_1_343' title='bbox 2312 382 2318 556; x_wconf 95' lang='lat' dir='ltr'> </span> 
     </span>
    </p>
   </div>
   <div class='ocr_carea' id='block_1_4' title="bbox 2314 705 2318 990">
    <p class='ocr_par' dir='ltr' id='par_1_10' title="bbox 2314 705 2318 990">
     <span class='ocr_line' id='line_1_41' title="bbox 2314 705 2318 990; baseline 0 2660"><span class='ocrx_word' id='word_1_344' title='bbox 2314 705 2318 990; x_wconf 95' lang='lat' dir='ltr'> </span> 
     </span>
    </p>
   </div>
   <div class='ocr_carea' id='block_1_5' title="bbox 2316 1129 2317 1298">
    <p class='ocr_par' dir='ltr' id='par_1_11' title="bbox 2316 1129 2317 1298">
     <span class='ocr_line' id='line_1_42' title="bbox 2316 1129 2317 1298; baseline 0 0"><span class='ocrx_word' id='word_1_345' title='bbox 2316 1129 2317 1298; x_wconf 95' lang='lat' dir='ltr'> </span> 
     </span>
    </p>
   </div>
  </div>
 </body>
</html>
