2320 3650
201 156 283 220 86
910 173 988 223 0.
1020 175 1212 224 rum
1243 174 1556 225 smmum·

199 322 387 400 fugari
418 323 596 385 diram
633 327 788 388 illam
829 346 900 405 ac
941 330 1224 390 minacem
1265 331 1731 411 appellatamque
1772 331 2052 396 Helenam
2092 336 2183 396 fe-

197 415 358 481 runt,
403 417 462 467 et
502 407 579 469 ob
618 412 676 471 id
707 411 930 472 Polluci
974 423 1043 473 et
1064 410 1290 473 Castori
1336 415 1393 474 id
1431 433 1637 477 numen
1668 415 1997 496 adsignant,
2045 438 2180 480 eos-

138 518 142 523 ·
200 506 312 567 que
342 491 398 549 in
426 493 569 551 mari
599 494 744 555 deos
778 496 1061 556 invocant.
1110 496 1410 558 Hominum
1443 516 1674 578 quoque
1708 503 1899 579 capita
1933 520 2178 581 vesper-

199 572 331 647 tinis
371 593 578 652 magno
625 581 933 657 praesagio
982 581 1434 659 circumfulgent.
1489 584 1675 644 omnia
1703 584 1923 646 incerta
1951 588 2179 649 ratione

200 665 260 716 et
287 657 345 716 in
376 668 608 721 naturae
639 663 937 723 maiestate
971 664 1181 725 abdita.
1318 726 1322 731 ,
1416 698 1418 700 ·
1722 726 1725 731 .
1905 679 1910 682 ’
2200 695 2231 737 ⁶

115 747 216 802 102
339 741 438 802 38.
484 744 653 824 (38.)
700 745 989 806 Hactenus
1033 748 1105 808 de
1151 749 1358 821 mundo
1388 750 1517 829 ipso
1549 751 1968 832 sideribusque.
2026 770 2179 822 nunc

194 823 421 903 reliqua
452 827 601 888 caeli
633 831 1047 892 memorabilia.
1101 850 1346 912 namque
1373 842 1451 893 et
1492 834 1607 894 hoc
1641 835 1865 897 caelum
1913 837 2174 915 appella-

194 926 337 967 vere
368 911 619 981 maiores
651 913 806 991 quod
835 914 950 974 alio
980 917 1209 976 nomine
1238 935 1395 993 aera,
1429 934 1596 978 omne
1628 920 1783 998 quod
1814 920 1960 979 inani
1986 920 2174 980 simile

193 992 429 1052 vitalem
450 994 598 1055 hunc
629 998 884 1076 spiritum
914 999 1114 1059 fundit.
1162 1000 1315 1061 Infra
1349 1001 1536 1062 lunam
1565 1001 1712 1063 haec
1743 1002 1939 1078 sedes,
1970 1003 2175 1064 multo·

193 1092 308 1157 quc
349 1077 588 1139 inferior
633 1081 725 1160 (ut
753 1082 1154 1145 ,animadverto
1200 1086 1614 1162 propemodum
1657 1087 1956 1164 constare)
1992 1087 2173 1146 infini·
2196 1107 2249 1150 10

191 1170 308 1221 tum
343 1180 420 1222 ex
461 1164 764 1244 superiore
813 1175 1011 1228 natura
1050 1169 1234 1242 aeris,
1293 1168 1562 1227 infinitum
1609 1177 1668 1228 et
1711 1171 1928 1230 terreni
1967 1170 2177 1231 halitus

190 1246 442 1306 miscens
489 1258 729 1330 utraque
774 1259 932 1312 sorte
974 1251 1354 1312 confunditur.
1397 1251 1559 1312 ‘nino
1591 1251 1786 1314 nubila
1831 1262 1889 1313 et
1929 1255 2176 1316 tonitrua
2261 1316 2268 1317 ff

193 1337 252 1388 et
272 1329 391 1391 alia
424 1332 685 1409 fulmina,
718 1332 852 1394 hinc
881 1336 1210 1413 grandines,
1246 1336 1519 1414 pruinae,
1571 1335 1814 1411 imbres,
1848 1337 2172 1414 procellae,

189 1412 470 1492 turbines,
492 1416 625 1478 hinc
648 1417 906 1496 pluruma
928 1419 1249 1480 mortalium
1272 1418 1425 1480 mala
1441 1427 1500 1480 et
1519 1438 1709 1480 rerum
1725 1428 1957 1480 naturae
1983 1438 2176 1499 pugna

106 1503 212 1561 103
233 1513 447 1558 secum.
511 1500 767 1563 Terrena
796 1503 856 1562 in
886 1503 1108 1564 caelum
1138 1503 1429 1565 tendentia
1473 1503 1738 1581 deprimit
1780 1503 2029 1564 siderum
2063 1505 2172 1581 via,
2192 1526 2242 1566 15

194 1579 514 1662 eademque
558 1570 706 1664 q'uae
749 1594 956 1665 sponte
1000 1605 1115 1647 non
1155 1585 1398 1647 subeant
1430 1586 1503 1647 ad
1544 1604 1610 1646 se
1655 1587 1843 1648 trahit.
1904 1587 2173 1647 decidunt

185 1663 446 1744 imbres,
480 1668 733 1729 nebulae
766 1666 1041 1745 subeunt,
1075 1671 1361 1730 siccantur
1388 1688 1613 1746 amnes,
1643 1679 1810 1732 ruunt
1838 1671 2168 1748 grandines,

191 1756 421 1811 torrent
444 1753 589 1812 radii
632 1761 690 1812 et
719 1762 930 1813 terram
970 1755 1027 1813 in
1067 1753 1313 1813 medium
1356 1753 1606 1834 undique
1640 1753 1972 1834 inpellunt,
1997 1754 2172 1814 iidem

185 1831 416 1894 infracti
445 1836 706 1897 resiliunt
740 1846 799 1897 et
827 1856 974 1916 quae
1009 1847 1252 1916 potuere
1297 1839 1558 1898 auferunt
1604 1857 1819 1899 secum.
1880 1856 2064 1916 vapor
2094 1856 2170 1898 ex

189 1913 306 1976 alto
348 1919 500 1979 cadit
540 1937 879 1998 rursumque
929 1922 985 1980 in
1027 1923 1199 1982 altum
1231 1922 1397 1982 redit.
1453 1924 1609 1982 venti
1651 1924 1912 2000 ingruunt
1943 1923 2163 1998 inanes,
2186 1943 2237 1985 ao

185 1998 477 2081 iidemque
524 2021 651 2063 cum
690 2006 887 2083 rapina
930 2015 1207 2066 remeant.
1266 2014 1352 2066 tot
1383 2005 1702 2068 animalium
1735 2006 1967 2067 haustus
2001 2005 2166 2083 spiri-

164 2089 305 2145 ¹tum
334 2103 368 2145 e
398 2086 627 2149 sublimi
656 2088 856 2163 trahit,
890 2098 946 2149 at
977 2090 1077 2150 ille
1110 2098 1308 2150 contra
1338 2091 1559 2165 nititur,
1604 2089 1892 2168 tellusque
1922 2097 1983 2149 ut
2015 2090 2171 2149 inani

104 2172 207 2227 104
229 2170 396 2229 caelo
426 2172 682 2251 spiritum
710 2171 908 2234 fundit.
974 2174 1074 2233 Sic
1102 2173 1253 2233 ultro
1297 2175 1440 2234 citro
1482 2182 1817 2234 conmeante
1862 2181 2060 2234 natura
2111 2181 2198 2233 ut-

184 2260 468 2315 tormento
517 2256 710 2335 aliquo
755 2255 946 2318 mundi
977 2258 1277 2326 celeritate
1324 2258 1614 2318 discordia
1648 2256 1999 2317 accenditur.
2056 2273 2172 2316 nec

186 2345 340 2397 stare
387 2356 614 2417 pugnae
660 2339 829 2417 licet,
873 2341 980 2401 sed
1020 2341 1259 2402 adsidue
1304 2350 1468 2419 rapta
1512 2341 1871 2400 convolvitur
1912 2348 1970 2399 et
2012 2339 2235 2402 circa2⁵

182 2429 396 2480 terram
436 2423 694 2483 inmenso
734 2443 936 2485 -rerum
982 2443 1188 2485 causas
1232 2424 1412 2501 globo
1461 2423 1740 2500 ostendit,
1786 2422 2026 2483 subinde
2059 2439 2168 2500 per

182 2503 349 2564 nubis
380 2506 603 2567 caelum
632 2508 785 2569 aliud
816 2508 1122 2569 obtexens.
1184 2508 1498 2568 Ventorum
1528 2507 1641 2568 hoc
1668 2518 1926 2585 regnum.
1972 2506 2166 2584 itaque

184 2590 500 2669 praecipua
535 2608 732 2651 eorum
762 2601 962 2652 natura
1003 2592 1084 2652 ibi
1116 2600 1175 2653 et
1212 2592 1395 2651 ferme
1428 2591 1683 2670 reliquas
1715 2590 2003 2669 conplexa
2034 2607 2068 2649 a
2098 2606 2166 2648 se

183 2691 423 2750 causas,
467 2676 729 2753 quoniam
760 2686 819 2735 et
847 2676 1148 2736 tonitruum
1186 2684 1243 2740 et
1272 2675 1561 2736 fulminum
1588 2676 1768 2735 iactus
1802 2674 2003 2734 horum
2035 2673 2160 2765 vio-

176 2755 391 2827 lentiae
414 2757 681 2838 plerique
713 2758 1042 2835 adsignant,
1101 2760 1235 2838 quin
1271 2768 1328 2818 et
1357 2758 1491 2818 ideo
1523 2758 1807 2838 lapidibus
1837 2758 2040 2838 pluere
2080 2773 2163 2815 m-
2184 2775 2236 2817 so

179 2842 364 2917 terim,
398 2843 529 2921 quia
557 2851 730 2902 vento
763 2844 875 2904 sint
902 2843 1080 2921 rapti,
1116 2852 1176 2904 et
1203 2842 1376 2903 multa
1406 2843 1685 2903 similiter.
1739 2859 1905 2921 quam
1935 2838 2010 2902 oh
2041 2856 2167 2899 rem

180 2923 343 2985 simul
375 2927 539 3003 plura
568 2925 811 2987 dicenda
841 2935 986 2986 sunt.

96 3017 199 3069 105
339 3008 440 3069 39.
485 3009 650 3089 (39.)
702 3009 1129 3088 Tempestatum
1163 3028 1471 3088 rerumque
1502 3009 1773 3089 quasdam
1809 3015 1985 3067 statas
2026 3023 2164 3066 esse

180 3108 417 3169 causas,
461 3095 735 3172 quasdam
768 3112 911 3154 vero
951 3095 1215 3168 fortuitas
1246 3102 1340 3153 aut
1371 3093 1554 3154 adhuc
1586 3094 1823 3153 rationis
1857 3092 2164 3168 inconper-

68 3221 77 3228 .
176 3182 293 3252 tae,
328 3178 688 3237 manifestum
732 3187 840 3237 est.
904 3177 1044 3251 Quis
1088 3180 1238 3237 enim
1269 3185 1521 3238 aestates
1554 3185 1611 3235 et
1639 3175 1863 3235 hiemes
1894 3189 2236 3251 quaequeas

174 3258 232 3317 in
272 3260 627 3338 temporibus
672 3279 853 3321 annua
897 3262 1029 3321 vice
1078 3260 1485 3336 intelleguntur
1533 3260 1785 3320 siderum
1835 3265 1989 3316 motu
2034 3256 2168 3315 fieri

175 3341 438 3402 dubitet?
496 3343 572 3404 Ut
616 3344 756 3403 solis
799 3361 942 3421 ergo
973 3353 1171 3403 natura
1202 3343 1573 3421 temperando
1608 3341 1961 3418 intellegitur
1990 3356 2166 3431 anno,

173 3426 258 3486 sic
288 3426 643 3505 reliquorum,
671 3444 901 3506 quoque
935 3428 1189 3488 siderum
1238 3427 1472 3505 propria
1502 3434 1592 3486 est
1627 3423 1946 3504 quibusque
1980 3439 2070 3504 vis
2106 3432 2170 3483 et
