2320 3650
554 147 713 196 MT.
745 147 928 197 ms'r.
959 147 1090 197 1111.
1138 113 1377 200 lom-19.¹
1413 133 1710 217 (ao—33.)
2024 139 2141 199 179

137 317 336 376 suum,
385 300 739 361 latitudinem
772 299 1113 361 CCCXVIII
1156 300 1512 380 conputavit.
1542 333 1543 336 κ
1574 300 1629 359 Α
1660 300 1855 362 Scaldi
1882 302 2141 363 incolunt

140 384 436 464 [Exervi,]
470 383 796 445 Texuandri
826 384 1084 464 pluribus
1117 385 1472 459 nominibus,
1507 383 1640 443 dein
1668 383 1940 464 Menapii,
1973 385 2097 445 Μο·
2125 395 2228 450 106

137 469 277 544 rini,
329 465 703 528 Oromarsaci
753 470 929 528 iuncti
966 486 1121 547 pago
1167 470 1262 547 qui
1311 465 1660 527 Chersiacus
1705 479 1975 546 vocatur,
2019 470 2141 529 Bri·

138 552 312 625 tanni,
350 549 637 626 Ambiani,
662 550 982 627 Bellovaci,
1005 552 1188 611 Bassi.
1227 554 1506 611 introrsus
1539 547 1862 628 Catoslugi,
1894 552 2141 613 Atreba-

103 645 252 711 stes,
277 632 485 693 Nervii
509 633 697 710 liberi,
712 633 1121 709 Veromandui,
1154 634 1556 713 [Suaeuconi,]
1585 633 1933 694 Suessiones
1951 636 2142 711 liberi,

137 718 478 778 Ulmanetes
510 717 713 793 liberi,
747 717 982 795 Tuffgri,
1007 709 1249 794 Sunuci,
1292 718 1684 794 Frisiavones,
1713 717 1929 794 Betasi,
1962 719 2142 779 Leuci

136 801 341 876 liberi,
375 799 619 860 Treveri
648 790 816 861 liberi
848 812 1017 862 antea
1053 808 1111 861 et
1137 800 1429 879 Lingones
1459 802 1777 876 foederati,
1809 801 1974 861 Remi
2014 802 2140 861 foe-

138 885 358 959 derati,
403 883 859 962 Mediomatrici,
906 885 1195 963 Sequani,
1243 885 1508 961 Raurici,
1539 884 1812 944 Helvetii.
1869 884 2139 945 coloniae

136 965 447 1046 Equestris
497 976 560 1026 et
604 967 908 1028 Rauriaca.
983 968 1246 1028 Rhenum
1295 978 1485 1028 autem
1519 968 1857 1028 adcolentes
1905 966 2138 1029 Germa-

74 1063 123 1104 10
139 1053 268 1111 niae
300 1051 558 1128 gentium
590 1052 647 1109 in
682 1052 884 1111 eadem
914 1052 1214 1130 provincia
1243 1051 1553 1127 Nemetes,
1586 1051 1852 1128 Triboci,
1884 1051 2137 1129 Vangio·

138 1152 276 1210 nes,
325 1134 462 1193 hinc
491 1133 657 1211 Ubii,
701 1135 929 1195 colonia
971 1134 1450 1215 Agrippinensis,
1495 1133 1786 1212 Guberni,
1838 1135 2039 1196 Batavi
2081 1145 2141 1195 et

139 1234 289 1297 quos
319 1219 379 1276 in
408 1217 612 1276 insulis
644 1217 883 1277 diximus
913 1218 1119 1277 Rheni.
2153 1241 2222 1276 101

265 1300 368 1362 18.
403 1299 570 1379 (32.)
601 1299 998 1378 Lugdunensis
1029 1301 1212 1362 Gallia
1246 1300 1422 1361 habet
1448 1301 1773 1380 Lexovios,
1813 1302 2096 1363 Velocas⁴
2123 1312 2223 1367 107

141 1403 272 1461 ses,
321 1383 596 1460 Caletos,
642 1385 934 1460 Venetos,
967 1384 1387 1461 Abrincatuos,
1422 1384 1747 1462 Ossismos,
1781 1386 1989 1447 flumen
2020 1386 2137 1446 cla-

77 1484 261 1528 mrum
306 1466 589 1545 Ligerim,
632 1468 740 1528 sed
781 1468 1138 1547 peninsulam
1182 1471 1592 1547 spectatiorem
1633 1478 2036 1530 excurrentem
2082 1471 2138 1530 in

139 1569 423 1612 oceanum
465 1568 499 1610 a
542 1550 654 1611 line
699 1550 1085 1611 Ossismorum
1130 1554 1372 1612 circuitu
1416 1550 1687 1612 DCXXV
1725 1552 1785 1612 Μ
1811 1570 1969 1631 pass.
2009 1570 2135 1611 cer-

135 1637 268 1695 vice
299 1636 358 1694 in
389 1633 740 1694 latitudinem
773 1632 985 1696 CXXV
1015 1635 1091 1695 Μ.
1126 1634 1203 1694 Μ.
1266 1636 1412 1695 ultra
1444 1654 1574 1695 eum
1606 1634 1963 1711 Namnetes,
1989 1636 2138 1694 intus

135 1729 331 1780 autem
381 1716 571 1777 Aedui
624 1718 941 1794 foederati,
996 1718 1229 1780 Carnuti
1282 1719 1601 1797 foederati,
1650 1719 1794 1794 Boi,
1846 1720 2136 1794 Senones,

136 1801 383 1863 Aulerci
438 1802 536 1880 qui
580 1803 1053 1880 cognominantur
1097 1802 1460 1864 Eburovices
1507 1812 1567 1867 et
1614 1804 1711 1882 qui
1760 1800 2135 1878 Cenomanni,

69 1886 315 1947 wHeldi
345 1885 547 1962 liberi,
579 1885 813 1963 Parisii,
856 1886 1186 1963 Tricasses,
1233 1886 1562 1962 Andecavi,
1592 1886 1976 1963 Viducasses,
2023 1887 2135 1946 Bo-

140 1971 481 2044 diocasses,
511 1967 778 2046 Venelli,
814 1967 1267 2046 Cariosvelites,
1303 1970 1608 2047 Diablinti,
1639 1971 1989 2046 RhedoneS,
2023 1969 2134 2029 Tu-

133 2069 351 2196 ἱίιιθε,
407 2048 649 2130 Atesui,
696 2054 998 2114 Secusiani
1044 2053 1242 2129 liberi,
1289 2057 1347 2114 in
1399 2071 1642 2133 quorum
1701 2071 1845 2132 agro
1905 2055 2134 2114 colonia

261 2136 492 2195 dunum.

216 2153 351 2278 g19.
393 2217 563 2297 (33.)
594 2206 971 2296 Aquitanicae
1001 2228 1129 2280 sunt
1159 2219 1482 2295 Ambilatri,
1515 2219 1874 2297 Anagnutes,
1911 2219 2098 2280 Picto·
2118 2228 2219 2282 108

71 2317 276 2378 asnes,
311 2302 602 2362 Santones
632 2301 834 2376 liberi,
871 2302 1158 2380 Bituriges
1193 2306 1536 2381 cognomine
1566 2303 1819 2378 Vivisci,
1866 2303 2137 2381 Aquitani

134 2386 288 2447 unde
319 2403 531 2445 nomen
564 2387 927 2463 provinciae,
960 2386 1390 2447 Sediboviates.
1441 2403 1580 2446 mox
1605 2387 1662 2445 in
1693 2388 1966 2466 oppidum
1999 2404 2134 2446 con-

135 2470 333 2529 tributi
365 2466 717 2546 Convenae,
761 2467 1035 2547 Begerri,
1079 2469 1338 2531 Tarbelli
1370 2469 1908 2546 Quattuorsignani,
1944 2466 2134 2529 Coco-

134 2562 297 2613 sates
328 2553 713 2628 Sexsignani,
744 2551 1019 2630 Venami,
1057 2551 1467 2630 Onobrisates,
1499 2553 1773 2629 Belendi,
1807 2554 1988 2614 saltus
2025 2553 2132 2626 Py-

135 2653 421 2710 renaeus,
471 2636 737 2713 infraque
786 2635 1044 2712 Monesi,
1103 2635 1409 2698 Oscidates
1458 2638 1737 2711 montani,
1791 2636 2130 2710 SibyllateS,

71 2716 448 2798 aoCamponi,
482 2718 901 2795 Bercorcates,
930 2718 1283 2779 Pindedunni
1299 2765 1315 2795 ,
1344 2720 1640 2794 Lassunni,
1670 2718 1956 2794 VellateS,
1991 2717 2132 2777 Tor-

134 2812 332 2879 nates,
387 2800 782 2877 Consoranni,
836 2801 1046 2877 Ausci,
1090 2802 1396 2880 Elusates,
1451 2805 1763 2878 Sottiates,
1828 2800 2132 2861 Oscidates

136 2894 529 2965 campestres,
569 2886 945 2963 =Succasses,
1005 2885 1350 2962 Tarusates,
1412 2886 1839 2962 Basabocates,
1893 2883 2130 2956 Vassei,

134 2969 441 3044 Sen‘nates,
477 2966 866 3029 Cambolectri
896 2968 1298 3047 Agessinates.
1332 2969 1665 3047 Pictonibus
1696 2969 1870 3027 iuncti
1901 2977 2090 3027 autem
2119 2976 2219 3029 109

133 3050 422 3129 Bituriges
453 3051 625 3114 liberi
672 3053 770 3129 qui
802 3048 949 3112 Cubi
992 3053 1388 3131 appellantur,
1432 3053 1565 3113 dein
1594 3052 1970 3126 Lemovices,
2019 3050 2129 3110 Ar-

66 3137 298 3196 averni
328 3135 533 3211 liberi,
573 3134 845 3195 Gabales.
900 3154 1101 3195 rursus
1128 3135 1495 3196 Narbonensi
1535 3135 1870 3214 provinciae
1903 3144 2130 3194 conter-

130 3219 263 3279 mini
296 3217 540 3293 Ruteni,
589 3215 867 3294 Cadurci,
911 3218 1303 3295 Nitiobriges,
1351 3219 1657 3295 Tarneque
1698 3236 1861 3278 amne
1893 3218 2132 3278 discreti

33 3342 38 3347 -
132 3319 164 3362 a
194 3301 509 3363 Tolosanis
538 3299 860 3360 Petrocori.
912 3300 1092 3360 Maria
1127 3303 1283 3360 circa
1315 3319 1473 3361 oram
1504 3302 1575 3361 ad
1606 3301 1867 3361 Rhenum
1897 3311 2129 3379 septen-

132 3386 391 3471 trionalis
437 3400 733 3460 oceanus,
779 3385 930 3444 inter
972 3383 1234 3444 Rhenum
1282 3393 1338 3443 et
1384 3385 1708 3462 Sequanam
1746 3384 2127 3457 Britannicus,

1589 3465 1720 3525 12*
2192 3536 2230 3574 j
