2320 3650
553 94 716 155 ΝᾼΤ.
759 95 942 143 n1sr.
979 96 1133 143 xm.
1177 92 1420 145 12—15.
1461 86 1765 164 (26—30.)
2038 85 2160 144 245

279 249 375 308 14.
424 245 601 326 (28.)
654 247 972 326 Aethiopia
1008 248 1284 327 Aegypto
1326 252 1681 309 contermina
1711 252 1950 328 insignis
1987 250 2154 312 arbo-
2179 261 2249 314 90

127 352 241 395 res
285 350 406 396 nan
448 332 576 393 fere
613 331 795 391 habet
831 342 1070 410 praeter
1102 333 1399 408 liniferas,
1454 350 1692 412 quarum
1732 344 1930 394 natura
1963 335 2020 393 in
2055 337 2159 394 'de-

130 418 468 495 scriptione
511 415 782 476 ludo-rum
827 425 1002 494 atque
1042 417 1299 478 Arabiae
1346 417 1499 478 dicta
1548 427 1656 476 est.
1726 420 1968 496 propior.
2010 420 2240 504 ²³··se¹²;q.

128 520 279 562 nen
303 501 439 561 huic
467 509 667 560 natura
697 501 867 560 lanae
895 502 1195 579 maiorque
1230 502 1526 561 folliculus
1558 503 1786 579 granati
1808 503 1979 562 modo
2004 504 2158 579 mali,

80 605 108 643 5
130 587 489 662 similesque
514 593 590 643 'et
624 585 773 643 inter
805 603 872 643 se
918 585 1162 645 arbores
1209 587 1397 664 ipsae.
1463 596 1702 664 praeter
1730 585 1880 646 hanc
1909 587 2159 664 palmae,

129 670 337 749 qualis
359 668 677 728 retulimus.
704 667 1019 728 Insularum
1043 669 1294 730 arbores
1312 670 1524 730 ambitu
1542 669 1893 748 Aethiopiae
1918 679 1976 729 et
1996 689 2095 730 ne·
2110 698 2250 742 aesqq,

127 773 307 815 mora
340 752 583 813 odorata
614 754 672 811 in
701 753 992 813 mentione
1025 772 1222 813 earum
1254 755 1406 814 dicta
1436 764 1580 813 sunt.
1641 756 1644 759 ’
2013 778 2146 818 mse
2166 788 2251 823 sqq.

224 880 227 885 .
274 839 373 901 15.
422 835 593 914 (29.)
637 836 841 896 Atlans
888 855 1052 897 mous
1098 836 1381 916 peculiari
1415 838 1678 917 proditur
1713 839 1892 914 silva,
1938 838 2010 897 de
2046 856 2156 914 qua
2180 847 2245 900 91

129 923 414 983 diximus,
480 920 740 980 confines
785 923 839 980 ei
868 919 1084 996 Mauri,
1131 922 1338 1000 quihus
1384 923 1645 1001 pluruma
1675 923 1851 983 arbor
1884 922 2010 980 citri
2053 930 2249 987 et5,14

58 1026 112 1065 ιο
131 1023 477 1066 mensarum
512 1005 765 1080 insania,
812 1023 954 1083 quas
994 1005 1243 1067 feminae
1275 1007 1417 1074 viris
1450 1016 1654 1066 contra
1693 1006 2034 1083 margaritas
2070 1023 2161 1062 re-

128 1099 397 1169 gei-unt„
432 1088 640 1148 Exstat
669 1088 843 1148 hodie
868 1087 944 1148 M„
972 1088 1279 1149 Ciceronis
1303 1093 1360 1151 in
1390 1091 1492 1150 illa.
1521 1098 1862 1169 paupertate
1895 1098 1973 1163 et,
2003 1089 2158 1165 quod
2182 1097 2251 1150 92

128 1176 330 1251 magis
362 1174 564 1232 mirum
594 1172 845 1248 estsillo
874 1191 1021 1233 aevo
1054 1184 1246 1252 empta
1279 1174 1396 1234 HS.
1427 1177 1498 1234 B.
1552 1183 1901 1234 memoratur
1928 1181 1987 1232 et
2016 1171 2164 1231 Galli

130 1259 321 1319 Asini·
353 1257 470 1317 Hs.
511 1259 632 1336 Γὶῑι.
691 1259 1070 1318 venumdatae
1111 1268 1244 1316 sunt
1272 1268 1329 1318 et
1375 1258 1525 1317 duae
1557 1257 1628 1316 ab
1662 1257 1802 1316 Iuba
1847 1275 1993 1333 rege
2023 1273 2163 1332 pen·

131 1344 395 1416 denteS,
424 1359 665 1419 quarum
685 1342 855 1401 alteri
886 1344 1130 1419 pretium
1163 1341 1267 1401 fuit
1296 1340 1410 1402 Hs.
1441 1358 1593 1423 ΙΧΠΙ
1615 1387 1632 1417 ,
1664 1342 1832 1400 alteri
1866 1339 2040 1420 paulo
2066 1341 2165 1398 mi-

61 1449 110 1488 15
131 1446 270 1487 nuS.
318 1427 533 1484 interiit
556 1443 741 1502 nuper
763 1425 1031 1485 incendio
1056 1444 1089 1485 a
1114 1422 1393 1503 Cethegis
1419 1422 1788 1504 descendens
1808 1424 1921 1485 HS.
1953 1439 2164 1503 ΙΧΙΠΙΙ

130 1518 509 1591 permutata,
557 1509 817 1569 latifundi
849 1511 1180 1584 taxatione,
1227 1511 1276 1568 si
1316 1511 1444 1588 quis
1476 1511 1716 1589 praedia
1746 1511 1886 1568 tanti
1919 1510 2167 1571 mercari

129 1595 326 1656 malit.
385 1592 719 1669 Magnitudo
761 1593 1127 1671 amplissimis
1157 1592 1344 1654 adhuc
1383 1593 1519 1653 fuit:
1572 1595 1667 1654 uni
1714 1594 2039 1655 conmissae
2083 1612 2158 1654 ex
2181 1603 2254 1657 93

132 1677 394 1738 orbibus
450 1676 753 1737 dimidiatis
821 1677 1046 1736 duobus
1106 1696 1137 1737 a
1181 1697 1338 1759 ⁸rege
1381 1677 1772 1739 Mauretaniae
1826 1677 2166 1739 Ptolemaeo

130 1769 425 1843 quattuor
453 1761 664 1839 pedum
699 1770 758 1820 et
789 1762 1105 1841 semipedis
1131 1780 1242 1840 per
1276 1762 1523 1822 medium
1556 1763 1858 1838 ambitum,
1896 1765 2168 1823 crassitu-

60 1850 282 1913 20.dine
329 1845 720 1924 quadrantali,
766 1847 1065 1925 maiusque
1093 1848 1431 1907 miraculum
1470 1850 1527 1907 in
1561 1867 1628 1908 ea
1656 1856 1746 1908 est
1781 1849 1921 1907 artis
1952 1849 2167 1908 latente

133 1937 415 1993 iunctura
461 1947 629 2006 quam
675 1932 964 2007 potuisset
1012 1941 1151 1990 esse
1177 1940 1435 1992 naturae.
1508 1933 1731 1993 solidae
1769 1942 1956 1991 autem
1989 1951 2020 1991 a
2050 1931 2168 1991 No-

131 2017 263 2075 mio
303 2010 577 2072 Caesaris
608 2013 822 2072 liberto
865 2031 1194 2090 cognomen
1221 2016 1469 2074 trahenti
1511 2016 1698 2075 tribus
1740 2016 1977 2075 sicilicis
2023 2016 2170 2074 infra

135 2106 428 2179 quattuor
480 2098 667 2175 pedes
719 2097 1078 2175 totidemque
1126 2099 1272 2157 infra
1338 2100 1700 2177 semipedem
1754 2099 2167 2157 crassitudinis.

135 2200 263 2264 qua
300 2183 358 2239 in
395 2199 459 2240 re
488 2198 607 2241 non
650 2181 1021 2240 omittendum
1059 2182 1289 2240 videtur
1330 2180 1567 2242 Tiberio
1612 2183 1862 2260 principi
1909 2198 2165 2240 mensam
2188 2189 2258 2243 94

61 2295 111 2334 25
134 2273 429 2347 quattuor
442 2264 628 2341 pedes
646 2273 914 2324 sextante
939 2274 996 2323 et
1019 2265 1245 2324 sicilico
1273 2265 1676 2340 excedentem,
1701 2273 1824 2323 tota
1845 2282 1989 2324 vero
2016 2283 2171 2325 cras-

135 2348 405 2411 situdine
439 2349 819 2424 sescunciali,
851 2350 1213 2427 operimento
1246 2349 1470 2409 lamnae
1490 2351 1758 2408 vestitam
1789 2348 1971 2408 fuisse
1991 2395 2007 2424 ,
2043 2366 2171 2408 cum

135 2447 266 2497 tam
301 2434 491 2510 opima
521 2431 731 2491 Nomio
762 2432 976 2492 liberto
1007 2434 1132 2491 eius
1168 2442 1359 2508 esset,
1408 2434 1570 2493 cuius
1599 2433 1838 2492 materia
1886 2443 2047 2492 esset
2084 2442 2168 2491 tu-

134 2522 280 2581 ber.
344 2516 461 2576 hoc
502 2525 595 2575 est
626 2517 873 2592 radicis,
917 2534 1300 2594 maxumeque
1339 2516 1630 2580 laudatum
1653 2516 1822 2595 ,quod
1867 2515 1974 2577 sub
2010 2525 2166 2575 terra
2189 2524 2260 2578 95

136 2612 337 2665 totum
365 2600 571 2675 fuerit,
608 2609 667 2659 et
699 2602 885 2659 rarius
912 2618 1080 2678 quam
1109 2618 1259 2678 quae
1287 2618 1539 2679 superne
1568 2602 1879 2677 gignuntur
1910 2602 2079 2659 etiam
2114 2593 2173 2657 ih

60 2686 352 2759 sor-amis,
377 2685 738 2763 proprieque
769 2684 927 2761 quod
955 2687 1095 2745 tanti
1110 2687 1323 2743 emitur
1352 2684 1622 2745 arborum
1649 2685 1847 2742 vitium
1878 2692 2002 2760 est,
2034 2701 2171 2761 qua-

132 2788 277 2833 ·rurn
308 2768 626 2846 amplitudo
657 2786 728 2827 ac
758 2767 991 2828 radices
1021 2769 1310 2828 aestimari
1342 2778 1588 2846 possunt
1618 2786 1693 2842 ex
1722 2767 1981 2827 orbibus.
2042 2775 2174 2825 sunt
2213 2821 2220 2826 .

124 2864 348 2917 ,autem
381 2869 666 2929 cupresso
700 2851 948 2911 feminae
988 2861 1159 2930 atque
1199 2855 1505 2912 etiamnum
1549 2853 1803 2922 silvestri
1834 2851 2054 2910 similes
2084 2851 2171 2909 fo-

138 2942 230 3001 lio
248 2982 266 3013 ,
294 2936 502 3012 odore,
539 2935 801 2996 caudice.
849 2934 1210 2995 Ancorarius
1233 2953 1400 2997 mons
1422 2946 1666 2997 vocatur
1700 2936 1994 2995 citerioris
2013 2933 2171 2994 Man-

140 3021 425 3084 retaniae
455 3022 552 3097 qui
582 3019 1027 3079 laudatissimam
1059 3020 1220 3098 dedit
1252 3022 1452 3082 citrum
1472 3066 1489 3097 ,
1522 3023 1633 3079 iam
1666 3019 2001 3080 exhaustus.

60 3133 122 3174 35
287 3103 458 3183 (30.)
503 3102 721 3163 Mensis
751 3104 1067 3182 praecipua
1097 3103 1205 3163 dos
1236 3107 1293 3163 in
1322 3123 1529 3165 venam
1563 3105 1773 3183 crispis
1810 3103 1910 3162 vel
1952 3104 2008 3163 in
2039 3120 2171 3163 ver·
2190 3109 2260 3165 96

150 3192 310 3250 tices
341 3203 581 3265 parvos.
642 3187 784 3247 illud
815 3188 1079 3264 oblongo
1100 3190 1295 3248 evenit
1328 3190 1591 3249 discursu
1624 3189 1878 3266 ideoque
1907 3187 2175 3264 tigrinum

148 3272 528 3352 appellatur,
572 3271 687 3331 hoc
715 3274 963 3346 intorto,
1013 3280 1072 3330 et
1104 3272 1241 3332 ideo
1270 3274 1421 3332 tales
1455 3272 1832 3351 pantherinae
1871 3281 2174 3332 vocantur.

153 3363 399 3416 suntet
445 3354 694 3413 undatim
735 3358 997 3435 crispae,
1037 3358 1257 3416 maiore
1298 3360 1482 3434 gratia
1526 3359 1575 3416 si
1619 3374 1907 3436 pavonum
1953 3354 2174 3415 caudae

44 3451 48 3458 ’
155 3439 383 3500 0941105·
411 3438 720 3498 imifflsstm'·
784 3470 991 3531 magna
1020 3466 1221 3510 verum
1253 3453 1389 3523 post
1427 3442 1534 3503 has
1574 3443 1764 3519 gratia
1805 3450 1970 3501 extra
1991 3455 2169 3522 grae·
2192 3444 2262 3499 97

2207 3543 2279 3589 A
