2320 3650
196 94 319 156 216
923 108 982 156 c.
1013 70 1206 156 1'2121m
1237 108 1533 160 ssom1

192 262 509 337 Bithyniam
528 259 755 322 vocant.
815 270 906 322 est
935 270 993 322 et
1014 261 1321 324 Antiochia
1355 273 1415 325 et
1445 273 1644 326 contra
1672 263 1858 326 faucis
1883 264 2197 344 Rhyndaci

192 346 477 429 Besbioos
518 343 707 405 XVIII
748 344 806 405 Μ
844 347 1102 406 circuitu.
1188 354 1279 406 est
1319 346 1501 409 Elaea
1536 358 1596 409 et
1631 349 1779 412 duae
1813 349 2195 430 Rhodussae,

192 428 602 506 Erebinthote,
633 427 896 507 Megale,
922 427 1230 507 Chalcitis,
1255 426 1549 506 Pityodes.

673 691 744 774 c.
800 692 1088 776 ΡιιΝι
1148 641 1609 777 suumin

294 958 299 959 f
430 845 1104 942 NATURAMS
1182 846 1855 944 fllswoltlAE

857 1011 1241 1077 LIBER
1298 1012 1428 1129 vi,

140 1279 170 1332 1
363 1267 506 1348 Cap.
538 1273 591 1330 1.
644 1271 833 1348 (Sect.
866 1272 953 1347 1.)
1028 1270 1243 1331 Pontus
1268 1267 1521 1329 Euxinus
1553 1280 1723 1332 antea
1753 1269 1826 1330 ab
1853 1269 2187 1348 inhospitali

176 1353 424 1421 ,feritate
469 1352 687 1414 Axinus
714 1355 1088 1433 appellatus,
1135 1354 1450 1433 peculiaris
1487 1354 1739 1415 invidiae
1777 1363 2016 1415 naturae
2053 1355 2186 1414 sine

192 1437 311 1497 nlla
360 1436 473 1498 ilue
517 1439 894 1516 indulgentis,
952 1435 1449 1498 aviditatessmaris
1497 1442 1556 1497 et
1607 1438 1738 1516 ipse
1787 1438 1844 1496 iu
1887 1436 2184 1516 Europam

191 1521 501 1599 Asiamque
542 1522 810 1583 funditur.
896 1538 1011 1582 non
1047 1522 1238 1582 fuerat
1270 1522 1410 1582 satis
1440 1536 1664 1582 oceano
1697 1520 1956 1581 ambisse
1992 1530 2182 1582 terras
2204 1537 2259 1578 10

194 1613 254 1664 et
290 1613 512 1683 partem
552 1622 748 1665 earum
789 1614 956 1666 aucta
986 1606 1312 1666 inmanitate
1355 1604 1860 1680 abstulisse,tnou
1893 1607 2183 1684 inrupisse

192 1690 392 1749 fractis
438 1689 723 1749 montibus
767 1688 1066 1768 Calpeque
1101 1688 1341 1749 Africae
1381 1689 1584 1749 avolsa
1628 1697 1787 1748 tanto
1823 1689 2042 1749 maiora
2081 1688 2181 1750 ab·

193 1771 491 1834 sorbuisse
538 1790 705 1852 quam
756 1773 1113 1851 relinqueret
1168 1773 1384 1852 spatia,
1430 1788 1545 1833 non
1589 1789 1699 1852 per
1739 1771 2183 1851 Hellespontum

189 1857 538 1934 Propontida
568 1857 845 1917 infudisse
875 1859 1081 1918 iterum
1111 1859 1283 1918 terris
1310 1857 1623 1917 devoratis.
1672 1874 1716 1917 ax
1741 1856 2008 1935 Bosporo
2038 1873 2181 1936 quo·

195 1941 394 2018 quein
442 1940 609 2001 aliam
640 1942 962 2002 vastitatem
992 1941 1256 2019 panditur
1296 1940 1452 2001 nulla
1492 1941 1759 2001 satietate
1816 1939 2004 2001 donec
2043 1957 2173 2019 spa·
2198 1960 2252 2004 ιε

135 2034 171 2087 2
190 2024 351 2084 tianti
384 2024 545 2084 lacus
582 2022 816 2084 Maeotii
843 2014 1099 2105 rapinam
1140 2037 1300 2085 suam
1344 2025 1559 2101 iungatae.
1646 2023 1843 2083 Invitis
1880 2023 1995 2083 hoc
2027 2024 2177 2085 acci-

188 2107 346 2167 disse
373 2109 544 2167 terris
573 2107 787 2168 indicio
817 2118 948 2168 sunt
989 2118 1076 2168 tot
1120 2109 1420 2186 angustiae
1451 2116 1625 2185 atque
1667 2116 1782 2168 tam
1815 2123 1992 2185 parva
2020 2116 2177 2167 natu·

189 2208 294 2250 rae
344 2192 720 2269 repugna-ntis
773 2192 1103 2268 intervalla,
1163 2194 1236 2253 ad
1287 2190 1727 2270 Hellespontum
1768 2188 2179 2251 DCCCLXXV

191 2289 493 2352 passuum,
525 2275 595 2335 ad
617 2275 915 2354 Bosporos
945 2276 1091 2336 duos
1123 2276 1224 2335 vel
1252 2274 1439 2336 bubus
1468 2273 1699 2335 meabili
1725 2276 1993 2351 transitu,
2032 2274 2178 2335 unde

190 2374 398 2416 nomen
428 2358 729 2434 ambobus,
766 2368 825 2419 et
851 2360 963 2419 iam
997 2359 1278 2438 quaedam
1307 2360 1365 2418 in
1392 2357 1806 2419 dissociatione
1829 2358 2173 2436 germanitas
2191 2385 2245 2427 ω

189 2457 457 2501 concors.
538 2442 733 2502 alitum
777 2443 992 2522 quippe
1040 2451 1239 2503 cantus
1297 2458 1613 2520 canumque
1663 2441 1903 2502 latratus
1936 2443 2176 2503 invicem

189 2525 507 2601 audiuntur,
552 2526 719 2586 vocis
752 2527 923 2585 etiam
956 2525 1237 2587 humanae
1262 2526 1617 2599 conmercia,
1662 2525 1813 2585 inter
1845 2525 1991 2586 duos
2020 2525 2175 2586 orbis

134 2618 451 2672 3mauente
481 2608 825 2687 conloquio,
871 2609 981 2669 uisi
1006 2627 1133 2670 eum
1166 2608 1224 2668 id
1252 2611 1438 2688 ipsum
1467 2606 1733 2669 auferunt
1759 2609 1935 2670 venti.
2021 2608 2174 2687 Men·
2307 2659 2308 2670 ,

192 2709 381 2751 suram
412 2692 576 2752 Ponti
619 2710 651 2752 a
685 2693 951 2772 Bosporo
1003 2692 1075 2755 ad
1119 2690 1430 2754 Maeotium
1467 2693 1654 2755 lacum
1703 2692 1930 2770 quidam
1979 2693 2173 2754 fecere

180 2776 340 2844 ῑζῑνῗ
358 2774 1035 2854 XXXVIIIMpassuum,
1060 2775 1481 2836 Eratosthenes
1513 2773 1866 2836 Cminorem.
1913 2776 2168 2855 Agrippa
2189 2804 2237 2846 2⁵

192 2878 225 2920 a
284 2857 656 2919 Chalcedone
713 2860 785 2921 ad
836 2859 1062 2922 Phasim
1104 2860 1204 2937 if,
1260 2860 1396 2921 inde
1445 2860 1768 2938 Bosporum
1819 2857 2172 2922 Cimmerium
2295 2911 2300 2924 .

196 2939 446 3003 CCCLX
462 2942 636 3004 milia.
685 2959 792 3003 nos
820 2942 1122 3005 intervalla
1146 2944 1467 3021 generatim
1501 2958 1782 3021 ponemus
1816 2953 2091 3022 conperta
2117 2946 2172 3005 in
2295 2941 2300 3016 i

191 3041 340 3087 aevo
365 3034 584 3101 nostro,
600 3026 838 3104 'quando
864 3028 1031 3087 etiam
1054 3028 1261 3106 inipso
1286 3044 1389 3087 ore
1406 3024 1713 3087 Cimmerio
1737 3036 2042 3105 pugnatum
2061 3037 2165 3089 est.
2295 3027 2298 3082 i

137 3118 174 3172 4
196 3124 338 3185 ergo
369 3110 427 3167 in
455 3107 716 3169 faucibus
739 3109 986 3188 Bospori
1019 3119 1111 3171 est
1131 3112 1309 3171 amnis
1331 3109 1595 3184 Rhebas,
1635 3126 1805 3187 quem
1828 3111 2003 3190 aliqui
2024 3110 2169 3172 Rhe·
2295 3087 2296 3148 ¹

195 3197 318 3252 suin
341 3192 622 3252 dixerunt.
691 3192 824 3253 dein
847 3194 1030 3268 Syris,
1062 3203 1265 3271 portus
1289 3191 1535 3271 Calpas,
1578 3192 1853 3270 Sangaris
1876 3191 2076 3255 fluvius
2094 3212 2169 3255 ex
2184 3217 2234 3259 so

194 3274 442 3334 inclutis.
510 3276 690 3336 oritur
715 3276 772 3336 in
810 3276 1055 3353 Phrygia
1074 3320 1093 3351 ,
1134 3277 1351 3356 accipit
1373 3285 1571 3337 vastos
1594 3278 1804 3352 amnis,
1845 3276 1997 3337 inter
2031 3292 2168 3356 quos

202 3355 609 3437 Tembrogium
653 3368 714 3419 et
764 3358 983 3421 Gallum
999 3400 1020 3436 ,
1080 3359 1234 3422 idem
1275 3359 1572 3439 Sagiarius
1625 3358 1925 3440 plerisque
1971 3359 2166 3437 dictus,
