2320 3650
231 77 350 140 158
868 84 873 90 ·
944 87 1003 133 c,
1037 87 1230 132 Pmm
1261 86 1561 133 suenum

759 326 832 428 G,
889 324 1703 409 rmntsncmiltl

451 478 1207 594 NATURAMS
1269 477 2067 570 instuit-ME

371 677 380 692 κ
913 643 1307 707 LIBER
1369 642 1494 705 xl.

180 929 206 978 1
355 918 544 993 (Sect.
583 918 672 994 1.)
704 914 947 975 Restant
976 918 1269 975 inmensae
1312 915 1641 974 subtilitatis
1672 914 1999 988 animalia,
2042 911 2256 991 quando

233 995 406 1077 aliqu‘j
439 1017 506 1058 ea
539 1017 730 1077 neque
755 1001 977 1077 spirare
1006 1009 1065 1058 et
1088 1001 1367 1076 sanguine
1398 1001 1567 1059 etiam
1601 1001 1811 1058 carere
1843 998 2276 1075 prodiderunt!

234 1082 373 1160 Cap.
400 1085 416 1140 1
436 1128 448 1140 .
475 1081 649 1141 Multa
664 1082 817 1141 haec
829 1092 886 1151 et
897 1084 1277 1160 multigenera
1291 1084 1647 1142 terrestrium
1662 1083 2121 1160 volucrumque
2136 1083 2251 1139 vita.

232 1166 343 1225 alia
378 1167 623 1243 pinnata,
660 1176 720 1227 ut
752 1184 917 1245 apes,
952 1167 1061 1226 alia
1093 1177 1340 1243 utroque
1372 1166 1578 1242 modo,
1616 1175 1677 1225 ut
1711 1166 2044 1239 formicae,
2081 1165 2251 1242 aliqua

233 1259 290 1309 et
322 1250 506 1327 pinnis
537 1259 596 1309 et
628 1248 875 1328 pedibus
908 1253 1183 1325 carentia,
1209 1252 1334 1309 iure
1365 1251 1551 1309 omnia
1587 1251 1814 1312 insecta
1847 1250 2168 1329 appellata
2190 1247 2247 1305 ab

231 1336 495 1393 incisuris
526 1351 676 1412 quae
710 1343 872 1392 nunc‘
897 1335 1187 1393 cervicum
1220 1335 1389 1410 loco,
1429 1351 1577 1393 nunc
1613 1343 1933 1411 pectorum
1973 1343 2154 1411 atque
2180 1331 2243 1389 al·

232 1420 311 1492 vi,
343 1419 672 1497 praecincta
704 1427 974 1494 separant
1004 1416 1279 1492 membra,
1307 1420 1462 1477 tenui
1495 1418 1666 1477 modo
1694 1418 1891 1476 fistula
1930 1418 2275 1477 cohaereri-11

232 1503 330 1561 tia.
376 1502 582 1580 aliquis
605 1518 747 1559 vero
783 1517 897 1560 non
925 1510 1045 1561 tota
1076 1491 1346 1576 incisura,
1370 1519 1495 1561 eam
1527 1501 1817 1561 ambiente
1855 1519 2037 1578 ruga,
2073 1500 2169 1560 sed
2192 1500 2239 1557 in

234 1586 367 1645 alvo
399 1594 494 1645 aut
524 1602 774 1663 superne
803 1594 1016 1644 tantum
1042 1584 1352 1644 imbricatis
1388 1585 1567 1644 flexili
1591 1585 1888 1644 vertebris
1907 1630 1927 1658 .‚
1978 1599 2234 1663 nusquam

179 1680 212 1731 2
241 1669 375 1728 alibi
399 1669 751 1746 spectatiore
774 1678 1011 1728 naturae
1032 1683 1225 1727 rerum
1247 1669 1507 1730 artificio.
1543 1668 1602 1727 2.
1622 1670 1686 1727 in
1706 1669 1945 1744 magnis
1971 1667 2232 1747 siquidem

236 1751 577 1831 corporibus
625 1760 717 1810 aut
760 1760 922 1811 certe
954 1751 1264 1812 maioribus
1293 1752 1489 1812 facilis
1515 1752 1746 1820 officina
1789 1753 2049 1832 sequaci
2079 1753 2229 1810 innte-

215 1838 317 1894 ·ria
349 1836 468 1895 fuit.
526 1837 583 1893 in
614 1835 702 1894 his
733 1845 846 1895 tam
875 1839 1069 1914 parvis
1099 1845 1272 1914 atque
1302 1846 1414 1896 tam
1442 1836 1614 1896 nullis
1643 1853 1797 1915 quae
1827 1839 2011 1913 ratio,
2045 1842 2274 1915 quma

235 1921 343 1993 viS‚
376 1937 543 1996 quam
571 1919 987 1980 inextricabilis
1023 1920 1342 1997 perfectio!
1404 1920 1502 1979 ubi
1542 1930 1627 1979 tot
1670 1937 1883 1978 sensus
1934 1920 2228 1980 collocavit

151 2048 156 2053 x
237 2006 292 2062 in
324 2001 554 2061 culice?
583 2036 666 2046 «-
697 2011 763 2062 et
788 2014 916 2063 sunt
959 2004 1068 2063 alia
1112 2003 1264 2062 dictu
1296 2005 1515 2064 minora
1543 2038 1656 2078 ——-‚
1695 2004 1802 2062 sed
1840 2005 1946 2063 ubi
1980 2008 2156 2064 visum
2182 2004 2225 2061 in

239 2103 312 2145 eo
343 2084 708 2164 praetendit?
749 2086 847 2145 ubi
878 2096 1167 2163 gustatum
1205 2085 1561 2165 adplicavit?
1602 2087 1698 2146 ubi
1747 2088 2058 2148 odoratum
2090 2090 2223 2146 inse·

237 2168 389 2230 ruit?
420 2170 513 2228 ubi
542 2187 686 2229 vero
717 2170 1096 2229 truculentam
1120 2169 1275 2229 illam
1300 2179 1357 2229 et
1379 2173 1649 2249 portione
1678 2188 2008 2232 maxumam
2032 2186 2220 2231 vocem

177 2265 211 2317 3
237 2251 636 2330 ingeneravit?
672 2271 782 2331 qua
812 2253 1125 2313 subtilitate
1162 2255 1362 2331 pinnas
1404 2255 1665 2328 adnevit‚
1699 2255 2111 2333 praelongavit
2135 2274 2217 2334 pe·
2230 2274 2271 2316 a*

239 2339 368 2398 dum
401 2355 588 2411 cruta,
623 2336 906 2415 disposuit
933 2338 1178 2396 ieiunam
1211 2348 1468 2413 caveam,
1500 2339 1579 2397 uti
1611 2336 1825 2412 alvom,
1859 2340 2081 2479 asyam
2112 2358 2216 2399 sau·

238 2421 444 2498 guinis,
479 2429 538 2479 et
564 2421 919 2497 potissimum
950 2420 1176 2480 humani
1211 2422 1360 2480 sitim
1393 2421 1688 2481 accendit!
1720 2421 1901 2481 telum
1975 2440 2077 2483 ero
2104 2440 2214 2502 per·

238 2504 512 2564 fodiendo
541 2505 765 2580 tergori
797 2520 912 2582 quo
958 2505 1264 2581 spiculavit
1301 2505 1564 2582 ingenio,
1603 2513 1779 2582 atque
1820 2515 1884 2564 ut
1923 2508 1983 2565 in
2014 2509 2213 2586 capaci,

239 2605 365 2648 cum
398 2589 556 2646 cerni
587 2604 700 2645 non
731 2590 918 2666 possit
947 2587 1197 2663 exilitas,
1224 2591 1530 2666 reciproca
1564 2589 1872 2665 generavit
1905 2599 2027 2650 arte
2056 2600 2117 2651 ut
2142 2592 2213 2650 fu·

238 2671 448 2732 diendo
490 2672 864 2731 acuminatum
925 2673 1142 2749 pariter
1207 2672 1615 2750 sorbendoque
1677 2671 2002 2732 fistulosum
2046 2674 2269 2735 essetis¹

240 2773 388 2834 quos
418 2755 661 2815 teredini
691 2753 761 2813 ad
790 2754 1136 2834 perforanda
1166 2755 1381 2815 robora
1414 2774 1538 2814 cum
1569 2771 1712 2814 sono
1736 2762 1895 2815 teste
1925 2758 2109 2817 dentis
2131 2759 2210 2819 nd-

181 2851 218 2902 4‘
239 2841 379 2914 fixit,
413 2839 885 2917 potissimumque
910 2857 944 2898 e
967 2839 1125 2915 ligno
1151 2839 1394 2898 cibatum
1426 2838 1592 2898 fecit!
1612 2838 1731 2898 'sed
1761 2841 2079 2917 turrigeros
2106 2842 2206 2902 ele·

191 2976 196 2987 .
240 2923 576 3001 phantorum
622 2924 889 2982 miramur
926 2940 1162 2982 umeros
1201 2932 1610 3002 taurorumque
1660 2923 1814 2982 colla
1866 2932 1929 2983 et
1968 2928 2203 2986 trucisin

242 3007 482 3065 sublime
511 3008 716 3079 iactae,
747 3007 974 3081 tigrium
1002 3008 1256 3083 rapinas,
1287 3007 1517 3066 leonum
1548 3006 1731 3082 iubas,
1761 3025 1890 3067 cum
1920 3026 2200 3070 rerum-n·-
2266 3012 2267 3051 ἓ

242 3096 364 3145 tura
411 3107 685 3166 nusquam
729 3091 911 3165 magis
954 3106 1120 3166 quam
1169 3091 1224 3148 in
1263 3092 1522 3149 minumis
1562 3099 1682 3150 tota
1720 3092 1813 3150 sit.
1883 3078 2250 3174 quapropter»

245 3185 494 3242 quaeso,
541 3189 614 3228 ne
651 3172 947 3248 legentes,
993 3174 1260 3249 quoniam
1293 3192 1368 3232 ex
1399 3173 1486 3232 his
1517 3176 2024 3253 spernunt-multa,
2056 3186 2194 3238 etit-

233 3248 429 3306 ‘relata
471 3251 700 3311 fastidio
741 3255 1037 3330 damnent,
1075 3274 1200 3314 cum
1232 3258 1286 3314 in
1316 3257 1803 3336 contemplatione
1828 3268 2055 3321 naturae
2084 3261 2193 3321 nihil

249 3332 432 3402 possit
464 3333 645 3391 videri
682 3353 1118 3413 supervacuum.
1926 3358 1929 3365 '
