2320 3650
565 99 726 146 NAT.
764 99 946 147 ms‘r.
978 100 1126 146 vm.
1166 96 1405 151 48—-5o.
1447 89 1755 169 (73-276.)
2089 94 2168 155 79

161 255 290 315 dem
323 253 464 314 Asia
502 254 718 313 invenit
749 254 976 313 Attalus
1009 272 1137 326 rex,
1174 254 1323 313 unde
1354 272 1563 322 nomen
1594 256 1881 318 Attalicis,
1933 260 2168 321 colores

161 338 429 399 diversos
469 338 756 415 picturae·
788 339 1050 397 intexere
1098 338 1361 413 Babylon
1412 358 1678 400 maxume
1734 342 2055 402 celebravit
2111 353 2169 404 et

160 439 369 481 nomen
408 423 679 500 inposuit.
746 422 1023 500 plurumis
1070 440 1212 480 vero
1260 422 1408 481 liciis
1456 433 1659 482 texere
1704 442 1852 501 quae
1892 428 2167 503 polymita

162 506 458 584 appellant
488 506 843 566 Alexandria
877 507 1149 580 instituit,
1200 506 1439 570 scutulis
1486 508 1746 567 dividere
1781 508 1982 569 Gallia.
2044 511 2163 571 Me-

116 590 340 649 5tellus
391 590 588 689 Scipio
644 591 975 650 tricliniaria
1018 589 1372 664 Babylonica
1425 592 1755 652 sestertium
1820 596 2165 671 octingentis

160 674 386 732 milibus
430 677 665 733 venisse
710 675 817 733 iam
862 684 996 732 tune
1042 676 1203 751 ponit
1237 676 1292 732 in
1327 672 1563 734 Catonis
1604 676 1967 752 criminibuS,
2015 697 2162 755 quae

154 756 374 818 Neroni
420 759 665 836 principi
720 758 1105 836 quadragiens
1134 760 1409 818 sestertio
1443 778 1628 837 nuper
1660 769 1902 820 stetere.-
1961 762 2249 827 Serv1197

158 841 309 901 Tulli
342 851 710 920 praetextae,
750 842 956 919 quibus
987 844 1210 919 signum
1242 841 1531 903 Fortunae
1563 843 1636 903 ah
1661 861 1733 903 eo
1757 844 1983 904 dicatae
2022 863 2161 904 coo·

162 935 387 1004 pertum
422 935 565 1000 erat,
589 926 872 986 duravere
907 926 977 985 ad
996 926 1190 986 Seiani
1223 928 1458 1004 exitum,
1490 928 1809 1024 mirumque
1836 928 1939 987 fuit
1972 948 2165 1007 neque

87 1030 140 1069 10
159 1010 474 1069 defluxisse
520 1028 619 1069 eas
666 1029 856 1089 neque
895 1011 1254 1070 teredinum
1239 1013 1471 1070 lniurias
1490 993 1764 1072 ‘sensisse
1808 1014 1967 1072 annis
1998 1028 2162 1077 DLX.

157 1093 415 1152 Vidimus
453 1094 560 1153 iam
595 1103 652 1153 et
683 1095 994 1155 viventium
1022 1095 1247 1154 vellera
1278 1113 1551 1174 purpura,
1586 1113 1794 1172 coccO,
1829 1096 2162 1173 conchylio,

157 1178 665 1256 sesquipedalibus
703 1179 865 1239 libris
888 1179 1123 1254 infecta,
1148 1178 1308 1238 velut
1337 1181 1423 1237 sic
1455 1180 1616 1240 nasci
1642 1190 1893 1258 cogente
1918 1180 2159 1241 luxuria.

222 1337 225 1340 Ι
286 1262 453 1341 (75.)
501 1261 564 1320 In
595 1265 720 1340 ipsa
756 1281 865 1322 ove
893 1264 1031 1321 satis
1055 1264 1467 1340 generositatis
1493 1264 1813 1323 ostenditur
1845 1265 2131 1325 brevitate
2147 1275 2250 1329 198

159 1364 407 1421 crurum,
442 1348 656 1406 ventris
686 1348 917 1406 vestitu.
972 1346 1187 1423 ‚quibus
1223 1346 1404 1405 nudus
1443 1356 1603 1406 esset
1646 1349 1845 1427 apicas
1876 1349 2164 1409 vocabant

88 1444 136 1483 15
160 1430 633 1508 damnabantque.
702 1431 907 1506 Syriae
951 1430 1235 1490 cubitales
1285 1432 1474 1489 ovium
1521 1432 1771 1506 caudae,
1816 1431 2159 1510 plurumum·

158 1533 272 1593 que
319 1516 374 1573 in
405 1532 473 1573 ea
523 1524 686 1592 parte
736 1515 925 1576 lanici.
1003 1511 1259 1574 Castrari
1303 1532 1485 1592 agnos
1538 1516 1645 1576 nisi
1680 1517 2163 1594 quinquemestris

156 1608 579 1676 praematurum
611 1600 1001 1660 existumatur.

286 1682 385 1741 49.
433 1681 585 1741 Est
569 1701 624 1741 m
654 1681 954 1781 Hispania,
986 1683 1090 1743 sed
1122 1700 1386 1743 maxume
1423 1681 1689 1781 Corsica,
1725 1700 1836 1743 non
1868 1695 2128 1744 maxume
2146 1694 2247 1749 199

74 1816 85 1822 ,
156 1764 418 1825 absimile
462 1768 686 1865 pecori·
716 1786 900 1845 genus
935 1785 1288 1827 musmonum
1327 1768 1563 1847 caprino
1603 1768 1743 1828 villo
1778 1786 1946 1847 quam
1978 1786 2157 1868 peco-

18 1844 135 1908 “2ο
155 1851 236 1909 ris
268 1851 475 1919 velleri
515 1853 789 1929 propiuS,
835 1869 1074 1930 quorum
1120 1871 1152 1911 e
1194 1870 1416 1943 genere
1451 1862 1510 1913 et
1551 1853 1755 1913 ovibus
1787 1862 1953 1912 natos
1982 1856 2190 1932 prisci

153 1933 404 1998 Umbros
435 1945 731 1995 vocarunt.
799 1935 1242 1995 infirmissimum
1268 1937 1488 2015 pecori
1534 1947 1739 2015 caput,
1789 1937 2162 2015 quamobrem

155 2037 423 2082 aversum
475 2038 505 2078 a
553 2020 678 2084 sole
722 2022 884 2098 pasci
927 2020 1268 2097 cogendum.
1337 2040 1506 2098 quam
1568 2022 1904 2081 stultissima
1950 2023 2158 2082 anima—

152 2103 289 2170 lium
344 2103 554 2162 lanata.
622 2123 734 2181 qua
783 2105 1023 2163 timuere
1065 2105 1325 2181 ingredi,
1369 2124 1540 2164 unum
1586 2123 1764 2165 cornu
1810 2114 2155 2182 raptum-se-

158 2196 423 2265 quontur.
484 2188 596 2247 vita
628 2188 975 2264 ,longissima
1021 2192 1147 2249 anni
1183 2203 1264 2263 x,
1311 2189 1365 2247 in
1397 2189 1706 2267 Aethiopia
1750 2202 1905 2248 XIII.
1967 2191 2159 2267 capris

80 2284 133 2322 25
158 2271 363 2330 eodem
398 2272 534 2330 loco
568 2286 663 2347 XI,
700 2274 756 2330 in
786 2271 1014 2350 reliquo
1049 2272 1194 2331 orbe
1240 2271 1558 2350 plurumum
1597 2274 1809 2331 octoni.
1855 2279 2157 2350 utrumque

151 2373 337 2431 genus
369 2357 514 2415 intra
546 2366 806 2434 quartum
842 2357 1052 2418 coitum
1084 2356 1353 2434 inpletur.

282 2440 380 2499 50.
418 2440 582 2519 (76.)
631 2438 857 2518 Caprae
889 2440 1113 2517 pariunt
1152 2449 1210 2498 et
1240 2449 1575 2516 quaternoS,
1622 2440 1729 2501 sed
1760 2457 1895 2500 raro
1929 2440 2246 2503 admo-200

150 2523 299 2584 dum.
361 2524 551 2583 ferunt
580 2526 831 2603 quinque
876 2524 1188 2599 mensibus,
1232 2532 1288 2582 ut
1324 2541 1487 2583 oves.
1556 2525 1715 2601 capri
1764 2524 2156 2603 pinguitudine

149 2607 540 2668 sterilescunt.
577 2619 706 2670 ante
739 2610 938 2667 trimos
969 2610 1150 2667 minus
1195 2607 1409 2666 utiliter
1437 2617 1719 2685 generant
1751 2618 1807 2666 et
1830 2609 1885 2665 in
1920 2619 2158 2667 senecta

82 2707 130 2748 30
150 2691 299 2751 ultra
331 2693 785 2771 quadriennium.
846 2692 1125 2770 incipiunt
1165 2700 1431 2769 septumo
1477 2710 1677 2751 mense
1710 2691 1895 2751 adhuc
1939 2692 2155 2750 lacten

149 2785 263 2835 tes,
324 2777 577 2837 mutilum
619 2779 697 2839 ἰιι
719 2785 965 2854 utroque
1011 2795 1153 2835 sexu
1189 2776 1400 2835 utilius.
1473 2777 1688 2855 primus
1728 2778 1784 2834 in
1815 2776 1907 2834 die
1972 2776 2157 2834 coitus

149 2877 265 2918 non
300 2860 502 2939 inplet,
539 2879 791 2939 sequens
826 2860 1126 2920 efficacior
1170 2878 1238 2918 ac
1274 2860 1499 2939 deinde.
1548 2861 1877 2938 concipiunt
1906 2856 2156 2922 Novem-

148 2943 238 3002 bri
271 2962 469 3004 mense
496 2955 552 3005 ut
575 2945 778 3017 Martio
797 2945 1022 3023 pariant
1042 2944 1510 3021 turgescentibus
1532 2944 1820 3022 virgultiS,
1849 2941 2156 3020 aliquando

147 3028 484 3105 anniculae,
518 3048 753 3108 semper
787 3029 1011 3104 bimae,
1060 3029 1114 3086 in
1157 3030 1381 3088 trimatu
1414 3027 1660 3087 inutsseS.
1737 3027 1961 3106 pariunt
1996 3036 2155 3085 octo-

78 3124 127 3164 35
148 3112 236 3170 nis
269 3114 449 3172 annis,
509 3113 743 3173 abortus
777 3114 981 3191 frigori
1019 3110 1325 3173 obnoxius,
1389 3110 1607 3172 Oculos
1640 3110 1914 3172 subfusos
1950 3127 2124 3187 capra
2139 3122 2240 3174 201

147 3197 300 3255 iunci
336 3207 549 3274 puncto
595 3200 870 3275 sanguine
905 3206 1207 3271 exonerat,
1248 3214 1428 3275 caper
1458 3196 1602 3255 rubi.
1671 3194 1987 3256 sollertiam
2034 3196 2156 3254 eius

147 3280 409 3339 animalis
445 3279 727 3341 Mutianus
759 3283 938 3341 visam
966 3281 1075 3339 sihi
1100 3280 1352 3359 prodidit
1384 3280 1440 3338 in
1470 3290 1644 3359 ponte
1669 3280 1991 3358 praetenui,
2020 3277 2154 3338 dua-

88 3443 96 3459 ·
146 3363 256 3424 bus
296 3363 483 3424 obviis
528 3383 560 3423 e
605 3365 837 3426 diverso
884 3383 1011 3426 cum
1051 3367 1455 3426 circumactum
1496 3366 1792 3441 angustiae
1839 3381 1953 3423 non
1982 3380 2155 3441 cape-
