2320 3650
127 65 243 126 104
850 71 909 120 c,
952 73 1143 120 PLlNI
1180 71 1482 120 securim

123 231 253 291 mali
278 233 542 290 occasus.
570 245 717 307 quae
743 224 1014 287 accidere
1037 226 1197 287 nullo
1220 226 1394 286 modo
1421 236 1683 305 possent,
1710 227 1821 286 nisi
1845 229 1903 287 in
1930 238 2138 289 centro

124 315 231 375 sita
263 322 440 374 esset.

37 408 142 464 ,177
264 399 362 458 70.
403 393 568 475 (70.)
614 395 761 455 Tres
793 404 980 455 autem
1022 394 1227 453 circuli
1271 411 1446 471 supra
1495 394 1665 454 dictis
1697 398 1864 456 zonis
1915 396 2139 474 inplexi

125 480 564 560 inaequalitates
593 488 914 556 temporum
944 478 1283 554 distingunt
1336 476 1657 537 solstitialis
1688 498 1721 539 a
1753 490 1927 558 parte
1964 481 2138 557 signi-

123 566 234 625 feri
286 563 685 624 excelsissima
733 561 903 622 nobis
950 561 1020 621 ad
1062 560 1576 638 septentrionalem
1626 563 1860 639 plagam
1904 581 2185 638 versus‚s

125 658 438 726 contraque
473 646 546 706 ad
577 647 747 706 alium
769 645 963 724 polum
979 638 1287 720 brumalis,
1325 645 1460 704 item
1491 646 1685 705 medio
1710 647 1934 706 ambitu
1967 648 2138 725 signi-

124 732 233 792 feri
263 731 421 792 orbis
456 730 734 789 incedens
769 728 2115 825 aequinoctialis..

248 816 414 894 (71.)
459 813 833 891 Reliquorum
883 830 1030 890 quae
1079 812 1348 870 miramur
1390 828 1563 871 causa
1609 813 1666 871 in
1708 814 1897 890 ipsius
1945 822 2140 873 terrae

125 900 304 976 figura
345 907 455 970 est,
490 915 659 976 quam
693 895 874 972 globo
907 895 1149 955 similem
1181 904 1389 953 etcum
1421 912 1492 954 ea
1524 912 1706 972 aquas
1735 897 1949 956 iisdem
1976 896 2140 956 intel·

123 984 335 1059 legitur
365 980 734 1057 argumentis.
793 980 891 1039 Sic
924 980 1072 1038 enim
1103 979 1163 1036 fit
1200 978 1334 1037 baut
1380 977 1555 1037 dubie
1598 989 1659 1038 ut
1688 979 1863 1038 nobis
1899 989 2209 1058 septen-10

125 1065 385 1125 trionalis
415 1065 626 1142 plagae
663 1063 855 1122 sidera
889 1080 1191 1140 numquam
1224 1061 1512 1136 occidant,
1549 1072 1751 1122 contra
1776 1063 2144 1124 meridianae

125 1167 427 1226 numquam
458 1149 746 1221 oriantur,
794 1163 1108 1223 rursusque
1137 1146 1286 1203 haec
1323 1144 1438 1203 illis
1458 1162 1583 1203 non
1619 1156 1935 1206 cernantur
1973 1148 2145 1207 attol-

43 1242 145 1296 178
165 1233 322 1292 lente
357 1250 422 1291 se
455 1239 652 1290 contra
682 1230 908 1289 medios
929 1232 1089 1288 visus
1114 1238 1395 1287 terrarum
1420 1228 1623 1310 globo.
1681 1231 2146 1308 Septentriones

125 1333 238 1375 non
270 1316 452 1375 cernit
486 1313 879 1389 Trogodytice
917 1322 975 1372 et
1013 1312 1255 1372 confinis
1292 1303 1634 1389 AegyptuS,
1682 1331 1798 1373 nec
1849 1332 2145 1392 canopum

125 1399 286 1462 Italia
318 1408 376 1459 et
408 1417 577 1478 quem
607 1406 818 1457 vocant
847 1396 1166 1456 Berenices
1195 1396 1446 1470 crinem,
1481 1397 1616 1455 item
1650 1414 1823 1474 quem
1857 1398 1970 1457 sub
2008 1398 2144 1464 divo
2167 1415 2211 1456 ιε

126 1493 366 1562 augusto
402 1482 888 1562 cognominavere
922 1478 1193 1540 Caesaris
1228 1478 1493 1554 thronon,
1526 1480 1768 1556 insignis
1801 1480 1883 1539 ibi
1911 1481 2141 1541 stellas.

126 1570 389 1648 adeoque
421 1566 725 1627 manifesto
756 1564 1076 1663 adsurgens
1110 1564 1397 1639 fastigium
1430 1572 1729 1638 curvatur,
1777 1573 1841 1623 ut
1873 1581 2143 1643 canopus

127 1663 382 1731 quartam
405 1652 531 1711 fere
557 1658 777 1728 partem
803 1649 949 1724 signi
972 1649 1136 1706 unius
1162 1664 1335 1724 supra
1359 1656 1571 1706 terram
1597 1649 1858 1707 eminere
1880 1648 2144 1708 Alexan-

125 1736 284 1796 driae
321 1733 665 1794 intuentibus
706 1733 1000 1806 videatur,
1045 1731 1252 1790 eadem
1281 1748 1313 1789 a
1346 1728 1554 1790 Rhodo
1597 1739 1814 1790 terram
1859 1733 2142 1809 quodam-

125 1819 296 1879 modo
342 1820 523 1896 ipsam
571 1818 889 1893 stringere,
939 1816 994 1874 in
1026 1814 1208 1874 Ponto
1256 1814 1483 1874 omnino
1527 1833 1643 1875 non
1689 1824 2083 1891 cernatur,·u
2047 1815 2207 1875 ubioeo

125 1920 386 1962 maxume
419 1900 675 1960 sublimis
707 1901 1043 1977 septentrio.
1094 1899 1245 1961 idem
1276 1916 1306 1956 a
1344 1897 1552 1957 Rhodo
1588 1898 1993 1975 absconditur,
2027 1917 2143 1959 ma-

125 1988 334 2063 gisque
366 1984 779 2058 Alexandriae,
813 1983 868 2041 in
901 1982 1115 2041 Arabia
1149 1981 1450 2041 novembri
1484 2000 1685 2041 mense
1722 1984 1909 2060 prima
1941 1984 2145 2061 vigilia
2167 2018 2191 2029 ο

130 2069 391 2128 occultus
423 2067 673 2127 secunda
712 2085 776 2125 se
810 2066 1079 2141 ostendit,
1113 2066 1171 2123 in
1204 2064 1408 2124 Meroe
1441 2065 1691 2125 solstitio
1723 2068 1971 2144 vesperi
2005 2085 2145 2146 pau·

128 2152 309 2230 lisper
344 2152 585 2230 adparet
612 2151 929 2229 paucisque
960 2158 1090 2217 ante
1125 2157 1387 2208 exortum
1419 2150 1630 2208 arcturi
1676 2150 1890 2209 diebus
1921 2152 2148 2228 pariter

43 2244 149 2301 179
173 2254 298 2295 cum
332 2236 424 2298 die
459 2236 729 2295 cernitur.
783 2233 1181 2310 Navigautium
1213 2231 1363 2292 haec
1390 2249 1655 2292 maxume
1690 2251 1900 2293 cursus
1927 2236 2144 2312 depre·
2164 2252 2211 2291 25

127 2320 409 2396 hendunt,
458 2320 514 2378 in
545 2320 655 2379 alia
691 2319 988 2378 adverso
972 2337 1027 2376 in
1057 2316 1169 2376 alia
1201 2331 1387 2394 prono
1421 2318 1596 2392 mari,
1640 2317 1957 2395 subitoque
2005 2336 2145 2378 con-

129 2404 345 2485 spicuis
377 2412 549 2481 atque
580 2412 638 2461 ut
673 2421 706 2462 e
742 2403 893 2461 freto
928 2399 1362 2475 emergentibus
1394 2418 1543 2477 quae
1575 2402 1632 2459 in
1666 2401 1954 2461 amfractu
1987 2402 2147 2480 pilae

130 2487 350 2546 latuere
385 2486 689 2545 sideribus·
742 2485 949 2562 Neque
981 2484 1150 2558 enim,
1188 2492 1248 2541 ut
1278 2483 1484 2543 dixere
1516 2484 1714 2563 aliqui,
1749 2486 2001 2545 mundus
2032 2486 2151 2545 hoc

129 2570 269 2649 polo
289 2570 618 2630 excelsiore
639 2589 703 2629 se
725 2569 950 2643 attollit,
972 2577 1064 2627 aut
1083 2566 1331 2644 undique
1358 2577 1736 2627 cernerentur
1751 2567 1906 2628 haec
1922 2570 2147 2629 sidera.

127 2672 327 2714 verum
360 2654 509 2715 haec
534 2655 738 2714 eadem
763 2652 1085 2731 quibusque
1119 2652 1414 2730 proxumis
1443 2650 1777 2711 sublimiora
1804 2653 2220 2727 creduntur,so

131 2738 448 2816 cademque
476 2739 739 2798 demersa
773 2736 1123 2814 longinquis,
1159 2743 1335 2811 utque
1360 2752 1511 2793 nunc
1536 2734 1796 2794 sublimis
1824 2738 1881 2794 in
1909 2737 2152 2796 deiectu

128 2822 334 2899 positis
352 2822 579 2881 videtur
596 2822 689 2881 hic
711 2829 937 2894 vertex,
964 2820 1048 2877 sic
1070 2817 1296 2876 inillam
1320 2828 1512 2878 terrae
1538 2819 1938 2891 devexitatem
1958 2829 2153 2880 trans*-

130 2906 353 2981 gressis
382 2905 482 2965 illa
519 2924 584 2965 se
616 2904 878 2964 attollunt
909 2900 1298 2962 residentibus
1322 2918 1469 2978 quae
1493 2901 1589 2961 hic
1615 2903 1860 2963 excelsa
1888 2903 2152 2979 fuerant,

133 2987 285 3063 quod
317 2990 423 3048 nisi
452 2991 508 3047 in
550 2990 731 3065 figura
770 2986 922 3066 pilae
959 2984 1232 3046 accidere
1266 3002 1381 3044 non
1416 2995 1639 3063 posset.

47 3078 152 3132 180
273 3071 437 3150 (72.)
482 3072 622 3132 Ideo
655 3072 921 3132 defectus
966 3069 1109 3128 solis
1149 3086 1220 3128 ac
1268 3068 1437 3128 lunae
1477 3070 1853 3147 vespertinos
1898 3070 2223 3136 orientis&

134 3153 360 3213 incolae
392 3171 506 3213 non
536 3156 817 3229 sentiunt,
873 3171 985 3213 nec
1027 3153 1333 3211 matutinos
1378 3152 1450 3212 ad
1482 3170 1753 3212 occasum
1785 3152 2149 3230 habitantes,
2228 3166 2235 3173 ‘

133 3236 480 3296 meridianos
509 3255 653 3297 vero
685 3238 937 3315 saepius.
983 3235 1179 3295 Nobili
1204 3236 1355 3313 apud
1380 3235 1639 3296 Arbilam
1661 3237 1858 3314 magni
1880 3236 2154 3299 Alexan-

136 3317 221 3377 dri
250 3320 491 3382 victoria
539 3321 669 3381 luna
704 3321 1000 3380 defecisse
1044 3319 1234 3379 noctis
1277 3320 1533 3380 secunda
1571 3321 1716 3382 hora
1762 3330 1855 3381 est
1887 3323 2154 3402 prodita,
