2320 3650
644 94 804 140 NAT.
837 93 1018 140 ms'r.
1051 95 1119 140 x.
1153 91 1392 144 55—-60.
1426 83 1726 162 (ui—⁷80.)
2063 85 2179 145 149

383 132 417 162 Χ

181 248 417 324 gallinis
452 246 803 306 subiciantur
834 246 1170 307 incubanda.
1238 265 1428 307 mares
1472 264 1540 307 ea
1589 250 1856 325 frangunt
1886 250 2179 310 desiderio

181 331 584 390 incubantium.
649 340 1004 409 quapropter
1045 341 1220 390 noctu
1264 341 1321 390 et
1362 333 1418 389 in
1463 330 1702 391 latebris
1748 335 1974 409 pariunt
2005 336 2181 393 autin

184 415 427 474 excelso
470 414 777 489 cubantes,
841 423 900 473 et
942 415 1051 473 nisi
1104 416 1266 474 molli
1310 424 1488 475 strato
1537 414 1787 493 excepta
1823 416 2177 494 franguntur.

180 517 372 558 mares
403 498 613 574 singuli
644 498 830 575 quinis
880 498 1169 557 sufficiunt
1215 498 1574 575 coniugibus.
1633 516 1761 558 cum
1793 502 2054 576 singulae
2086 511 2182 561 aut

119 603 153 641 5
182 583 352 642 binae
375 583 564 657 fuere,
603 583 986 660 corrumpitur
1010 583 1306 647 salacitate
1340 582 1683 641 fecunditas.
1756 593 1953 659 partus
1983 587 2180 645 exclu-

178 667 333 726 ditur
362 666 565 725 diebus
597 674 687 724 ter
715 667 989 741 noveniS,
1024 676 1120 725 aut
1160 667 1376 726 tardius
1410 666 1723 725 tricesimo.
1785 666 2043 727 Anseres
2082 672 2140 729 in
2165 680 2263 733 162

177 768 332 828 aqua
362 759 605 823 coeunt,
646 750 872 826 pariunt
903 767 1044 808 vere
1069 759 1206 824 aut,
1239 751 1287 808 si
1322 750 1517 809 bruma
1551 751 1750 808 coiere
1773 795 1790 822 ,
1824 760 1960 828 post
1990 753 2181 811 solsti-

176 835 340 908 tium,
388 833 762 911 quadraginta
793 850 1003 912 prope,
1037 833 1127 891 bis
1159 851 1327 907 anno,
1356 834 1402 892 si
1432 835 1685 911 priorem
1719 832 1897 893 fetum
1928 835 2193 911 gallinae,

177 916 512 990 excludant,
544 917 689 976 alias
721 915 979 994 pluruma
1011 935 1120 976 ova
1147 918 1424 991 sedecim,
1458 919 1803 994 paucissima
1834 926 2077 996 septem.
2132 921 2182 977 si

83 1016 152 1057 1o
181 1001 310 1079 quis
350 1000 650 1077 subripiat,
692 1001 926 1079 pariunt
956 1002 1147 1060 donec
1186 1004 1536 1078 rumpantur.
1584 1001 1783 1060 ‘aliena
1833 1018 1948 1060 non
1982 1003 2180 1061 exclu·
2219 1044 2226 1049 -

179 1086 337 1144 dunt.
399 1083 716 1144 incubanda
746 1084 931 1143 subici
961 1085 1320 1144 utilissimum
1361 1101 1570 1143 novem
1602 1093 1695 1143 aut
1726 1086 2006 1145 undecim.
2066 1088 2145 1144 in·
2164 1096 2266 1150 163

182 1168 392 1228 cubant
421 1168 667 1243 feminae
697 1177 907 1228 tantum
942 1170 1178 1227 tricenis
1202 1168 1426 1242 diebuS,
1459 1169 1507 1226 si
1531 1170 1676 1226 vero
1706 1170 2026 1246 tepidiores
2049 1172 2179 1245 sint,

178 1253 381 1328 viginti
412 1253 682 1329 quinque.
746 1252 918 1330 pullis
950 1270 1149 1311 eorum
1182 1244 1675 1311 urtica‘contactu
1705 1254 2035 1329 mortifera,
2070 1270 2182 1313 nec

177 1339 361 1410 minus
393 1336 656 1411 aviditaS,
689 1355 838 1395 nunc
868 1338 1133 1396 satietate
1165 1337 1353 1410 nimia,
1396 1350 1546 1393 nunc
1576 1346 1797 1395 suamet
1829 1339 1905 1409 vi,
1954 1338 2180 1414 quando

94 1442 154 1481 15
178 1419 544 1497 adprehensa
577 1421 773 1479 radice
799 1437 993 1479 morsu
1025 1438 1207 1498 saepe
1239 1429 1515 1478 conantes
1552 1419 1833 1494 avellere,
1866 1428 1997 1478 ante
2029 1420 2181 1480 colla

178 1522 284 1563 sua
313 1504 672 1581 abrumpunt.
717 1513 930 1571 ,contra
974 1506 1210 1563 urticam
1260 1503 1578 1562 remedium
1619 1512 1710 1561 est
1749 1512 2059 1562 stramento
2108 1503 2179 1562 ab

179 1587 433 1646 incubitu
466 1586 692 1646 subdita
723 1587 886 1646 radix
923 1606 1152 1647 earum..

307 1672 405 1731 60.
453 1670 817 1731 Ardiolarum
851 1672 957 1731 tria
986 1689 1237 1748 genera:
1272 1674 1503 1746 leucon,
1537 1672 1800 1744 aster-ias,
1830 1670 2043 1748 pelloS.
2096 1672 2152 1729 hi
2165 1681 2267 1735 164

178 1756 236 1813 in
280 1757 433 1813 coitu
476 1764 773 1834 anguntur.
838 1773 1028 1814 mares
1074 1757 1303 1835 quidem
1336 1771 1461 1815 cum
1492 1756 1814 1816 vociferatu
1847 1756 2182 1833 sanguinem

95 1858 155 1897 20
181 1841 353 1899 etiam
389 1858 462 1899 ex
497 1840 683 1899 oculis
715 1840 1078 1918 profundunt.
1151 1860 1261 1900 nec
1304 1844 1485 1900 minus
1515 1858 1695 1917 aegre
1736 1841 1964 1916 pariunt
1993 1842 2179 1916 gravi-

178 1924 309 1983 dae.
350 1923 560 2001 Aquila
600 1925 836 1984 tricenis
872 1922 1073 1984 diebus
1111 1926 1362 1998 incubat,
1398 1933 1455 1984 et
1489 1925 1616 1984 fere
1655 1925 1907 1998 maiores
1953 1925 2141 1997 aliteS,
2165 1934 2263 1986 165

176 2011 430 2069 minores
462 2009 718 2082 vicenis,
754 2018 812 2066 ut
841 2009 1048 2067 milvos
1080 2018 1138 2067 et
1170 2011 1468 2086 accipiter.
1512 2008 1797 2084 ‚singulos
1845 2008 2176 2085 fereparit,

178 2108 480 2169 numquam
512 2092 643 2169 plus
671 2101 892 2150 ternos.
931 2094 979 2150 is
1023 2095 1118 2169 qui
1154 2092 1422 2168 aegolios
1455 2101 1701 2150 vocatur
1742 2100 1799 2148 et
1847 2100 2180 2167 quaternOS,

181 2192 396 2234 corvos
428 2175 730 2253 aliquando
764 2183 821 2233 et
852 2177 1077 2252 quinos.
1140 2175 1411 2234 incubant
1454 2176 1691 2233 totidem
1735 2174 1963 2232 diebus?
2037 2172 2178 2231 Gor*

101 2278 156 2316 25
177 2262 366 2318 nicem
398 2259 762 2317 incubantem
793 2276 914 2316 mas
949 2260 1152 2335 pascit.
1215 2258 1349 2317 Pica
1380 2273 1661 2332 novenoS,
1697 2257 2180 2333 melancoryphus

177 2360 351 2420 supra
382 2342 622 2401 vicenos
664 2344 846 2420 parit,
882 2358 1115 2418 semper
1165 2343 1398 2400 numero
1431 2342 1651 2419 inpari,
1688 2357 1799 2398 nec
1829 2340 1940 2398 alia
1981 2341 2180 2418 pluris,

178 2436 336 2486 tanto
370 2426 694 2485 fecunditas
727 2427 909 2485 maior
936 2425 1173 2503 parviS.'
1208 2425 1503 2484 Hirundini
1537 2425 1699 2483 caeci
1726 2425 1910 2501 primo
1948 2425 2090 2501 pulli
2118 2433 2185 2481 et

177 2511 303 2569 fere
336 2510 598 2569 omnibus
630 2508 836 2588 quibus
867 2511 1228 2568 numerosior
1257 2509 1427 2567 fetus·

308 2592 473 2673 (80.)
522 2593 696 2653 inrita
728 2609 873 2667 ova,
923 2611 1072 2670 quae
1106 2592 1449 2671 hypenemia
1498 2591 1774 2664 diximus,
1822 2600 1918 2649 aut
1958 2598 2147 2649 mutua
2167 2599 2267 2652 166

105 2677 427 2737 sofeminae
467 2679 614 2736 inter
671 2695 737 2736 se
788 2676 1035 2735 libidinis
1084 2678 1491 2752 imaginatione
1545 2674 1873 2752 concipiunt
1912 2681 2009 2731 aut
2038 2672 2246 2751 pul-¹⁶⁰

177 2778 341 2836 vere,
374 2779 487 2821 nec
520 2760 825 2821 columbae
855 2769 1087 2836 tantum,
1122 2761 1229 2819 sed
1261 2771 1318 2820 et
1350 2760 1624 2837 gallinae,
1668 2756 1974 2835 perdices,
2008 2771 2183 2833 pavo·

177 2862 305 2918 nes,
340 2862 616 2920 ansereS,
662 2844 1110 2922 chenalopeces.
1195 2854 1324 2903 sunt
1359 2853 1553 2904 autem
1606 2841 1824 2901 sterilia
1873 2848 1932 2898 et
1963 2840 2184 2898 minora

179 2947 248 2988 ac
281 2929 464 2988 minus
512 2928 740 2989 incundi
783 2930 1011 3006 saporis
1058 2938 1115 2987 et
1143 2928 1328 3005 magis
1361 2927 1565 2986 umida.
1633 2926 1858 3004 quidam
1904 2932 1963 2982 et
2009 2931 2183 2981 vento

182 3021 381 3091 putant
412 3030 484 3074 ea
512 3011 806 3089 generari,
839 3029 948 3090 qua
982 3013 1054 3072 de
1089 3028 1260 3071 causa
1288 3013 1456 3071 etiam
1482 3009 1758 3087 zephyria
1795 3005 2180 3085 appellantur.

110 3114 159 3155 35
179 3097 337 3155 urina
370 3106 560 3157 autem
591 3111 735 3155 vere
761 3101 972 3156 tantum
1005 3097 1143 3155 liunt
1166 3094 1528 3154 incubatione
1567 3092 1870 3166 derelicta,
1908 3107 2056 3169 quae
2078 3090 2183 3149 ‘alil

180 3197 466 3254 cynosura
488 3181 708 3240 dixere.
745 3179 864 3239 Ova
892 3189 1061 3240 aceto
1085 3177 1374 3239 macerata
1400 3180 1453 3236 in
1478 3186 1691 3236 tantum
1712 3174 2076 3235 emolliuntur
2090 3182 2150 3233 ut
2169 3181 2266 3235 167

177 3282 285 3342 per
319 3264 524 3324 anulos
553 3261 864 3324 transeant.
919 3266 1140 3323 servari
1186 3281 1255 3322 ea
1289 3264 1343 3320 in
1372 3261 1626 3321 lomento
1658 3269 1754 3320 aut
1784 3259 1972 3319 hieme
1996 3259 2051 3316 in
2081 3272 2180 3335 pa-

178 3346 308 3423 leis,
329 3356 553 3407 aestate
574 3349 628 3404 in
658 3348 971 3407 furfuribus
986 3347 1362 3407 utilissimum.
1404 3346 1529 3405 sale
1553 3343 1829 3404 exinaniri
1853 3342 2179 3416 creduntur.
