2320 3650
10 121 13 130 .
89 72 172 134 60
785 81 842 129 c.
880 81 1073 128 PLINI
1105 80 1404 128 suenum

84 257 254 297 unum
290 238 552 314 quamdiu
585 237 741 294 vivat
770 253 1043 295 crescere
1096 236 1460 295 arbitrantur.
1524 236 1665 294 vivit
1692 246 1880 295 autem
1913 236 2100 313 longo

84 333 199 382 tem
246 338 371 380 ore.

7 418 66 470 95
204 341 371 482 ῐἒ39.
352 407 383 484 )
429 404 613 464 Μ3ἰοι·
643 405 980 464 altitudine
965 422 1017 461 m
1044 404 1252 463 eodem
1281 403 1414 463 Nilo
1440 403 1610 465 belua
1639 404 2099 483 hippopotamus

87 491 296 564 editur,
330 490 556 566 ungulis
591 489 738 547 binis
771 489 974 567 quales
1003 487 1212 563 bubuS,
1246 489 1421 548 dorso
1455 490 1589 569 equi
1622 498 1681 548 et
1716 488 1844 548 iuba
1882 499 1941 547 et
1971 490 2098 548 hin·

83 577 222 649 nitu,
259 584 450 633 rostro
488 576 726 648 resitue,
761 573 942 632 cauda
973 582 1033 631 et
1080 572 1347 632 dentibus
1394 590 1662 651 aprorum
1702 574 1943 633 aduncis
1990 574 2138 633 seds

84 661 263 718 miuus
296 661 507 732 noxiiS,
529 660 784 735 tergoris
804 658 875 716 ad
900 667 1062 716 scuta
1085 658 1408 736 galeasque
1435 658 1893 736 inpenetrabiliS,
1923 676 2097 735 prae-

83 754 342 821 terquam
389 746 436 802 si
471 760 672 802 umore
722 742 1006 801 madeant.
1068 742 1399 820 depascitur
1434 751 1673 818 segetes
1705 742 2097 802 destinatione

85 837 237 902 aute,
274 837 335 887 ut
377 829 597 901 ferunt,
645 827 1050 885 determinatas
1082 828 1137 884 in
1186 827 1334 886 diem
1384 834 1443 885 et
1491 845 1565 886 ex
1594 844 1737 903 agro
1770 826 2097 886 ferentibus

80 914 366 988 vestigiiS,
401 930 472 970 ne
505 929 654 988 quae
690 913 1006 969 revertenti
1033 911 1276 988 insidiae
1314 920 1721 989 conparentur.
1755 969 1762 974 .

7 1008 64 1060 96
209 997 307 1058 26.
345 996 512 1074 (40.)
549 995 768 1053 Primus
801 1013 931 1053 eum*
953 1004 1009 1053 et
1038 997 1288 1073 quinque
1322 996 1656 1054 crocodilos
1679 992 1901 1054 Romae
1932 996 2164 1056 aedi-10

82 1082 257 1140 litatis
289 1097 428 1137 suae
462 1079 609 1138 ludis
639 1078 715 1137 M.
742 1080 995 1138 Scaurus
1025 1077 1377 1157 temporario
1412 1081 1614 1157 euripo
1649 1079 1919 1138 ostendit.
1954 1078 2096 1158 Hip-

83 1173 427 1242 popotamus
457 1166 514 1221 in
547 1163 788 1241 quadam
818 1164 1083 1223 medendi
1116 1173 1283 1243 parte
1326 1165 1502 1222 etiam
1540 1165 1816 1240 magister
1849 1165 2094 1224 exstitit.

83 1249 318 1307 adsidua
348 1265 594 1325 namque
630 1249 898 1307 satietate
922 1248 1137 1307 obesus
1186 1249 1304 1306 exit
1338 1250 1394 1306 in
1429 1248 1562 1313 litus
1597 1248 1851 1306 recentis
1882 1247 2096 1307 harun-

82 1332 269 1391 dinum
305 1349 576 1391 caesuras
609 1334 967 1410 speculatum
997 1343 1171 1409 atque
1215 1332 1313 1390 ubi
1349 1333 1737 1391 acutissimum
1769 1331 1930 1391 videt
1961 1335 2096 1391 stir-

81 1435 211 1495 pem
244 1418 555 1494 inprimens
596 1435 810 1495 corpus
844 1413 1050 1476 venam
1094 1416 1375 1495 quandam
1406 1419 1463 1476 in
1496 1434 1662 1475 crure
1705 1416 1974 1475 voluerat
2010 1426 2166 1475 ant-1⁵

82 1519 195 1578 que
226 1502 301 1559 ita
347 1501 634 1578 profluvio
671 1503 961 1578 sanguinis
1000 1501 1319 1560 morbidum
1367 1500 1507 1559 alias
1541 1518 1755 1578 corpus
1809 1510 2101 1561 exonerat

82 1594 139 1643 et
167 1585 397 1663 plagam
436 1586 571 1644 limo
603 1604 801 1644 rursus
834 1586 1086 1646 obducit.

7 1680 63 1733 97
208 1669 306 1729 27.
344 1670 511 1747 (41.)
561 1670 757 1728 Simile
802 1670 1067 1747 quiddam
1110 1678 1168 1727 et
1196 1670 1501 1729 volucris
1484 1688 1540 1727 m
1577 1670 1779 1728 eadem
1812 1628 2109 1747 Aegypto

80 1756 437 1828 monstravit,
475 1771 625 1831 quae
655 1762 898 1811 vocatur
926 1754 1057 1828 ibis
1091 1755 1265 1811 rostri
1297 1754 1622 1812 aduncitate
1661 1772 1768 1832 per
1798 1771 1922 1812 eam
1961 1771 2097 1831 par-

79 1847 195 1896 tem
227 1855 292 1895 se
328 1839 602 1914 perluens
644 1856 754 1915 qua
801 1839 964 1897 reddi
1021 1838 1280 1897 ciborum
1329 1856 1507 1898 onera
1552 1857 1813 1897 maxume
1858 1838 2099 1897 salubre
2116 1860 2166 1899 20

82 1930 188 1981 est.
252 1920 378 1979 Nec
404 1920 551 1980 haec
584 1921 708 1980 sola
739 1924 905 1980 mutis
941 1923 1276 1981 animalibus
1308 1931 1543 1999 reperta
1576 1931 1704 1980 sunt
1737 1924 1863 1981 usui
1899 1924 2098 1983 futura

83 2014 142 2064 et
159 2005 392 2062 homini.
429 2005 769 2065 dictamnum
801 2005 1038 2066 herbam
1075 2007 1447 2077 extrahendis
1479 2009 1704 2084 sagittis
1744 2009 1903 2065 cervi
1926 2024 2093 2065 mon-

82 2099 344 2148 stravere
391 2092 659 2166 percussi
709 2108 781 2149 eo
836 2091 955 2150 telo
991 2100 1274 2169 pastuque
1328 2091 1548 2150 herbae
1572 2092 1695 2165 eius
1747 2090 1961 2149 electo.
2011 2122 2091 2135 -—

80 2174 253 2232 iidem
285 2175 550 2251 percussi
585 2191 617 2232 a
643 2174 990 2252 phalangio,
1039 2175 1192 2252 quod
1240 2185 1328 2234 est
1372 2177 1567 2233 aranei
1597 2192 1815 2252 genus,
1860 2183 1956 2233 aut
1987 2176 2093 2234 ali-

82 2275 194 2334 quo
227 2258 394 2316 simili
446 2275 690 2317 cancros
736 2259 962 2330 edendo
1001 2260 1107 2317 sibi
1155 2260 1479 2318 medentur.
1513 2293 1595 2303 —·
1638 2268 1727 2317 est
1755 2267 1811 2316 et
1854 2259 1926 2317 ad
1961 2276 2090 2316 ser·
2112 2277 2164 2316 25

79 2344 331 2425 pentium
359 2344 506 2400 ictus
530 2345 867 2421 praecipua,
905 2363 1013 2421 qua
1050 2362 1114 2402 se
1147 2345 1348 2403 lacerti
1382 2344 1647 2419 quotiens
1678 2361 1800 2400 cum
1825 2341 1913 2401 his
1951 2359 2091 2400 con-

7 2438 60 2491 38
84 2442 323 2485 seruere
356 2443 602 2502 pugnam
641 2428 928 2487 volnerati
977 2420 1263 2487 refovent.
1317 2427 1697 2486 chelidoniam
1743 2428 1886 2485 visui
1936 2428 2090 2486 salu-

78 2510 384 2569 berrimam
436 2511 766 2572 hirundines
820 2521 1219 2571 monstravere
1275 2514 1501 2570 vexatis
1559 2510 1847 2588 pullorum
1901 2511 2090 2569 oculis

77 2595 175 2653 illa
223 2594 545 2653 medentes,
607 2598 841 2655 testudo
888 2597 1113 2655 cunilae
1150 2614 1328 2674 quam
1373 2595 1644 2654 bubulam
1676 2604 1887 2653 vocant
1919 2592 2087 2672 'pastu

76 2680 214 2737 viris
247 2688 447 2737 contra
480 2682 768 2757 serpentis
811 2681 1062 2753 refovet
1106 2680 1350 2739 mustela
1385 2690 1508 2738 ruta
1541 2681 1595 2737 in
1638 2680 1874 2737 murium
1907 2696 2085 2737 vena·
2110 2693 2163 2732 30

77 2772 190 2821 tum
241 2781 366 2821 cum
416 2764 484 2820 iis
520 2764 887 2823 dimicatione
919 2773 1210 2851 conserta.
1274 2752 1497 2822 ciconia
1529 2765 1806 2839 origanO,
1867 2762 2088 2822 hedera

78 2848 201 2924 apri
248 2848 304 2904 in
350 2847 569 2906 morbis
603 2847 713 2906 sibi
758 2849 1060 2907 medentur
1099 2858 1157 2908 et
1194 2864 1439 2907 cancros
1480 2847 1778 2906 vescendo
1821 2864 2090 2905 maxume

7 2938 58 2992 ³9
82 2932 220 2990 mari
268 2933 512 2990 eiectos,
574 2933 779 3008 anguis
835 2932 1076 2991 hiberno
1121 2934 1233 2991 situ
1280 2931 1607 2990 membrana
1661 2932 1927 3008 corporis
1984 2931 2090 2989 ob-

75 3014 243 3073 ducta
288 3015 528 3074 feniculi
561 3033 702 3074 suco
750 3017 1189 3094 inpedimentum
1233 3016 1375 3075 illud
1406 3017 1564 3075 exuit
1597 3015 1927 3092 nitidusque
1956 3033 2090 3074 ver·
2169 3037 2178 3046 ·

75 3107 188 3155 nat.
250 3100 406 3157 exuit
441 3109 628 3158 autem
656 3118 688 3159 a
723 3103 912 3177 capite
939 3102 1199 3178 primum,
1235 3118 1345 3158 nec
1378 3099 1631 3158 celerius
1656 3117 1826 3176 quam
1850 3115 1965 3157 uno
1991 3099 2088 3158 die
2109 3119 2162 3161 35

77 3190 136 3238 et
171 3189 378 3253 nocte,
412 3182 706 3257 replicans
751 3193 809 3241 ut
841 3194 1003 3242 extra
1035 3185 1130 3242 liat
1173 3182 1538 3242 membranae
1587 3184 1739 3259 quod
1786 3182 1960 3240 fuerit
2001 3184 2087 3240 in·

75 3271 185 3320 tus.
219 3262 368 3320 idem
404 3264 640 3324 hiberna
677 3268 896 3326 latebra
930 3271 1054 3326 visu
1089 3267 1400 3325 obscurato
1437 3266 1725 3342 marathro
1766 3265 1984 3324 herbae
2014 3285 2086 3326 se

74 3345 361 3403 adfricans
402 3347 606 3404 oculos
643 3353 901 3425 inunguit
931 3369 1000 3409 at:
1039 3350 1299 3423 refovet,
1357 3350 1408 3406 si
1462 3366 1604 3408 vero
1653 3368 1927 3427 squamae
1972 3347 2081 3410 ob-

7 3540 165 3558 αι

2310 471 2312 530 1
