2320 3650
553 11 713 103 ΜΤ.
752 55 932 104 msr.
965 57 1039 104 11.
1070 52 1310 107 50—54.
1348 40 1642 127 (51—55.)
2046 45 2126 108 95

140 208 584 291 precationibus
610 209 706 268 vel
738 210 869 286 cogi
892 209 1120 269 fulmina
1145 209 1243 268 vel
1264 210 1557 288 inpetrari.
1589 209 1771 270 Vetus
1791 210 1939 271 fama
1960 210 2126 272 Etru-
2181 254 2182 259 η

140 298 264 355 riae
283 302 376 353 est
391 295 753 371 inpetratum,
777 293 1070 351 Volsinios
1084 293 1285 352 urbem
1299 293 1664 370 depopulatis
1678 296 1832 370 agris
1848 294 2128 356 subeunte

142 386 439 452 munstre,
496 376 650 454 quod
707 393 1000 435 vocavere
1043 377 1288 436 Voltam.
1351 386 1652 436 evocatum
1704 386 1762 436 et
1818 397 1850 438 a
1890 379 2126 439 Porsina

141 479 246 521 suo
290 478 461 536 rege.
529 457 603 518 Et
647 468 780 518 ante
830 477 957 518 eum
992 478 1024 519 a
1063 459 1243 519 Numa
1287 461 1520 538 saepius
1561 461 1675 520 hoc
1717 460 2030 522 factitatum
2069 465 2127 522 in
2163 508 2166 511 t

99 546 330 623 sprimo
363 542 643 602 annalium
682 559 920 607 suorum
962 542 1130 601 tradit
1163 542 1225 601 L.
1258 541 1424 617 Piso,
1457 544 1663 620 'gravis
1707 553 1938 620 auctor,
1972 546 2127 625 quod

138 629 417 687 imitatum
447 643 643 705 parum
674 628 782 686 rite
807 624 1051 685 Tullium
1078 625 1378 686 Hostilium
1409 627 1582 686 ictum
1611 627 1862 686 fulmine.
1910 627 2125 689 Lucos-

140 730 253 791 que
294 719 354 769 et
384 727 516 768 aras
546 717 605 768 et
635 727 801 768 sacra
832 709 1129 785 habemus,
1165 711 1427 788 interque
1459 711 1723 770 Statores
1753 728 1824 771 ac
1853 710 2126 771 Tonantis

139 803 198 854 et
238 792 544 854 Feretrios
594 791 835 851 Elicium
882 810 1112 871 quoque
1160 795 1490 891 accepimus
1529 792 1745 853 Iovem.
1808 794 1982 854 Varia
2031 797 2086 853 in
2108 805 2206 858 141

139 878 255 937 hoc
286 877 445 935 vitae
477 877 760 936 sententia
784 885 842 934 et
863 893 984 957 pro
1003 878 1280 954 cuiusque
1306 878 1510 936 animo.
1568 876 1859 955 Imperare
1891 888 2125 937 naturae

79 984 127 1024 ιο
144 977 317 1021 sacra
349 959 582 1018 audacis
615 968 705 1018 est
736 958 1001 1034 credere,
1034 977 1144 1019 nec
1173 961 1354 1023 minus
1377 959 1605 1020 hebetis
1627 960 1926 1020 veneficiis
1958 952 2125 1021 abro-

143 1061 291 1121 gare
332 1042 505 1116 virIS,
552 1042 778 1120 quando
820 1043 876 1100 in
928 1042 1215 1118 fulgurum
1260 1060 1491 1122 quoque
1534 1045 2008 1121 interpretatione
2052 1061 2126 1104 eo

142 1127 406 1206 profecit
432 1126 674 1184 scientia
704 1134 766 1185 ut
786 1135 1024 1185 ventura
1060 1125 1170 1185 alia
1203 1125 1359 1184 finito
1385 1128 1478 1186 die
1503 1129 1798 1204 praecinat
1821 1137 1878 1187 et
1902 1146 1972 1188 an
1995 1146 2125 1206 per-

143 1219 408 1289 emptura
454 1209 564 1268 sint
604 1208 779 1269 fatum
809 1218 904 1268 aut
933 1218 1201 1286 apertura
1231 1209 1390 1286 prius
1420 1210 1531 1269 alia
1563 1211 1679 1269 fata
1711 1228 1858 1288 quae
1891 1212 2125 1287 lateant,

141 1291 653 1353 innumerabilibus
683 1294 739 1351 in
767 1300 1010 1370 utroque
1030 1291 1293 1369 *publicis
1318 1293 1670 1371 privatisque
1696 1296 2125 1371 experimentis.

81 1387 125 1429 1⁵
144 1375 538 1451 Quamobrem
569 1376 678 1434 sint
707 1377 814 1434 ista
845 1385 904 1435 ut
931 1392 1123 1434 rerum
1150 1384 1387 1434 naturae
1414 1375 1597 1450 libuit,
1633 1375 1777 1434 alias
1801 1386 1960 1437 certa
1984 1378 2128 1438 alias

143 1460 337 1534 dubia,
372 1459 500 1517 aliis
529 1458 772 1536 probata
802 1459 928 1518 aliis
963 1457 1308 1535 damnanda,
1340 1476 1448 1518 nos
1483 1458 1555 1519 de
1595 1466 1794 1518 cetero
1830 1477 1977 1537 quae
2003 1470 2131 1521 sunt

141 1545 197 1602 in
227 1543 319 1603 his
348 1542 743 1601 memorabilia
772 1560 886 1601 non
918 1543 1256 1601 omittemus.

270 1627 371 1685 54.
411 1623 940 1703 (55.)Fu1getrum
983 1627 1142 1704 prius
1186 1626 1343 1685 cerni
1380 1643 1546 1703 quam
1586 1626 1853 1689 tonitrum
1884 1626 2085 1701 audiri,
2111 1637 2211 1691 142

144 1729 272 1770 cum
309 1708 477 1768 simul
507 1709 670 1784 fiant,
704 1718 922 1773 certum
954 1718 1072 1784 est,
1105 1727 1217 1768 nec
1250 1711 1478 1784 mirum,
1514 1711 1779 1788 quoniam
1814 1709 1910 1769 lux
1940 1711 2126 1769 sonitu

80 1793 428 1854 zovelocior.
485 1794 654 1852 ictum
690 1802 876 1853 autem
926 1801 985 1853 et
1026 1794 1268 1854 sonitum
1310 1811 1632 1871 congruere
1683 1795 1757 1854 ita
1798 1793 2126 1854 modulante

144 1887 366 1952 natura,
399 1877 507 1937 sed
537 1877 777 1935 sonitum
808 1877 1058 1955 profecti
1089 1896 1224 1937 esse
1260 1878 1528 1954 fulminis,
1559 1896 1675 1938 non
1704 1878 1879 1938 inlati.
1930 1879 2126 1937 etiam·

144 1980 277 2021 num
308 1961 566 2039 spiritum
598 1962 853 2020 ociorem
882 1961 1135 2021 fulmine.
1185 1962 1319 2021 ideo
1356 1963 1508 2040 quati
1539 1964 1697 2041 prius
1732 1978 1899 2021 omne
1937 1970 1995 2021 et
2029 1962 2127 2021 ad-

147 2045 270 2105 flari
305 2062 474 2123 quam
503 2045 748 2122 percuti,
780 2062 888 2103 nec
921 2062 1261 2122 quemquam
1291 2047 1445 2122 tangi
1478 2047 1576 2123 qui
1601 2048 1761 2124 prior
1788 2046 1999 2105 viderit
2019 2043 2126 2104 ful-

146 2146 277 2188 men
327 2136 422 2187 aut
476 2128 740 2186 tonitrum
793 2127 1054 2187 audierit.
1114 2127 1305 2187 Laeva
1355 2145 1639 2205 prospera
1695 2130 2125 2204 existumantur,

77 2230 127 2272 25
147 2201 416 2290 quoniam
448 2210 616 2270 laeva
645 2220 808 2289 parte
843 2211 1030 2276 mundi
1063 2219 1221 2269 ortus
1253 2218 1359 2269 est.
1401 2229 1511 2270 nec
1542 2220 1653 2271 tam
1684 2213 1962 2272 adventus
1992 2229 2125 2290 spe·

146 2303 330 2355 ctatur
385 2312 550 2372 quam
598 2294 848 2369 redituS,
902 2295 1027 2354 sive
1073 2293 1144 2353 ab
1188 2295 1303 2353 ictu
1348 2294 1534 2353 resilit
1577 2296 1724 2372 ignis
1771 2296 1894 2354 sive
1941 2311 2125 2373 opere

145 2378 416 2438 confecto
453 2385 548 2436 aut
588 2378 723 2454 igne
756 2387 1092 2457 consumpto
1138 2378 1370 2455 spiritus
1415 2388 1652 2438 remeat.
1716 2377 1780 2437 In
1828 2379 2084 2439 sedecim
2111 2387 2212 2442 143

143 2463 321 2540 partis
354 2460 575 2520 caelum
619 2462 676 2520 in
717 2477 790 2520 eo
839 2470 1044 2539 spectu
1089 2461 1339 2520 divisere
1372 2460 1563 2521 Tusci.
1622 2463 1801 2540 prima
1845 2471 1935 2521 est
1966 2481 1999 2522 a
2035 2480 2127 2520 se-

143 2544 562 2623 ptentrionibus
605 2544 677 2604 ad
722 2544 1201 2622 aequinoctialem
1231 2554 1523 2619 exortum,
1570 2545 1822 2605 secunda
1856 2546 1927 2605 ad
1956 2546 2127 2604 meri·

77 2642 126 2683 ³0
144 2628 315 2704 diem,
350 2629 515 2687 tertia
547 2627 617 2687 ad
649 2629 1130 2706 aequinoctialem
1159 2644 1451 2704 occasum,
1490 2638 1688 2706 quarta
1720 2630 1937 2707 optinet
1973 2627 2127 2706 quod

141 2713 429 2789 reliquom
461 2719 550 2769 est
582 2710 653 2770 ab
688 2728 901 2771 occasu
934 2712 1006 2771 ad
1036 2713 1482 2789 septentriones
1534 2712 1636 2772 has
1668 2714 1867 2771 iterum
1897 2712 1953 2770 in
1988 2728 2125 2788 qua-

141 2803 337 2854 ternas
386 2794 636 2853 divisere
682 2795 895 2872 partis,
941 2813 1025 2854 ex·
1060 2794 1265 2873 quibus
1309 2803 1444 2855 octo
1489 2794 1561 2855 ab
1604 2805 1809 2855 exortu
1844 2795 2123 2869 sinistras,

140 2879 382 2942 totidem
428 2895 461 2936 e
507 2879 794 2944 contrario
847 2877 1224 2956 appellavere
1273 2879 1528 2939 dextras.
1592 2878 1685 2938 Ex
1730 2879 1819 2937 his
1862 2895 2124 2956 maxume

143 2961 301 3021 dirae
346 2976 494 3039 quae
530 2961 977 3037 septentrionem
1010 2961 1080 3021 ab
1107 2978 1323 3021 occasu
1353 2963 1649 3039 attingunt.
1707 2963 1900 3039 itaque
1929 2962 2098 3041 pluru

72 3055 123 3097 3⁵
144 3063 289 3104 mum
319 3043 503 3103 refert
532 3044 681 3104 unde
712 3047 974 3104 venerint
1004 3045 1237 3104 fulmina
1267 3054 1325 3105 et
1355 3064 1468 3125 quo
1502 3047 1920 3108 concesserint.
1960 3053 2122 3123 optu-

140 3146 288 3186 mum
320 3136 410 3187 est
440 3128 496 3186 in
525 3130 816 3188 exortivas
851 3129 1043 3188 redire
1076 3129 1272 3206 partiS.
1324 3127 1467 3189 Ideo
1504 3149 1628 3189 cum
1658 3147 1691 3189 a
1720 3130 1900 3208 prima
1931 3129 2079 3189 caeli
2102 3133 2207 3190 144

141 3220 304 3288 parte
353 3212 616 3271 venerint
659 3221 716 3270 et
761 3214 816 3270 in
862 3213 1101 3272 eandem
1145 3213 1572 3288 concesserint,
1625 3230 1836 3272 summa
1875 3212 2123 3272 felicitas

141 3294 531 3372 portenditur,
583 3295 754 3375 quale
784 3296 982 3357 Sullae
1027 3295 1293 3358 dictatori
1335 3304 1620 3355 ostentum
1664 3297 1851 3358 datum
1894 3294 2121 3372 accepi·
2227 3345 2228 3348 ,
