2320 3650
171 107 293 168 250
785 117 845 166 c,
872 119 1064 164 PLmI
1097 84 1402 164 SEOU'NDI
2253 116 2263 185 q

167 286 333 336 tunsa
360 290 500 335 suco
519 318 536 349 ,
568 274 998 333 neccorticem
1023 271 1309 332 abdicant.
1358 273 1548 331 omnia
1561 284 1646 333 ea
1678 289 1929 333 venena.
1975 272 2174 351 quippe

167 358 523 420 fodientibus
554 358 766 431 nocet,
800 357 850 415 si
882 357 1126 415 minuma
1150 344 1412 434 adspiret
1444 373 1611 416 aura:
1646 357 2034 417 intumescunt
2061 372 2174 415 cor·

167 459 349 521 pora,
393 441 724 519 faciemque
749 439 1021 503 invadunt
1052 441 1218 516 ignes
1249 442 1422 500 sacri.
1477 439 1556 503 ob
1591 439 1647 499 id
1681 449 1888 500 cerato
1921 442 2082 519 prius
2105 442 2177 499 in·

86 538 186 590 125
212 527 411 586 linunt.
494 524 836 603 quibusdam
891 534 1081 584 tamen
1130 523 1352 583 morbis
1417 524 1683 583 auxiliari
1741 524 1945 585 dicunt
1989 525 2182 587 medici

168 612 512 689 permixtam
542 609 706 683 aliis,
751 610 887 668 item
920 607 1205 686 alopeciis
1251 608 1698 686 suggillatisque
1745 625 1816 667 ac
1854 608 2213 683 liventibus,5

170 712 279 755 ceu
308 710 453 754 vero
498 693 759 753 remedia
788 692 1009 780 desint,
1055 701 1118 751 ut
1158 693 1394 751 scelera
1435 709 1550 751 non
1584 701 1858 752 tractent.
1941 693 2065 754 Sed
2089 694 2181 769 ista
2261 696 2262 701 ’

168 787 515 858 praetexunt
566 778 743 836 noxio
798 777 1174 835 instrumento
1196 821 1212 850 ,
1281 785 1611 854 tantumque
1668 777 2054 854 inpudentiae
2105 785 2183 837 est

168 873 228 923 ut
250 880 535 923 venenum
569 861 708 921 artis
744 878 881 919 esse
923 861 1334 938 persuadeant.
1396 860 1652 938 Thapsia
1693 861 1753 919 in
1782 861 1997 922 Africa
2025 861 2180 922 velie-

170 947 543 1007 mentissima.
609 944 838 1022 quidam
883 944 1109 1005 caulem
1158 945 1413 1004 incidunt
1454 963 1565 1022 per
1604 946 1819 1004 messis
1872 955 1940 1009 et
1978 947 2036 1004 in
2075 947 2183 1023 ipsa

171 1040 455 1092 excavant
500 1030 733 1104 radice,
785 1045 898 1107 quo
943 1047 1118 1088 sucus
1155 1028 1437 1103 confluat,
1488 1029 1940 1108 arefactumque
1969 1029 2181 1091 tollunt.
2200 1056 2231 1094 η

86 1125 186 1179 126
213 1115 309 1175 alii
341 1115 517 1188 folia,
552 1113 777 1173 caulem
796 1157 814 1187 ,
849 1113 1107 1173 radicem
1134 1114 1374 1175 tundunt
1403 1115 1460 1172 in
1493 1114 1616 1191 pila
1647 1122 1707 1173 et
1743 1131 1958 1173 sucum
1984 1115 2043 1173 in
2069 1113 2184 1174 sole

140 1207 439 1258 .coactum
469 1197 727 1258 dividunt
756 1197 814 1257 in
844 1197 1134 1275 pastillos.
1193 1196 1360 1257 Nero
1389 1195 1612 1257 Caesar
1649 1196 2073 1259 claritatemei
2099 1198 2183 1258 de·

170 1283 249 1342 dit
296 1284 456 1340 initio
501 1281 741 1359 imperi,
782 1283 1083 1366 nocturnis
1127 1280 1587 1358 grassationibus
1631 1282 2075 1351 converberata
2114 1282 2183 1342 fa·
2260 1274 2262 1355 1

171 1369 262 1426 cie
288 1367 534 1433 inlinens
564 1368 652 1425 sic
677 1383 804 1426 cum
834 1375 960 1426 ture
987 1377 1266 1445 ceraque,
1300 1374 1359 1425 et
1390 1374 1597 1424 secuto
1624 1364 1719 1426 die
1758 1376 1966 1426 contra
1997 1367 2185 1426 famam

171 1461 362 1511 cutem
401 1454 688 1511 sinceram
729 1450 1169 1510 circumferens.
1212 1449 1655 1528 ‚ignem‘ferulis
1697 1459 1943 1528 optume
1972 1451 2183 1511 servari
2203 1478 2237 1517 1⁵

173 1545 393 1597 certum
423 1545 512 1595 est
544 1552 763 1611 easque
795 1535 851 1593 in
890 1534 1169 1612 Aegypto
1197 1527 1589 1612 praecellere.

87 1628 190 1682 127
344 1618 443 1679 23.
498 1620 668 1697 (44.)
712 1616 826 1677 Ubi
857 1628 915 1678 et
946 1621 1252 1697 capparis,
1286 1618 1554 1678 firmioris
1592 1618 1735 1695 ligni
1763 1618 2006 1695 frutex,
2035 1621 2187 1680 semi·

170 1706 375 1781 nisque
403 1713 462 1767 et
486 1702 631 1763 cibis
656 1702 901 1779 volgati,
929 1703 1097 1762 caule
1121 1719 1357 1781 quoque
1383 1720 1489 1762 una
1515 1702 1869 1781 plerumque
1894 1705 2187 1782 decerpto.

174 1788 433 1850 cavenda
463 1790 586 1847 eius
622 1804 844 1864 genera
876 1788 1220 1865 peregrina,
1254 1786 1539 1865 siquidem
1573 1785 1857 1850 Arabium
1892 1788 2188 1868 pestilens,

167 1872 433 1931 Africum
480 1872 731 1949 gingivis
775 1872 1094 1947 inimicum,
1147 1870 1545 1932 Marmaricam
1598 1872 1796 1931 volvis
1835 1881 1900 1932 et
1951 1874 2245 1935 omniumio

170 1956 581 2016 inflationibus,
651 1955 903 2033 Apulum
949 1957 1198 2015 vomitus
1248 1957 1446 2033 facit,
1474 1956 1842 2018 stomachum
1891 1966 1957 2038 et
2008 1958 2189 2017 alvom

173 2040 368 2101 solvit.
432 2040 661 2118 quidam
694 2039 751 2100 id
779 2039 1140 2114 cynosbaton
1171 2050 1416 2115 vocant,
1459 2041 1556 2100 alii
1589 2039 2114 2120 ophiostapliylen.

88 2135 190 2189 128
321 2126 489 2204 (45.)
516 2123 849 2183 Frutectosi
881 2133 970 2183 est
1002 2125 1240 2202 generis
1277 2134 1333 2184 et
1377 2124 1614 2201 saripha
1659 2126 1816 2185 circa
1856 2124 2057 2185 Nilum
2099 2143 2193 2184 m-

171 2227 379 2284 scens,
407 2211 648 2270 duorum
672 2209 857 2268 ferme
889 2208 1215 2268 cubitorum
1245 2209 1578 2286 altitudine,
1609 2208 1886 2285 pollicari
1924 2212 2193 2270 crassitu-

170 2295 338 2369 dine,
371 2310 537 2354 coma
562 2295 801 2372 papyri,
834 2292 1122 2370 similique
1151 2292 1435 2352 manditur
1457 2292 1664 2366 mode,
1701 2292 1907 2353 radice
1936 2294 2252 2362 ferrariisffi

174 2366 422 2437 officinis
445 2379 766 2456 praecipua
800 2376 1071 2436 carbonis
1100 2395 1208 2435 usu
1238 2387 1486 2454 propter
1514 2376 1797 2435 duritiam.

91 2470 191 2524 129
345 2460 445 2521 24.
494 2462 666 2540 (46.)
714 2459 844 2519 Non
887 2460 1261 2520 omittendum
1293 2469 1384 2520 est
1424 2470 1483 2519 et
1528 2460 1685 2537 quod
1714 2460 2032 2540 Babylone
2061 2461 2200 2521 seri·

172 2555 263 2604 tur
302 2548 359 2605 in
393 2546 608 2624 spinis,
664 2545 932 2622 quoniam
973 2561 1090 2604 non
1131 2545 1309 2606 aliubi
1349 2545 1522 2618 vivit,
1567 2545 1717 2604 sicut
1764 2555 1825 2604 et
1866 2548 2100 2606 viseum
2149 2545 2204 2603 in

173 2629 511 2705 arboribus,
543 2629 649 2688 sed
689 2629 831 2689 illud
859 2631 918 2689 in
947 2630 1114 2707 spina
1141 2638 1356 2688 tantum
1385 2646 1537 2707 quae
1563 2629 1732 2705 regia
1765 2639 2043 2690 vocatur.
2107 2629 2204 2688 ni·

170 2733 314 2790 rum,
343 2712 500 2793 quod
527 2713 736 2774 eodem
758 2713 854 2772 die
877 2714 1163 2789 germinat
1188 2730 1303 2792 quo
1325 2714 1599 2772 iniectum
1623 2721 1716 2771 est
1732 2747 1819 2758 —-
1839 2714 2087 2774 inicitur
2112 2731 2263 2778 tumne

175 2808 290 2858 tem
335 2800 467 2878 ipso
514 2798 673 2857 canis
705 2806 835 2857 ortu
863 2831 947 2842 —-
983 2806 1042 2856 et
1073 2797 1380 2857 celerrime
1412 2795 1682 2857 arborem
1711 2807 1993 2876 occupat.
2056 2796 2208 2858 Con·

173 2883 332 2942 diunt
377 2899 450 2941 eo
484 2883 648 2955 vina,
689 2890 748 2941 et
779 2880 912 2940 ideo
944 2891 1164 2941 serunt.
1233 2883 1413 2960 Spina
1442 2880 1543 2941 illa
1573 2882 1831 2941 nascitur
1864 2892 1928 2942 et
1956 2881 2211 2942 Athenis

172 2967 230 3026 in
262 2967 455 3043 longis
484 2967 679 3024 muris.
998 3028 1007 3034 ,
1034 2985 1095 3052 f
1116 2993 1368 3048 „M‘
1801 3001 1820 3018 .

92 3058 195 3110 130
224 3112 239 3125 J
339 3052 504 3129 (47.)
540 3048 762 3114 Frutex
807 3057 899 3109 est
938 3057 997 3110 et
1039 2989 1258 3125 cfftisus
1303 3049 1375 3109 ab
1405 3049 1798 3128 Amphilocho
1833 3050 2212 3114 Atheniense

174 3132 332 3189 miris
356 3132 642 3192 -laudihus
668 3133 1039 3211 praedicatus
1071 3134 1287 3212 pabulo
1329 3135 1554 3208 ovium,
1601 3130 1797 3193 aridus
1842 3152 2000 3195 vero
2039 3137 2263 3204 etiams

176 3228 370 3284 suum,
422 3216 789 3293 spondetque
837 3217 1043 3294 iugero
1096 3219 1224 3277 eius
1262 3236 1447 3278 annua
1480 3217 1594 3277 HS.
1626 3232 1736 3279 uu
1777 3220 1881 3280 vel
1922 3217 2212 3281 mediocri

178 3291 309 3348 solo
353 3296 591 3355 reditus.
655 3300 869 3360 utilitas
916 3315 1066 3379 quae
1112 3320 1293 3376 erv0,
1328 3303 1433 3361 sed
1458 3304 1626 3361 ocior
1658 3305 1876 3379 satias,
1921 3321 2209 3386 perquam

177 3372 405 3431 modico
464 3379 881 3454 pinguescente
932 3386 1325 3464 quadripede,
1384 3388 1462 3446 ita
1506 3396 1567 3445 ut
1610 3389 1864 3448 iumenta
1921 3388 2209 3448 hordeum

182 3464 474 3529 spernant.
537 3477 650 3520 non
683 3482 760 3523 ex
791 3467 904 3525 alio
945 3467 1162 3545 pabulo
1199 3469 1367 3529 lactis
1400 3470 1585 3531 maior
1616 3472 1791 3549 copia
1823 3481 1926 3532 aut
1967 3474 2204 3547 melier,
