2320 3650
206 46 325 108 162
909 56 1197 136 cqrnnu
1230 56 1528 107 saeuum

202 223 453 290 struunt,
496 215 647 274 aliae
693 213 951 291 poliunt,
1003 210 1152 271 aliae
1185 222 1539 291 suggerunt,
1587 213 1738 275 aliae
1776 213 1981 274 cibum
2007 231 2203 293 eonpa-

199 307 324 359 raut
354 316 429 358 ex
459 315 533 357 eo
562 295 719 375 quod
754 296 1002 357 adlatum
1039 295 1145 355 est.
1207 313 1400 373 neque
1430 298 1584 356 enim
1624 299 1948 376 separatim
1979 315 2202 358 vescan-

199 392 320 458 tur,
363 401 435 441 ue
475 380 856 460 inaequalitas
896 365 1096 458 operis
1142 388 1201 439 et
1233 379 1345 439 cibi
1388 380 1487 440 fiat
1520 390 1579 441 et
1616 383 1929 460 temporie.
2006 391 2206 442 struunt

201 481 372 526 orsae
404 485 438 526 a
471 465 971 526 concamaratione
999 463 1160 539 alvi,
1201 472 1538 542 textumque
1578 463 1740 524 velut
1768 484 1805 525 a
1851 481 2079 526 summa
2107 465 2204 525 tela

199 550 519 626 deducunt,
552 549 822 610 limitibus
843 548 989 608 binis
1012 548 1170 607 circa
1203 548 1467 625 singulos
1495 558 1695 625 actus,
1729 559 1795 608 ut
1825 550 1964 609 aliis
1993 554 2240 622 intr-enm»

114 643 184 696 23
206 635 331 695 aliis
362 643 590 695 exeant.
655 633 773 693 favi
803 631 1109 711 superiore
1140 642 1308 710 parte
1335 632 1543 708 adfixi,
1578 642 1636 693 et
1665 633 1908 711 paulum
1943 636 2113 695 etiam
2138 634 2206 694 la·

200 719 421 778 teribus
467 717 633 777 simul
676 716 918 776 haerent
969 724 1029 774 et
1083 716 1339 794 pendent
1388 734 1517 778 ana.
1591 716 1786 778 alvom
1835 735 1963 778 non
2006 720 2206 784 ‚contin-

200 812 372 880 gunt,
417 820 567 861 nunc
610 799 862 879 obliqui,
910 817 1060 858 nunc
1105 800 1365 875 rotundi,
1412 800 1661 877 qualiter
1702 803 1997 881 poposcit
2041 802 2206 874 alvos,

197 887 507 965 aliquando
541 895 600 946 et
628 885 868 945 duorum
892 900 1206 961 generum,
1236 899 1365 943 cum
1390 884 1507 944 duo
1533 887 1798 947 examina
1826 881 2206 947 concordibus

196 970 430 1050 populis
453 967 765 1030 dissimiles
794 965 1053 1029 habuere
1086 969 1250 1027 ritus.
1311 969 1532 1030 ruentis
1557 987 1730 1029 ceras
1758 970 2052 1047 fulciunt,
2083 968 2267 1054 pila-n⁴

77 1112 80 1116 Α
195 1073 318 1114 rum
348 1054 717 1130 intergerivis
753 1071 785 1112 a
817 1051 946 1111 solo
982 1050 1313 1126 fornicatis,
1355 1071 1431 1112 ne
1458 1052 1611 1113 desit
1639 1053 1830 1122 aditus
1856 1055 1937 1116 ad
1972 1056 2206 1115 sarcien-

111 1149 182 1200 24
202 1137 351 1199 dum.
412 1138 578 1215 primi
609 1136 735 1196 fere
770 1144 891 1196 tres
934 1152 1140 1195 versus
1172 1138 1374 1196 inanes
1408 1145 1732 1212 struuntur,
1778 1153 1856 1197 ne
1894 1147 2206 1217 promptum

196 1223 269 1282 sit
293 1222 446 1299 quod
476 1217 678 1281 invitet
707 1220 1008 1280 furantem.
1076 1220 1374 1279 novissimi
1401 1237 1667 1281 maxume
1695 1222 2004 1299 inplentur
2026 1222 2205 1282 melle.

196 1305 330 1367 ideo
356 1317 565 1366 aversa
590 1305 723 1365 alvo
765 1304 881 1365 favi
904 1305 1246 1363 eximuntur.
1303 1304 1549 1380 gerulae
1583 1305 1882 1365 secundos
1906 1306 2087 1366 flatus
2129 1322 2204 1365 ca·

199 1399 375 1468 ptant.
442 1390 490 1448 si
534 1390 827 1450 cooriatur
865 1387 1166 1467 procella,
1224 1387 1573 1465 adprehensi
1604 1388 1986 1468 pondusculo
2044 1387 2267 1484 lapillin4

198 1493 262 1533 se
287 1472 516 1534 librant.
583 1472 810 1551 quidam
833 1473 890 1531 iu
911 1488 1145 1531 umeros
1178 1489 1306 1530 eam
1335 1473 1534 1550 inponi
1555 1474 1805 1535 tradunt.
1876 1474 2045 1542 iuxta
2080 1488 2204 1533 vero

109 1569 177 1620 25
200 1567 412 1617 terram
444 1558 645 1619 volant
679 1558 737 1616 iu
771 1556 1020 1618 adverso
1051 1555 1186 1615 flatu
1213 1554 1489 1634 vepribus
1520 1551 1769 1617 evitatis.
1833 1556 1992 1618 Mira
2024 1557 2205 1617 obser·

195 1641 352 1702 vatio
385 1643 605 1721 operis.
678 1642 1027 1701 cessantium
1056 1640 1318 1699 inertiam
1348 1648 1580 1716 notant,
1630 1640 1965 1719 castigant,
1999 1659 2136 1701 mox
2158 1647 2208 1712 et

195 1726 431 1804 puniunt
473 1733 681 1785 morte.
741 1726 886 1785 mira
927 1723 1217 1785 munditia.
1296 1723 1639 1783 amoliuntur
1684 1726 1875 1785 omnia
1927 1743 1965 1785 e
2008 1724 2203 1797 medio,
2266 1759 2267 1766 κ

195 1809 503 1887 nullaeque
534 1810 685 1870 inter
716 1827 899 1889 opera
945 1808 1259 1887 spurcitiae
1287 1808 1501 1869 iacent.
1560 1810 1697 1887 quin
1741 1817 1802 1869 et
1839 1816 2265 1897 excrementum,

196 1895 554 1972 operantium
596 1894 779 1969 intus,
821 1912 895 1954 ne
926 1893 1157 1970 longius
1201 1892 1482 1953 recedant
1519 1911 1690 1953 unum
1723 1903 2023 1970 congesta
2055 1898 2108 1954 in
2134 1893 2202 1952 lo-

109 1986 323 2041 nicum
343 2022 360 2053 ,
404 1975 649 2039 turbidis
694 1977 900 2039 diebus
953 1987 1013 2038 et
1046 1977 1246 2055 operis
1277 1977 1397 2036 otio
1429 1985 1697 2054 egerunt.
1741 1995 1895 2063 *cum
1933 1978 2202 2056 advespe-

195 2063 403 2138 rascit,
462 2063 520 2121 in
562 2061 697 2123 alvo
749 2070 1014 2140 strepunt
1065 2062 1250 2121 minus
1304 2078 1375 2121 ac
1435 2062 1654 2136 minus,
1703 2061 1899 2122 donec
1951 2080 2069 2121 uua
2115 2060 2201 2121 cir·

199 2147 491 2207 cumvolet
540 2147 750 2208 eodem
789 2162 905 2224 quo
951 2145 1227 2206 excitavit
1272 2143 1487 2205 bombo
1535 2163 1645 2204 ceu
1692 2145 1962 2223 quietem
2006 2160 2202 2224 capere

194 2232 550 2309 imperitanS,
586 2239 644 2290 et
673 2229 787 2290 hoc
818 2239 1137 2290 castrorum
1154 2244 1336 2288 more.
1403 2237 1539 2289 tunc
1562 2237 1810 2307 repente
1844 2245 2061 2290 omnes
2086 2244 2266 2325 con-Q

193 2315 499 2374 ticescunt.
583 2315 680 2373 11.
730 2314 934 2374 domos
983 2315 1224 2392 primum
1276 2310 1477 2391 plebei
1525 2313 1956 2389 exaedificant,
2016 2308 2200 2374 deinde

195 2396 453 2475 regibus.
519 2399 568 2457 si
600 2406 867 2475 speratur
897 2397 1117 2474 largior
1150 2405 1503 2475 proventus,
1545 2395 1870 2457 adiciuntur
1904 2396 2198 2457 contuber-

195 2482 287 2540 nia
319 2490 376 2540 et
405 2481 575 2541 fucis.
635 2481 744 2541 hae
774 2481 1049 2541 cellarum
1081 2481 1384 2556 minumae,
1418 2481 1523 2541 sed
1554 2481 1665 2558 ipsi
1695 2481 1963 2540 maiores
1994 2479 2195 2559 apibus.

109 2573 174 2627 27
325 2565 468 2644 (11)
513 2565 656 2625 Sunt
685 2572 875 2624 autem
900 2564 1015 2624 fuci
1047 2567 1173 2625 sine
1208 2564 1448 2640 aculeo,
1480 2564 1640 2625 velut
1669 2563 2051 2643 inperfectae
2079 2577 2201 2641 apes

101 2642 109 2650 '
193 2651 694 2728 novissimaeque,
728 2666 761 2708 a
797 2647 972 2710 fessis
1009 2658 1068 2707 et
1096 2650 1209 2713 iam
1246 2650 1499 2708 emeritis
1530 2648 1876 2724 inchoatae,
1920 2647 2263 2725 serotinas»,

191 2733 345 2794 fetus
378 2743 437 2794 et
468 2734 633 2813 quasi
675 2734 909 2793 servitia
948 2750 1215 2792 verarum
1257 2734 1479 2811 apium,
1513 2730 1890 2811 quamobrem
1932 2732 2199 2810 imperant

193 2819 262 2877 iis
307 2820 644 2896 primosque
697 2816 999 2894 expellunt
1044 2818 1100 2876 in
1144 2833 1361 2894 opera,
1404 2816 1678 2877 tardantis
1729 2817 1856 2875 sine
1903 2812 2197 2877 elementia

194 2904 449 2980 puniunt.
512 2919 702 2979 neque
751 2902 810 2960 in
844 2918 1027 2980 opere
1059 2908 1308 2975 tantum,
1354 2900 1458 2961 sed
1500 2900 1556 2959 iu
1600 2901 1721 2960 fetu
1768 2917 2018 2979 quoque
2061 2896 2194 2973 adh·

110 2994 333 3047 28vant
373 3005 474 3047 eas
518 2985 753 3046 multum
808 2986 879 3046 ad
929 2986 1187 3045 calorem
1231 2985 1570 3044 conferente
1618 2983 1806 3043 turba.
1887 2991 2060 3043 certe
2097 2992 2193 3061 {qo

194 3071 376 3128 maior
405 3088 604 3130 eorum
629 3070 733 3130 fuit
753 3069 1073 3144 multitudo,
1098 3068 1214 3129 hoc
1234 3070 1419 3129 maior
1438 3069 1501 3128 fit
1524 3070 1847 3128 examinum
1869 3073 2234 3146 proventum
2258 3098 2264 3161 ὁ

198 3148 341 3208 Cum
381 3153 554 3214 mella
601 3163 923 3232 coeperunt
951 3163 1381 3230 maturescere,
1427 3153 1663 3232 abigunt
1693 3170 1834 3228 eos,
1878 3151 2189 3227 multaeque

199 3233 458 3307 singulos
482 3236 800 3313 adgressae
822 3238 1124 3299 trucidant.
1179 3256 1290 3298 nec
1314 3239 1370 3298 id
1401 3254 1586 3317 genus
1609 3238 1717 3298 uisi
1748 3255 1895 3298 vere
1920 3228 2185 3313 conspici·

198 3320 307 3371 tur.
365 3313 529 3374 fucus
559 3320 843 3401 ademptis
869 3324 975 3384 alis
1008 3324 1065 3382 in
1093 3322 1285 3383 alvom
1312 3325 1569 3385 reiectus
1591 3323 1720 3403 ipse
1754 3321 1974 3383 ceteris
1999 3313 2181 3377 adina
