2320 3650
635 133 794 182 NAT.
839 132 1020 182 HtsT.
1067 134 1132 180 v.
1181 130 1416 183 13—20.
1462 121 1757 198 (ιι-17.)
1801 92 1804 93 ⁷
2067 120 2182 181 199

197 289 381 366 dictu)
417 279 564 365 gens
600 295 838 347 aeterna
863 296 982 361 est,
1029 289 1085 345 in
1116 304 1227 365 qua
1256 303 1425 346 nemo
1455 288 1725 346 nascitur.
1798 294 1910 344 tam
1942 285 2184 351 fecunda

198 372 308 439 illis
353 373 593 431 aliorum
632 366 1182 448 vita'epaenitentia
1224 378 1331 429 est.
1416 368 1569 429 Infra
1610 367 1719 427 hos
1748 367 1986 446 Engada
2020 373 2182 448 oppi-

197 457 322 517 dum
365 456 501 530 fuit,
550 454 877 519 secundum
892 453 963 512 ab
997 452 1419 527 Hierosolymis
1451 453 1745 512 fertilitate
1781 453 2182 530 palmetorum-

198 558 309 618 que
341 499 707 612 nemdribuS,
749 554 897 595 nunc
940 537 1201 596 alterum
1220 536 1463 595 bustum.
1534 537 1664 595 inde
1696 535 1930 595 Masada
1975 538 2183 596 castel-

32 610 46 617 *
154 624 306 683 slum
349 623 404 681 in
448 639 590 699 rupe
635 629 694 680 et
731 622 918 698 ipsum
965 620 1099 723 haut
1137 619 1342 697 procul
1381 617 1744 697 Asphaltite.-
1794 617 1868 678 Et
1907 619 2181 712 hactenus

194 704 666 864 ludaefgeshd)
717 785 970 863 Iungitur
1018 787 1070 845 ei
1114 787 1298 845 latere
1334 785 1537 860 Syriae
1566 785 1985 862 Decapolitana
2015 790 2179 863 regio
2201 794 2269 850 74

195 870 846 948 numerooppidorum,
914 871 970 927 in
1027 887 1140 947 quo
1186 886 1299 928 non
1353 886 1552 928 omnes
1601 869 1804 927 eadem
1846 868 2179 943 observant,

198 956 512 1033 plurumum
562 962 750 1012 tamen
789 952 1134 1012 Damascum
1179 955 1354 1030 ep‘oto
1397 953 1578 1028 riguis
1619 969 1783 1010 amne
1821 949 2182 1026 Chrysorroa

130 1049 179 1090 10
200 1038 477 1112 fertilem,
516 1035 999 1113 Philadelphiam,
1045 1035 1448 1113 Rhaphanam,
1493 1037 1678 1094 omnia
1709 1035 1782 1093 in
1795 1035 2064 1094 Arabiam
2093 1054 2183 1094 re-

88 1181 97 1190 ,
199 1120 493 1194 cedentia,
524 1118 927 1197 Scythopolim
959 1119 1158 1196 (antea
1189 1118 1402 1193 Nysam
1432 1136 1463 1176 a
1492 1117 1702 1177 Libero
1733 1117 1922 1193 Patre,
1957 1119 2182 1196 sepulta

195 1204 416 1263 nutrice
445 1203 563 1280 ibi)
591 1202 822 1275 Scythis
851 1201 1131 1282 deductiS,
1168 1200 1408 1276 Gadara,
1440 1200 1767 1260 Hieromice
1801 1201 2182 1278 praefluente,

103 1298 113 1305 ·
197 1296 254 1346 et
284 1288 394 1346 iam
425 1285 632 1345 dictum
665 1284 927 1362 Hippou,
959 1284 1132 1359 Dion,
1167 1283 1383 1343 Pellam
1415 1286 1577 1361 aquis
1608 1283 1861 1359 divitem,
1897 1283 2241 1361 Galasam,·n

197 1367 1031 1429 Canatham.1ntercursant
1047 1368 1394 1444 cinguntque
1453 1366 1556 1424 has
1602 1365 1758 1424 urbis
1810 1368 2179 1442 tetrarchiae,

129 1464 179 1507 15
195 1469 505 1529 regnorum
534 1453 716 1511 instar
749 1449 1039 1526 singulae,
1073 1458 1131 1508 et
1163 1467 1345 1525 regna
1378 1449 1837 1523 contribuuntur,
1871 1448 2183 1510 Trachoni-

194 1537 288 1611 tis,
313 1535 516 1595 Panias
551 1535 617 1592 in
638 1552 749 1612 qua
772 1532 1062 1598 Caesarea
1094 1550 1226 1591 cum
1252 1549 1426 1610 supra
1451 1532 1605 1617 dicto
1632 1528 1811 1607 fonte,
1849 1531 2039 1607 Abila,
2074 1533 2180 1593 Ar·
2203 1555 2247 1589 «ιι

198 1637 298 1694 ca,
332 1617 760 1696 Ampeloessa,
786 1615 965 1678 Gabe.

200 1746 204 1751 .
288 1752 291 1755 .
367 1700 464 1761 19.
502 1701 678 1780 (17.)
725 1700 895 1760 Hinc
908 1701 1261 1761 redeundum
1304 1709 1392 1760 est
1426 1700 1498 1759 ad
1541 1716 1696 1759 oram
1736 1699 2267 1778 atque-Phoen1·7o

197 1801 324 1845 cen.
405 1782 534 1845 Fuit
581 1784 853 1863 oppidum
897 1782 1281 1861 Crocodilon,
1331 1793 1420 1844 est
1469 1782 1694 1843 flumen.
1777 1786 2051 1845 memoria
2095 1803 2182 1843 ur-

124 1866 357 1927 2ohium:
386 1866 639 1942 Dorum,
693 1868 1069 1942 sycaminum.
1157 1869 1607 1946 promontorium
1658 1864 1981 1927 Carmelum
2024 1870 2184 1932 etin

194 1959 387 2010 monte
431 1954 701 2027 oppidum
733 1951 937 2010 eodem
975 1953 1239 2026 nomine,
1294 1952 1578 2029 quondam
1610 1950 1908 2012 Acbatana
1951 1952 2179 2011 dictum.

194 2033 357 2093 quta
389 2032 584 2108 Getta,
631 2032 822 2108 Geba,
867 2035 1024 2094 rivos
1058 2034 1272 2094 Pacida
1312 2036 1435 2093 sive
1467 2033 1642 2092 Belus
1670 2035 1800 2092 vitri
1846 2034 2055 2094 fertilis
2084 2033 2181 2095 ha·

194 2134 366 2178 renas
397 2133 576 2193 parvo
592 2117 762 2176 'litori
795 2118 1063 2176 miscens.
1129 2118 1258 2193 ipse
1291 2135 1323 2175 e
1354 2117 1564 2193 palude
1582 2113 1942 2177 Cendeberia
1974 2136 2005 2177 a
2035 2118 2183 2177 radi-

196 2200 359 2259 cibus
391 2198 640 2259 Carmeli
681 2199 940 2276 profluit,
1001 2202 1164 2258 iuxta
1197 2199 1423 2258 colonia
1455 2196 1655 2257 Claudi
1692 2198 1961 2259 Caesaris
1994 2200 2181 2259 Ptole·

123 2293 178 2334 ²5
196 2284 369 2357 maiS,
417 2300 565 2359 quae
611 2283 895 2361 quondam
937 2282 1119 2341 Acce.
1200 2263 1471 2359 oppidum
1512 2281 1805 2359 Ecdippa,
1851 2293 2181 2381 promonto-

194 2367 337 2425 rium
380 2365 610 2429 Album.
695 2365 913 2440 Tyros,
974 2364 1276 2441 quondam
1308 2363 1494 2423 insula
1539 2364 1798 2441 praealto
1838 2367 1978 2425 mari
2026 2364 2179 2425 DCC
2200 2376 2268 2432 76

195 2447 462 2527 passibus
514 2449 726 2523 divisa,
770 2465 918 2507 nunc
952 2464 1094 2506 vero
1131 2446 1447 2507 Alexandri
1494 2450 1877 2523 oppugnantis
1909 2447 2183 2527 operibus

198 2533 522 2605 continens,
547 2532 681 2592 olim
704 2493 870 2608 partu
902 2531 1058 2590 clara
1088 2530 1325 2589 urbibus
1346 2531 1556 2606 genitis
1576 2529 1763 2607 Lepti,
1789 2531 1975 2605 Utica,
2005 2541 2061 2591 et
2085 2533 2182 2592 illa

195 2614 422 2674 aemula
447 2623 842 2693 terrarumque
869 2612 1026 2672 orbis
1051 2614 1217 2673 avida
1235 2611 1602 2688 Carthagine,
1623 2615 1790 2672 etiam
1807 2612 2057 2673 Gadibus
2083 2635 2180 2674 ex-

123 2706 286 2756 30‘tra
318 2696 516 2756 orbem
566 2697 828 2757 conditis.
903 2715 1048 2756 nunc
1080 2697 1264 2755 omnis
1298 2697 1421 2755 eius
1462 2694 1729 2755 nobilitas
1764 2696 2068 2771 conchylio
2104 2708 2185 2757 at·

199 2797 313 2856 que
353 2797 613 2857 purpura
656 2788 898 2840 constat.
981 2781 1249 2839 circuitus
1296 2776 1432 2837 XIX
1469 2777 1528 2837 M
1567 2796 1834 2856 passuum
1871 2789 1989 2854 est,
2040 2781 2183 2838 intra

197 2861 502 2936 Palaetyro
534 2863 772 2922 inclusa.
841 2863 1111 2941 oppidum
1139 2865 1323 2939 ipsum
1352 2859 1515 2919 XXII
1545 2862 1725 2921 stadia
1758 2863 1992 2938 optinet.
2046 2862 2182 2921 Inde

197 2945 445 3022 Sarepta
482 2955 540 3006 et
580 2945 856 3005 Ornithon
887 2946 1099 3023 oppida
1120 2949 1200 3004 'et
1231 2944 1409 3004 Sidon
1438 2945 1645 3003 artifex
1675 2945 1803 3003 vitri
1836 2944 2181 3004 Thebarum·

197 3044 311 3104 que
347 3027 711 3088 Boeotiarum
742 3047 972 3106 parens.
1059 3028 1158 3088 20.
1185 3028 1237 3086 A
1271 3036 1441 3103 tergo
1473 3030 1595 3096 eius
1623 3027 1866 3087 Libanus
1896 3045 2056 3087 mons
2090 3045 2181 3089 or·
2199 3037 2265 3095 77

120 3132 177 3176 35
194 3130 297 3170 sus
338 3110 445 3170 MD
487 3111 685 3170 stadiis
721 3112 998 3187 Simyram
1039 3128 1225 3189 usque
1268 3111 1581 3187 porrigitur
1626 3128 1774 3187 quae
1813 3107 2030 3171 Coeles
2073 3112 2178 3186 Sy-

191 3195 318 3254 riae
365 3196 817 3271 cognominatur.
898 3195 1030 3254 huic
1072 3197 1177 3271 par
1220 3194 1635 3252 interveniente
1679 3193 1833 3254 valle
1874 3212 2036 3253 mons
2082 3196 2178 3256 ad-

190 3293 399 3336 versus
463 3275 822 3337 Antilibanus
876 3277 1205 3354 optenditur
1272 3276 1554 3353 quondam
1613 3294 1773 3337 muro
1826 3279 2179 3338 coniunctast.

191 3368 330 3440 post
375 3377 503 3420 eum
551 3361 830 3421 introrsus
878 3359 1298 3441 Decapolitana
1348 3360 1512 3436 regio
1552 3360 2001 3441 praedictaeque
2048 3377 2239 3421 cumn
