2320 3650
424 103 583 149 NAT.
617 102 798 149 ms'r.
830 102 1007 148 v1111.
1033 98 1127 152 ⁷62.
1158 89 1313 168 (88.)
1347 113 1429 133 -’-
1458 75 1522 148 ir.
1558 99 1611 151 3.
1646 91 1762 169 (3.)
1978 91 2093 152 1-21

90 258 203 319 lius
234 263 475 316 senator
509 253 609 313 ille
639 255 916 320 maxumis
946 254 1157 313 nobilis
1191 254 1469 314 doctrinis
1503 255 1746 315 doctore
1782 256 1967 315 nullo:
1998 277 2096 320 ne-

89 342 306 400 minem
351 339 644 404 exstitisse
691 339 785 415 qui
813 338 1048 397 *viderit
1087 347 1456 412 vescentem,
1510 357 1738 398 sacrum
1784 342 1843 397 in
1884 340 2099 402 Arabia

93 425 220 486 Soli
253 440 414 497 esse,
452 422 649 481 vivere
682 421 842 480 annis
870 435 1034 497 DXL,
1070 431 1472 481 senescentem
1502 424 1658 482 casia
1689 425 1947 501 turisque
1979 444 2099 486 sur·

96 508 242 567 culis
278 514 622 566 construere
655 504 866 580 nidum,
912 506 1146 583 replere
1185 505 1462 565 odoribus
1494 515 1553 565 et
1583 510 1965 584 superemori.
2028 525 2103 567 ex

54 619 72 656 5
96 590 332 654 ossibus
365 589 573 649 deinde
612 598 669 647 et
696 588 963 647 medullis
997 592 1121 648 eius
1152 591 1313 648 nasci
1345 591 1529 667 primo
1564 608 1671 648 eeu
1705 592 2098 666 vermiculum,

91 675 226 735 inde
256 673 385 732 fieri
421 672 660 750 pullum,
699 673 1102 749 principioque
1134 674 1282 731 iusta
1313 673 1516 732 funera
1551 675 1729 750 priori
1759 674 2025 736 reddere·
2045 684 2103 734 et

93 768 279 818 totum
323 756 558 816 deferre
603 756 793 815 nidum
827 774 1011 833 prope
1043 755 1386 816 Panchaiam
1426 760 1482 815 in
1529 757 1682 828 Solis
1729 756 1926 816 urbem
1959 768 2016 817 et
2048 759 2102 816 in

95 861 197 902 ara
230 841 310 899 ibi
343 842 661 917 deponere.
727 836 867 898 Cum
892 840 1056 899 huius
1087 841 1238 899 alitis
1272 843 1388 899 vita
1421 841 1611 916 magni
1655 843 2097 901 conversionem
2122 851 2154 902 5

94 926 229 985 anni
253 924 381 998 fieri
401 924 592 1002 prodit
619 924 769 982 idem
798 920 1097 1000 Mamilius,
1126 926 1446 1002 iterumque
1478 924 1931 1023 significationes
1961 934 2100 984 tem-

55 1035 78 1072 o
98 1017 391 1088 pestatum
425 1018 481 1066 et
525 1008 776 1066 siderum
812 1007 1046 1066 easdem
1078 1010 1326 1082 reverti,
1382 1007 1495 1068 hoc
1525 1018 1716 1067 autem
1747 1010 1901 1069 circa
1934 1010 2101 1068 meri-

97 1094 249 1152 diem
284 1093 545 1170 incipere
580 1108 693 1169 quo
728 1091 821 1150 die
856 1093 1075 1167 signum
1108 1094 1303 1162 arietis
1336 1091 1428 1150 sol
1459 1092 1790 1166 intraverit,
1833 1102 1903 1151 et
1919 1093 2103 1152 fuisse

97 1180 224 1235 eius
256 1175 658 1234 conversionis
693 1175 1213 1252 annumprodente
1247 1193 1310 1233 se
1342 1174 1402 1234 P.
1434 1175 1650 1235 Licinio
1685 1174 1787 1234 Cn.
1825 1175 2102 1236 Cornelio

99 1259 440 1331 consulibus
474 1259 925 1320 ducentesimum
983 1261 1237 1334 quintum
1269 1260 1588 1318 decumum.
1651 1257 1958 1320 Cornelius
1990 1255 2104 1319 Va-

97 1345 355 1403 lerianus
395 1342 740 1421 phoenicem
771 1342 1142 1401 devolavisse
1172 1345 1228 1400 in
1259 1342 1599 1419 Aegyptum*
1627 1343 1798 1409 tradit
1831 1344 1900 1416 Q.
1936 1343 2101 1403 Plau·

59 1429 181 1487 5tio
216 1428 357 1487 Sex.
395 1425 631 1503 Papinio
668 1425 1021 1485 consulibus,
1086 1425 1308 1485 adlatus
1338 1434 1427 1483 est
1463 1433 1522 1483 et
1561 1428 1617 1483 in
1657 1425 1859 1485 urbem
1903 1425 2106 1504 Claudi

95 1511 378 1589 principis
406 1528 671 1584 censura,
698 1525 845 1567 anno
869 1509 1030 1567 urbis
1053 1522 1277 1584 DQCC.,
1306 1518 1362 1568 et
1394 1509 1451 1566 in
1485 1510 1717 1568 comitio
1742 1513 2102 1587 propositus,

99 1596 253 1672 quod
281 1595 427 1653 actis
447 1603 714 1654 testatum
738 1603 849 1668 est,
877 1593 982 1651 sed
1008 1611 1178 1671 quem
1207 1592 1415 1651 falsum
1442 1611 1577 1652 esse
1600 1610 1768 1651 nemo
1794 1593 2101 1653 dubitaret.

226 1678 284 1739 3.
335 1676 463 1756 (3.)
511 1675 602 1750 Ex
650 1678 740 1736 his
776 1695 917 1753 quas
961 1678 1222 1737 novimus
1267 1676 1497 1754 aquilae
1545 1689 1838 1736 maxumus
1884 1678 2092 1751 honos,
2123 1685 2156 1739 6

96 1779 359 1822 maxuma
403 1770 462 1819 et
515 1762 623 1819 vis.
693 1779 800 1819 sex
842 1779 1036 1820 earum
1079 1778 1327 1839 genera:
1391 1761 1749 1820 melanaetos
1790 1780 1822 1821 a
1869 1760 2107 1821 Graecis

55 1847 256 1907 ⁰dieta
303 1845 621 1923 eademque
668 1845 916 1920 valeria,
949 1847 1193 1904 minuma
1216 1847 1641 1922 magnitudine,
1688 1847 1905 1905 viribus
1940 1863 2105 1923 prae·

101 1929 309 2008 cipua,
360 1930 565 1988 colore
598 1929 928 2005 nigricanss
971 1930 1100 1988 sola
1138 1930 1454 2007 aquilarum
1497 1928 1651 1989 fetus
1682 1948 1821 1990 suos
1855 1930 1975 2004 alit,
2011 1948 2106 1987 ce-

101 2024 284 2089 terae,
317 2022 381 2072 ut
415 2010 691 2087 dicemus,
727 2012 945 2088 fugant.
984 2008 1111 2073 sola
1143 2015 1266 2071 sine
1306 2013 1609 2090 clangore,
1642 2015 1774 2072 sine
1798 2030 2173 2072 murmura-1³

101 2101 275 2158 tione.
325 2106 705 2156 conversatur
730 2105 918 2155 autem
939 2096 996 2154 in
1017 2097 1324 2156 montibus.
1358 2098 1595 2156 secundi
1627 2099 1865 2173 generis
1897 2115 2107 2174 pygar-
2132 2102 2162 2159 7

101 2201 210 2258 gus
244 2183 302 2239 in
339 2181 571 2261 oppidis
601 2181 864 2239 mansitat
895 2189 953 2238 et
988 2182 1042 2239 in
1076 2178 1326 2259 campis,
1373 2179 1660 2240 albicante
1694 2180 1894 2247 cauda.
1954 2180 2108 2238 tertii

54 2266 445 2347 smorphnos,
484 2282 650 2341 quam
681 2262 968 2325 Homerus
1006 2274 1064 2323 et
1107 2281 1383 2342 percnum
1411 2273 1606 2338 vocat,
1653 2264 1831 2340 aliqui
1863 2272 1921 2322 et
1949 2263 2110 2339 plan-

102 2369 233 2427 gum
268 2358 329 2415 et
359 2348 695 2422 anatariam,
729 2348 983 2407 secunda
1013 2346 1400 2425 magnitudine
1438 2356 1496 2406 et
1523 2347 1602 2404 vi.
1642 2342 1778 2405 huic
1806 2347 1921 2405 vita
1954 2348 2110 2405 circa

104 2433 282 2497 lacus.
346 2430 681 2499 Phemonoe
727 2431 1020 2507 Apollinis
1068 2431 1221 2492 dicta
1269 2430 1382 2490 filia
1428 2430 1614 2507 dentis
1661 2431 1716 2488 ei
1749 2436 1882 2488 esse
1917 2430 2110 2507 prodi·

104 2516 182 2576 dit
211 2526 402 2576 mutae
438 2515 581 2574 alias
616 2514 948 2591 carentique
994 2516 1208 2591 lingua.
1280 2513 1518 2573 eandem
1562 2513 1878 2590 aquilarum
1921 2515 2110 2611 niger·

105 2602 322 2674 rimam,
364 2599 818 2676 prominentiore
865 2599 1064 2659 cauda.
1126 2599 1415 2657 consentit
1455 2606 1514 2655 et
1550 2597 1763 2657 Boeus.
1827 2599 2112 2673 ingenium

54 2693 197 2743 west
240 2685 296 2743 ei
342 2683 664 2741 testudines
702 2691 898 2760 raptas
940 2683 1213 2759 frangere
1258 2701 1290 2740 e
1335 2682 1565 2741 sublimi
1613 2681 1909 2754 iaciendo,
1966 2697 2112 2756 quae

107 2785 233 2828 sors
264 2767 557 2827 interemit
592 2775 824 2844 poetam
850 2765 1213 2842 Aeschylum
1236 2766 1588 2844 praedictam
1619 2765 1776 2839 fatis,
1810 2773 1870 2827 ut
1899 2763 2111 2836 ferunt,

108 2853 229 2913 eius
262 2851 384 2911 diei
418 2851 635 2910 ruinam
661 2868 870 2909 secura
905 2852 1054 2910 caeli
1087 2851 1201 2909 fide
1233 2859 1556 2910 caventem.
1611 2850 1764 2908 item
1791 2849 1978 2926 quarti
2011 2864 2112 2922 ge·
2137 2852 2173 2905 8

107 2936 258 2995 neris
293 2943 401 2999 est
419 2943 868 3012 percnopterus,
907 2934 1109 2994 eadem
1142 2933 1534 3012 oripelarguS,
1570 2932 1857 2992 volturina
1888 2930 2111 3007 specie,

107 3008 209 3079 alis
241 3019 529 3092 minumis,
567 3018 793 3108 reliqua
818 3014 1207 3094 magnitudine
1242 3017 1621 3091 antecellens,
1655 3015 1779 3075 sed
1787 3013 2018 3074 inbellis
2058 3021 2116 3072 et

54 3101 393 3180 ¹⁵degener,
441 3110 502 3160 ut
539 3104 706 3179 quam
746 3101 1024 3162 verberet
1064 3119 1297 3161 corvos·
1363 3101 1565 3168 eadem
1612 3102 1838 3159 ieiunae
1878 3115 2114 3175 semper

108 3185 392 3246 aviditatis
447 3193 505 3244 et
556 3186 834 3264 querulae
883 3186 1362 3249 murmurationis.
1433 3185 1560 3244 sola
1611 3182 1926 3262 aquilarum
1981 3198 2115 3241 exa·

107 3270 252 3335 nima
282 3269 402 3329 fert
435 3286 719 3349 corpora,
763 3279 1032 3345 ceterae,
1074 3282 1201 3329 cum
1237 3269 1545 3343 occidere,
1591 3267 1914 3327 considunt.
1967 3266 2117 3326 haec

106 3348 244 3439 facit
276 3362 341 3425 ut
378 3353 628 3433 quintum
656 3372 843 3431 genus
875 3346 1153 3432 γνήσιον
1203 3360 1446 3412 vocetur
1475 3352 1636 3411 velut
1673 3368 1873 3411 verum
1905 3349 2115 3409 solum-
