2320 3650
509 160 669 206 NAT.
700 159 882 207 msr.
912 161 1090 209 v1111.
1127 158 1370 212 25—30.
1408 147 1705 233 (41—48.)
1995 152 2108 213 101

89 314 261 398 quod
296 313 648 393 praedurum
682 323 770 373 est
809 313 1136 375 sufflatione
1167 317 1512 377 viventibus.
1580 326 1781 377 cetero
1813 336 1922 397 per
1948 318 2114 380 brac-

88 400 229 459 chia
260 397 428 457 velut
458 398 779 458 acetabulis
828 398 1108 477 dispersis
1146 400 1349 460 haustu
1395 402 1640 479 quodam
1673 403 2114 463 adhaerescunt.

84 492 300 560 tenent
334 482 523 560 supini
558 489 620 541 ut
652 482 828 541 avelli
873 500 986 541 non
1022 494 1256 561 queant.
1322 484 1470 545 vada
1502 502 1616 545 non
1657 485 2115 564 adprehendunt,

87 577 154 627 et
191 565 518 645 grandibus
546 566 733 625 minor
760 569 1062 628 tenacitas.
1112 567 1226 627 soli
1250 568 1503 628 mollium
1545 570 1602 628 in
1634 572 1851 630 siccum
1884 580 2117 647 exeunt,

41 664 62 702 5
88 651 399 711 dumtaxat
445 667 734 729 asperum.
808 650 1100 711 levitatem
1148 653 1348 713 odere.
1411 664 1728 713 vescuntur
1776 654 2206 729 conchylio-86

82 751 218 795 rum
257 752 470 810 carne,
506 752 748 814 quorum
780 736 1032 795 conchas
1059 736 1350 814 conplexu
1397 737 1633 798 crinium
1681 738 1970 814 frangunt.
2014 740 2116 797 ita-

85 837 210 899 que
247 818 722 897 praeiacentibus
750 820 915 878 testis
941 819 1135 880 cubile
1160 838 1361 880 eorum
1393 820 1862 899 deprehenditur.
1903 829 1962 879 et
1995 839 2120 880 cum

83 885 322 981 alioqui
347 901 578 961 'brutum
608 902 895 962 habeatur
938 903 1175 980 animal,
1208 914 1268 963 ut
1309 905 1464 984 quod
1506 904 1577 965 ad
1613 900 1837 965 manum
1872 903 2119 963 hominis

84 988 355 1060 adnatet,
387 988 444 1044 iu
482 1005 546 1046 re
580 988 1003 1066 quodammodo
1040 989 1306 1047 familiari
1339 988 1535 1049 callet.
1588 990 1776 1048 omnia
1805 990 1862 1047 in
1894 988 2121 1048 domum

33 1079 443 1149 [comportat.
490 1070 622 1130 dein
664 1072 956 1150 putamina
1004 1089 1177 1132 erosa
1231 1090 1404 1132 carne
1451 1074 1639 1149 egerit
1684 1073 2120 1150 adnatantisque

84 1153 422 1234 pisciculos
474 1153 545 1214 ad
600 1173 669 1214 ea
708 1164 970 1215 venatur.
1032 1156 1290 1236 colorem
1341 1165 1518 1215 mutat
1571 1157 1642 1218 ad
1692 1158 2118 1218 similitudinem
2137 1160 2204 1221 87

85 1239 254 1314 lotii,
295 1247 356 1300 et
401 1235 666 1298 maxume
709 1241 766 1298 in
804 1248 980 1299 metu.
1049 1242 1237 1318 ipsum
1271 1240 1550 1301 bracchia
1584 1259 1688 1301 sua
1717 1244 1932 1301 rodere
1974 1241 2122 1301 falsa

89 1323 300 1402 opinio
336 1331 446 1398 est,
478 1322 536 1382 id
569 1321 718 1382 enim
750 1341 782 1383 a
818 1325 1052 1401 congris
1084 1325 1279 1383 evenit
1314 1326 1386 1383 ei.
1449 1326 1554 1384 sed
1586 1326 1817 1386 renasci
1841 1328 1992 1385 sicut
2023 1342 2120 1383 co-

87 1408 235 1476 lotis
266 1409 336 1466 et
349 1405 594 1466 'lacertis
626 1408 838 1467 caudas
868 1407 1003 1468 haut
1032 1407 1259 1468 falsum.
1964 1403 1969 1410 ’

33 1481 70 1545 1¹5
230 1490 400 1569 (47.)
447 1481 604 1550 Inter
654 1492 971 1569 praecipua
1032 1502 1222 1552 autem
1269 1492 1545 1552 miracula
1599 1487 1688 1552 est
1734 1493 1828 1571 qui
1873 1500 2208 1555 vocatur88

83 1557 373 1649 famulos,
407 1573 478 1633 ab
516 1574 644 1635 aliis
675 1575 988 1653 pompilos
1036 1578 1274 1655 supinus
1299 1577 1355 1635 in
1391 1577 1605 1635 summa
1637 1569 1956 1656 aequorum
1987 1592 2120 1652 per-

87 1659 259 1719 venit
302 1660 380 1717 ita
412 1677 478 1717 se
509 1659 781 1738 paulatim
822 1659 1131 1736 subrigens
1175 1670 1234 1719 ut
1281 1659 1490 1719 emissa
1539 1662 1690 1719 omni
1728 1659 2121 1741 per-*fistulam

77 1760 249 1823 *aqua
298 1742 462 1801 velut
509 1753 861 1803 exoneratus
897 1746 1118 1803 sentina
1159 1744 1336 1804 facile
1384 1746 1635 1821 naviget.
1699 1754 1905 1822 postea
1941 1745 2121 1821 prima

89 1831 211 1889 duo
243 1827 520 1888 bracchia
555 1837 905 1908 retorquens
940 1829 1327 1889 membranam
1348 1832 1499 1889 inter
1531 1830 1630 1890 illa
1666 1832 1844 1888 mirae
1875 1829 2119 1888 tenuita-

33 1915 168 1973 totis
209 1911 493 1988 extendit,
532 1930 642 1991 qua
674 1911 1004 1972 velificante
1029 1915 1084 1971 in
1114 1932 1252 1974 aura
1281 1914 1496 1974 ceteris
1521 1914 1923 1990 subremigans
1954 1912 2120 1989 brac-

93 1997 245 2058 chiis
288 1995 478 2055 media
521 2013 589 2055 se
634 1998 815 2057 cauda
859 2007 921 2056 ut
972 1997 1370 2074 gubernaculo
1411 2000 1583 2075 regit.
1659 2001 1736 2058 ita
1793 1998 1952 2058 vadit
2002 1997 2119 2056 alto

57 2079 529 2142 ·Liburnicarum
560 2079 765 2141 ludens
790 2082 1059 2159 imagine,
1090 2084 1139 2141 si
1170 2083 1305 2162 quid
1326 2083 1561 2162 pavoris
1592 2083 1957 2157 interveniat,
1982 2081 2120 2141 hau-

90 2174 185 2224 sta
219 2182 286 2224 se
321 2182 594 2240 mergens
625 2182 793 2242 aqua.

227 2249 330 2310 30.
368 2249 537 2327 (48.)
583 2247 935 2329 Polyporum
966 2250 1202 2326 generis
1229 2259 1319 2309 est
1343 2266 1561 2310 ozaena
1588 2251 1738 2310 dicta
1768 2244 1805 2309 a'
1830 2249 1994 2326 gravi
2020 2267 2111 2308 ca·
2136 2256 2207 2314 89

33 2335 236 2414 εερίτίε
285 2333 505 2408 odore,
557 2331 632 2391 ob
682 2331 797 2392 hoc
849 2351 1113 2393 maxume
1165 2334 1418 2392 murenis
1442 2352 1570 2393 eam
1626 2332 2116 2393 consectantibus.

89 2417 309 2496 Polypi
338 2416 489 2475 binis
519 2416 815 2477 mensibus
849 2418 1187 2477 conduntur.
1240 2417 1400 2497 ‘ultra
1432 2414 1706 2478 bimatum
1747 2436 1863 2477 non
1899 2419 2118 2476 vivont.

94 2510 348 2581 pereunt
378 2510 569 2560 autem
592 2499 729 2560 tabe
771 2519 1023 2580 semper,
1057 2503 1307 2563 feminae
1345 2501 1596 2562 celerius
1631 2511 1688 2562 et
1718 2502 1846 2562 fere
1871 2520 1903 2562 a
1930 2511 2116 2581 partu.

90 2578 238 2646 Non*
277 2594 409 2644 sunt
470 2587 897 2664 praetereunda
954 2595 1010 2645 et
1055 2580 1405 2646 L.'Lucullo
1450 2585 1809 2664 proconsule
1844 2585 2120 2645 Baeticae

87 2662 385 2751 'conperta
433 2666 794 2748 de‘polypis
852 2684 1001 2749 quae
1036 2669 1280 2730 Trebius
1329 2668 1513 2747 Niger
1558 2689 1591 2731 e
1638 2669 1942 2731 comitibus
1997 2672 2121 2728 eius

33 2752 379 2834 nopr‘odidit:
430 2753 792 2813 avidissimos
826 2772 961 2814 esse
996 2754 1377 2831 concharum,
1424 2754 1556 2814 illas
1604 2754 1674 2816 ad
1717 2763 1931 2814 tactum
1978 2762 2206 2816 con-90

37 2889 48 2897 .
87 2834 265 2918 primi
296 2837 693 2916 praecidentis
729 2837 1002 2898 bracchia
1052 2856 1251 2898 eorum
1293 2839 1563 2917 ultroque
1613 2856 1808 2899 escam
1841 2857 1917 2897 ex
1948 2855 2118 2916 prae·

94 2920 268 2982 dante
307 2939 547 3001 capere.
598 2932 796 2981 carent
827 2923 1087 2982 conchae
1125 2926 1253 2983 visu
1288 2924 1557 3001 omnique
1590 2923 1909 2984 sensualio
1951 2937 2119 3000 quam

95 3004 209 3066 cibi
246 3015 307 3066 et
334 3006 607 3085 periculi.
672 3007 1010 3067 insidiantur
1043 3024 1188 3083 ergo
1222 3007 1428 3086 polypi
1465 3010 1706 3086 apertiS,
1740 3006 2116 3085 inpositoque

92 3084 302 3170 lapillo
336 3099 505 3150 extra
538 3107 774 3169 corpus,
801 3108 874 3149 ne
906 3090 1186 3169 palpitatu
1220 3092 1479 3150 eiciatur.
1514 3093 1591 3151 ita
1622 3093 1816 3150 securi
1845 3108 2121 3175 grassan3

33 3176 186 3233 tatur
219 3174 661 3254 ‘extrahuntque
698 3193 923 3235 carnes.
992 3174 1130 3234 illae
1175 3192 1242 3233 se
1289 3174 1663 3253 contrahunt,
1723 3174 1829 3235 sed
1878 3175 2114 3250 frustra,

92 3256 495 3319 diseuueatae.
569 3266 727 3318 tanta
771 3258 1033 3319 sollertia
1065 3258 1391 3319 animalium
1447 3258 1837 3319 hebetissimis
1883 3276 2114 3338 quoque

95 3346 200 3401 est.
233 3351 555 3422 praeterea
585 3353 763 3421 negat
793 3342 971 3402 ullum
1001 3344 1256 3411 atrocius
1286 3359 1421 3402 esse
1455 3343 1661 3403 animal
1695 3344 1766 3404 ad
1799 3343 2110 3403 conficien-
2131 3349 2199 3403 91

94 3423 550 3487 dumhominem
579 3428 638 3486 iu
672 3442 839 3506 aqua.
882 3426 1130 3488 luctatur
1159 3429 1308 3486 enim
1341 3428 1633 3507 conplexu
1668 3438 1727 3488 et
1752 3428 1953 3488 sorbet
1980 3442 2111 3486 ace-

2190 3556 2260 3590 A
