2320 3650
779 104 1105 152 EDITORIS
1140 102 1556 151 PRAEFATIO.
2127 106 2171 150 V

150 236 497 341 reparandis).
527 263 613 318 Sic
632 264 793 334 magis
816 278 958 333 quam
987 270 1123 318 antea
1151 261 1312 316 elucet
1332 276 1452 332 quae
1473 263 1597 316 inter
1617 276 1671 316 se
1700 261 2012 326 cohaereant,
2047 276 2170 331 quae

149 352 200 407 ad
234 351 438 422 singula
476 347 775 416 explananda
809 346 905 400 sint
937 346 1118 411 addita,
1168 350 1217 399 et
1250 359 1392 400 verus
1434 351 1589 399 exstat
1630 352 1902 400 ceterorum
1936 343 2168 399 librorum

147 435 297 499 index,
311 448 411 487 nec
433 432 606 501 paucis
625 430 748 489 locis
768 431 984 498 apparuit
1005 444 1117 484 sana
1137 442 1244 483 osse
1265 444 1321 482 ea
1334 442 1454 498 quae
1474 429 1656 482 nonita
1677 429 1865 500 digesta
1888 427 2169 482 videbantur

147 533 243 572 esse
266 521 522 584 corrupta.
590 513 649 566 In
677 520 921 567 ariolorum
949 508 1187 568 indicibus
1219 512 1427 581 primum
1455 511 1580 565 male
1611 527 1691 565 me
1715 511 1954 566 habebant
1976 511 2169 566 ablativi

144 603 191 656 in
210 619 236 655 e
261 601 572 661 desinenteS,
598 602 654 650 ut
680 594 989 667 Atheniense,
1023 595 1109 651 sed
1129 596 1270 650 lectis
1289 596 1350 649 iis
1373 610 1495 665 quae
1516 594 1660 649 habet
1681 594 1922 649 Charisius
1942 594 1980 648 1.
2004 610 2054 665 p.
2081 599 2165 661 96,

148 688 224 742 18.
246 700 298 755 p
321 687 446 746 105,
470 687 590 737 110
614 688 664 748 p
691 683 818 743 111,
845 685 944 737 155
980 680 1103 734 etF.
1119 679 1279 733 Haasii
1301 685 1413 733 nota
1437 681 1505 735 79
1524 678 1583 734 ad
1607 676 1807 749 Reisigii
1828 678 1888 732 de
1908 688 2165 750 grammat.

143 768 242 821 Lat.
266 766 537 829 lectiones,
569 763 849 831 praesertim
871 778 982 818 cum
1005 763 1166 833 apud
1152 777 1311 832 ipsum
1331 761 1537 817 Plinium
1557 762 1672 816 boni
1694 762 1885 816 codices
1904 765 1954 824 3,
1989 763 2024 817 3
2060 776 2170 816 sua-
2229 796 2238 805 -

145 851 286 904 deant
309 855 367 903 ut
392 848 590 918 legatur
610 843 792 900 Graetl
799 863 849 907 e
887 849 993 910 et7,
1025 832 1127 903 1ἁὸ
1157 844 1493 912 Hanni-ense
1514 846 1663 899 miror
1676 844 1919 916 Silligium
1941 852 1990 898 et
2011 846 2171 914 priore

143 933 224 988 illo
246 932 360 987 loco
384 938 436 984 et
459 932 509 985 in
530 929 772 984 indicibus
791 929 1022 984 librorum
1044 929 1133 983 111.-
1151 936 1202 982 et
1222 929 1364 984 VIIII.
1386 930 1633 998 scripsisse
1647 884 1814 984 Graeib
1805 929 1854 984 l
1834 947 1853 982 ι
1875 935 1922 982 et
1945 929 1990 983 in
2010 928 2169 983 indice

145 1015 252 1071 libri
273 1014 396 1069 VIII.
431 1011 650 1068 Solensi
662 1054 676 1077 ,
699 1019 749 1077 et
770 1013 877 1067 libri
898 1012 1088 1068 XXXV.
1122 1011 1335 1075 Vestali,
1361 1012 1475 1066 licet
1495 1013 1687 1067 codices
1707 1012 1782 1067 his
1801 1012 2049 1081 scripturis
2072 1027 2170 1066 non

146 1100 341 1155 omnino
365 1098 691 1167 refragentur.
753 1096 807 1149 In
831 1095 1066 1151 iudicibus
1086 1096 1318 1151 librorum
1346 1094 1479 1151 XIIII
1494 1141 1507 1163 ,
1531 1095 1641 1158 XV,
1667 1095 1821 1159 XVII,
1856 1095 2023 1151 XVIII.
2057 1110 2169 1149 cum

148 1180 397 1237 codicibus
418 1180 592 1248 scripsi
614 1177 773 1233 Attalo
801 1196 932 1251 reqe,
970 1178 1279 1234 Philometore
1303 1196 1433 1250 reqe,
1460 1179 1573 1234 licet
1593 1179 1675 1235 lib.
1700 1179 1798 1234 vn.
1821 1185 1954 1234 recte
1978 1180 2169 1250 legatur

148 1265 303 1320 Attalo
336 1281 452 1335 reqe
476 1262 810 1326 Philometore,
846 1264 955 1333 quia
988 1265 1037 1319 in
1068 1263 1226 1318 indice
1244 1263 1324 1319 lib.
1349 1262 1409 1316 X.
1442 1262 1622 1334 legitur
1654 1268 1841 1318 tantum
1861 1261 2168 1318 Philometore

145 1367 252 1421 repe
270 1355 321 1403 et
350 1348 438 1402 lib.
461 1347 551 1400 XI.
572 1344 735 1400 Attalo
755 1363 865 1417 reqe
885 1353 935 1400 et
955 1347 1108 1401 multo
1130 1347 1253 1402 infra
1273 1344 1579 1400 Philometore
1598 1363 1722 1417 φερε.

269 1428 680 1501 Orthoyraphiam
710 1430 958 1498 amplexus
1000 1445 1109 1484 sum
1148 1429 1349 1484 eandem
1392 1430 1493 1483 fere
1526 1444 1668 1499 quam
1705 1429 1939 1500 Silligius.
1993 1430 2076 1484 ubi
2118 1431 2168 1484 in

146 1516 315 1570 litteris
341 1513 671 1579 assimilandis
695 1512 755 1567 ab
778 1514 881 1569 eius
912 1514 1096 1568 ratione
1121 1513 1341 1576 discessi,
1380 1528 1436 1567 ea
1458 1519 1587 1566 certe
1626 1528 1723 1567 non
1748 1512 1971 1567 omnibus
1997 1513 2116 1567 locis
2141 1528 2167 1565 a

149 1599 314 1655 codice
335 1596 692 1667 Bambergensi
716 1596 1068 1665 comprobatur.
1096 1632 1101 1639 ·
1137 1597 1449 1650 Accusativos
1479 1596 1676 1665 pluralis
1708 1596 1894 1650 numeri
1916 1597 2166 1650 nomnium

146 1683 373 1753 genetivo
398 1695 515 1734 casu
537 1680 588 1733 in
609 1680 706 1733 izmi
728 1680 1046 1735 desinentium
1083 1686 1138 1734 ut
1158 1680 1239 1734 ille
1271 1680 1320 1733 in
1341 1680 1387 1732 is
1411 1679 1687 1746 terminavi,
1726 1679 1871 1750 idque
1905 1678 1996 1733 feci
2020 1680 2165 1733 ctiam

145 1765 263 1819 locis
306 1763 582 1829 nonnulliS,
630 1763 726 1836 ubi,
750 1763 809 1818 ab
849 1763 957 1830 illo,
1003 1762 1130 1817 haud
1175 1763 1274 1817 scio
1311 1777 1370 1816 an
1411 1763 1763 1834 perspicuitatis
1799 1776 1964 1827 causa,
2011 1763 2166 1817 fuerat

143 1849 449 1921 neglectum.
531 1847 739 1910 Quartae
771 1847 1097 1902 declinationis
1128 1846 1313 1902 formae
1350 1847 1397 1901 in
1438 1863 1497 1900 us
1529 1855 1757 1902 exeuntes
1790 1856 1977 1915 praeter
2009 1848 2165 1901 nomi·

146 1934 357 1996 nativum
393 1932 584 1985 numeri
619 1931 876 2000 singularis
914 1932 964 1984 in
1006 1931 1176 1985 codice
1209 1930 1554 2001 Bambergensi
1582 1945 1734 2000 paene
1769 1931 1946 2000 ubique
1985 1931 2162 1999 duplici

145 2033 177 2069 u
210 2015 423 2084 scriptae
453 2020 593 2077 sunt,
625 2015 675 2068 in
704 2013 1016 2072 Riccardiauo
1047 2014 1288 2068 nonnullis
1320 2013 1444 2068 locis
1476 2013 1558 2079 (ut
1576 2016 1637 2076 4,
1678 2017 1749 2071 90
1773 2015 1978 2081 silum),
2019 2029 2162 2083 quam

145 2100 383 2153 rationem
404 2111 504 2167 ego
528 2112 659 2151 eram
684 2098 1013 2166 amplexuruS‚
1036 2098 1121 2152 sed
1141 2103 1306 2166 postea
1331 2097 1448 2151 mihi
1466 2098 1565 2151 visa
1593 2104 1666 2151 est
1689 2098 1831 2150 nimis
1853 2096 2107 2152 abhorrere
2136 2112 2163 2150 a

145 2182 333 2252 vulgari
356 2196 469 2235 usu.
527 2178 746 2251 Silligius
767 2186 1022 2249 praeeunte
1043 2181 1292 2251 Wagnero
1324 2181 1469 2234 modo
1489 2181 1602 2234 haul
1632 2181 1822 2249 scripsit
1849 2180 1995 2234 modo
2016 2180 2157 2243 haud,

148 2281 239 2336 ego
262 2265 313 2318 in
336 2264 419 2318 illa
442 2264 661 2333 acquievi
692 2264 943 2333 scriptura.
1004 2262 1075 2317 De
1110 2264 1268 2318 littera
1288 2264 1321 2316 h
1343 2270 1453 2334 post
1481 2280 1535 2316 rr
1566 2278 1627 2316 ex
1663 2265 1948 2317 auctoritate
1980 2263 2161 2317 codicis

146 2346 523 2418 Bambergensis
544 2347 756 2401 tollenda
778 2346 903 2401 haud
923 2347 1026 2401 scio
1051 2363 1109 2402 an
1138 2348 1339 2420 nimium
1363 2346 1644 2400 crediderim
1657 2345 1847 2418 Silligio
1859 2347 1980 2411 (vid.
2005 2348 2157 2417 praef.

146 2447 190 2500 p.
215 2431 477 2498 1.xxlv.).
515 2436 647 2483 certe
668 2430 749 2484 ille
771 2429 924 2484 codex
945 2445 1043 2484 non
1076 2430 1272 2484 omnino
1316 2431 1408 2486 sibi
1430 2436 1644 2492 constat,
1670 2437 1717 2484 et
1741 2432 1894 2485 codex
1914 2431 1953 2483 Α
1980 2431 2160 2502 ubique

147 2529 247 2567 eam
285 2515 479 2569 videtur
512 2512 706 2566 habere.
774 2513 858 2582 His
891 2513 939 2567 in
975 2513 1118 2567 rebus
1159 2514 1200 2567 si
1234 2514 1359 2568 forte
1397 2514 1705 2585 inaequalitas
1736 2516 1968 2585 quaedam
2008 2515 2159 2569 anim·

146 2597 442 2658 advertetur,
478 2595 659 2650 idcirco
683 2594 799 2650 mihi
821 2595 973 2650 danda
994 2597 1084 2650 erit
1114 2597 1276 2662 venia,
1319 2597 1428 2666 quia
1450 2596 1666 2668 singulas
1686 2597 1905 2669 plagulas
1927 2598 2052 2668 typis
2073 2599 2157 2652 de-

144 2681 419 2735 scribendas
440 2694 591 2750 quum
607 2679 984 2786 percensebam,
1023 2694 1144 2750 quae
1166 2679 1298 2749 prius
1322 2686 1456 2734 erant
1477 2681 1743 2750 descriptae
1763 2681 1884 2735 mihi
1906 2698 2004 2735 non
2025 2687 2161 2736 erant

144 2764 199 2818 ad
222 2778 437 2832 manum.

262 2847 534 2900 Verborum
557 2846 971 2915 inter-punctiones
994 2847 1061 2900 ita
1083 2846 1262 2900 mutavi
1295 2853 1348 2901 ut
1367 2848 1597 2902 semicolo
1631 2848 1825 2902 omnino
1848 2846 2028 2902 reiecto
2049 2863 2158 2918 per-

142 2931 304 3000 paucis
344 2929 470 2984 locis
517 2928 818 2982 admitterem
854 2929 1020 2994 colon,
1071 2930 1188 2984 alias
1233 2937 1463 2999 punctum
1496 2937 1726 3001 sequente
1758 2931 1915 2985 littera
1957 2934 2154 2987 maiore.

144 3008 393 3068 Com‘mata
416 3027 542 3082 quae
572 3018 686 3067 sunt
709 3013 830 3066 inter
849 3007 1093 3082 complura
1126 3029 1247 3083 quae
1265 3022 1602 3070 enumerantur
1625 3016 1817 3069 nomina
1837 3015 2154 3079 sustulissem,

118 3097 228 3151 nisi
249 3098 545 3152 censuissem
569 3096 894 3165 perspicuitati
917 3111 1022 3150 esse
1047 3097 1410 3153 consulendum.
1464 3098 1612 3152 Multa
1634 3099 1770 3156 aliter
1801 3098 2017 3162 distinxi,
2056 3116 2155 3154 non

142 3180 189 3233 in
207 3180 434 3242 deterius,
453 3178 640 3247 opinor,
657 3193 767 3232 cum
792 3180 894 3232 aliis
916 3186 965 3235 in
986 3180 1129 3234 rebus
1150 3186 1253 3232 tum
1275 3181 1323 3234 in
1343 3180 1434 3235 hac
1454 3195 1596 3250 saepe
1614 3180 1879 3251 obsequens
1899 3181 2151 3240 Urliohsio.

73 3324 82 3331 ‚
140 3260 476 3334 Pamgraphos
492 3259 775 3332 Silligianas
789 3264 947 3331 recepi
967 3263 1133 3332 paucis
1153 3264 1275 3316 locis
1295 3264 1362 3316 ita
1383 3270 1591 3318 mutatas
1610 3271 1665 3318 ut
1685 3266 1903 3334 singulos
1927 3280 2153 3320 numeros

140 3346 487 3400 sententiarum
518 3359 675 3407 nexu,
709 3351 763 3398 ut
795 3345 912 3398 mihi
939 3345 1131 3416 quidem
1164 3345 1437 3410 videbatur,
1472 3347 1722 3415 flagitante
1753 3348 2044 3399 retraherem
2076 3346 2154 3400 vel

139 3428 408 3498 proferrem
441 3429 583 3506 serie-
605 3443 702 3498 non
735 3428 938 3482 turbata.
996 3427 1409 3498 Paragraphorum
1440 3443 1690 3491 numeros,
1731 3443 1852 3497 quos
1884 3427 2151 3484 Harduinus

2189 3515 2221 3535 A
