2320 3650
546 211 708 259 ΝΑΤ.
742 166 1185 295 H1s'r.xu.18
1219 207 1303 262 19.
1334 199 1639 276 (19—21)
1959 198 2108 260 ⁷291

126 362 359 426 Africae
389 361 510 424 ad
492 381 699 440 ingens
728 363 1129 429 documentum
1164 364 1255 423 usi
1284 379 1357 423 eo
1388 381 1584 442 pomo.
1645 381 1890 442 namque
1924 369 2113 443 perni-

127 449 258 510 ciali
285 448 417 508 odio
450 445 813 524 Carthaginis
843 443 1095 524 flagrans
1118 456 1506 527 nepotumque
1540 450 1863 508 securitatis
1892 451 2113 525 anxiuS,

129 551 252 593 cum
303 531 577 592 clamaret
631 532 782 590 omni
831 541 1032 592 senatu
1084 529 1492 608 Carthaginem
1542 532 1879 607 delendam,
1932 534 2151 593 attulit'

126 616 368 695 quodam
390 616 523 675 die'
505 634 563 675 ιιι
588 616 803 675 curiam
825 633 1175 694 praecocem
1198 634 1284 675 ex
1298 634 1366 675 ea
1391 617 1687 694 provincia
1704 617 1894 692 licum,
1922 627 2116 676 osten-

85 701 384 778 ⁵densque
415 688 703 778 patrib'us:
734 698 1136 777 Interrogo
1172 717 1300 759 vos
1318 701 1576 779 ,inquit,
1621 699 1905 785 quando
1939 699 2116 760 hanc

125 794 398 862 pomum
475 780 832 867 demptam
898 785 1184 863 putetis
1244 798 1330 843 ex
1362 780 1698 844 arbore?
1764 781 1904 851 Cum
1962 785 2111 844 inter
2132 795 2199 849 75

124 868 302 932 omnis
358 875 655 927 recentem
707 884 842 927 esse
905 876 1230 928 constaret:
1285 876 1351 933 at
1370 869 1486 945 qui
1515 869 1849 944 tertium,
1913 868 2113 947 inquit,

124 962 287 1012 ante
345 951 536 1011 diem
591 952 887 1017 scitote
938 951 1366 1030 decerptam
1413 949 1900 1029 Carthagine.
1974 961 2114 1012 tam

121 1044 348 1114 prope
382 1053 415 1094 a
445 1036 719 1094 moeris
748 1034 1106 1096 hahemus
1133 1035 1443 1095 hostem.
1496 1036 1801 1114 statimque
1834 1045 2114 1114 sumptum

63 1130 106 1170 10
124 1129 210 1178 est
241 1120 510 1179 Punicum
546 1120 776 1178 tertium
804 1118 1037 1179 bellum
1046 1137 1162 1199 quo
1195 1116 1486 1196 Carthago
1524 1119 1718 1180 deleta
1757 1127 1877 1199 est,
1920 1137 2113 1200 quam·

123 1217 286 1282 quam
320 1199 541 1262 Catone
571 1219 740 1262 anno
735 1212 1033 1281 sequente
1063 1213 1252 1282 rapto.
1312 1203 1462 1277 Quid
1494 1205 1734 1283 primum
1756 1205 1813 1263 in
1843 1220 1915 1263 eo
1945 1205 2112 1263 mire-

120 1305 274 1363 mur,
323 1301 516 1346 curam
546 1287 742 1363 ingeni
785 1304 857 1347 an
887 1288 1258 1347 occasionem
1286 1287 1606 1363 fortuitam,
1640 1287 2114 1365 celeritatemque
2191 1314 2203 1328 ’

122 1366 320 1431 cursus
346 1388 444 1430 .an
487 1370 909 1431 vehementiam
950 1369 1100 1430 viri?
1171 1389 1351 1450 super
1394 1369 1580 1431 omnia
1637 1381 1759 1448 est,
1811 1388 1925 1450 quo
1973 1372 2108 1430 nihil
2131 1381 2199 1436 76

123 1455 389 1532 equidem
418 1455 567 1514 duco
601 1450 947 1530 mirabilius,
977 1464 1191 1517 tantam
1221 1456 1375 1515 illam
1408 1454 1608 1515 urbem
1639 1465 1698 1514 et
1731 1456 1803 1515 de
1835 1463 2117 1515 terrarum

62 1548 104 1587 1⁵
124 1539 264 1612 orbe
306 1556 416 1616 per
447 1551 586 1599 cxx
627 1556 806 1598 annos
848 1539 1127 1599 aemulam
1168 1541 1331 1598 unius
1376 1540 1532 1618 pomi
1576 1547 1913 1617 argumento
1948 1557 2113 1599 ever-

119 1640 268 1698 sam,
314 1622 471 1701 quod
514 1641 628 1683 non
659 1621 871 1682 Trebia
913 1631 1011 1682 aut
1056 1622 1459 1700 Trasimenus,
1503 1640 1619 1682 nou
1666 1621 1898 1683 Cannae
1941 1622 2112 1682 busto

118 1705 355 1766 Romani
383 1708 625 1766 nominis
655 1706 943 1783 perficere
975 1716 1257 1786 potuere,
1288 1725 1402 1767 non
1433 1716 1622 1768 castra
1656 1708 1866 1767 Puniea
1896 1706 1967 1767 ad
1999 1715 2111 1765 ter·

117 1792 249 1850 tium
282 1789 531 1869 lapidem
561 1790 775 1851 vallata
802 1799 1127 1870 portaeque
1159 1788 1424 1853 Collinae
1450 1792 1783 1872 adequitans
1814 1792 1940 1870 ipse
1963 1789 2112 1851 Han·

116 1874 286 1947 nibal.
347 1881 505 1934 tanto
535 1877 775 1954 propius
813 1873 1220 1954 Carthaginem
1249 1894 1426 1957 pomo
1459 1875 1603 1938 Cato
1636 1877 1901 1937 admovit.
1951 1872 2103 1935 Coli-
2131 1882 2197 1939 77

56 1963 207 2017 ²⁰tur
251 1958 395 2018 licus
442 1957 617 2018 arbor
657 1959 712 2018 in
754 1957 886 2019 foro
922 1961 1050 2038 ipso
1091 1978 1165 2022 ac
1206 1962 1437 2022 comitio
1479 1960 1699 2023 Romae
1741 1968 1903 2035 nata,
1948 1977 2114 2019 sacra

114 2042 437 2119 fulguribus
465 2042 542 2102 ibi
562 2041 807 2102 conditis
826 2045 1126 2121 magisque
1151 2043 1226 2104 ob
1249 2044 1580 2105 memoriam
1604 2046 1726 2103 eius
1752 2060 1899 2121 quae
1924 2044 2111 2102 nutrix

115 2124 343 2186 Romuli
374 2127 467 2204 [ac
497 2125 687 2206 Remi]
730 2127 1043 2200 conditoris
1083 2128 1291 2206 imperi
1322 2130 1380 2187 in
1408 2126 1714 2205 Lupercali
1759 2127 1941 2203 prima
1974 2143 2108 2203 pro-

112 2212 286 2285 texit,
342 2210 635 2271 ruminalis
682 2210 1008 2289 appellata,
1052 2212 1318 2289 quoniam
1360 2209 1467 2271 sub
1499 2228 1568 2269 ea
1598 2212 1825 2269 inventa
1856 2217 1947 2268 est
1977 2209 2113 2288 lupa

61 2321 69 2332 .
112 2292 419 2353 infantibus
470 2293 760 2372 praebens
802 2296 1035 2371 rumim,
1089 2326 1172 2339 --
1213 2296 1291 2355 ita
1330 2292 1619 2353 vocabant
1656 2310 1979 2368 mammam,
2027 2325 2110 2336 —-

51 2377 389 2437 ²⁵miracule
430 2396 505 2437 ex
545 2396 683 2438 aere
714 2378 872 2439 iuxta
902 2378 1128 2454 dicatu,
1180 2387 1465 2455 tamquam
1496 2377 1553 2436 in
1587 2377 1873 2436 comitium
1903 2373 2112 2455 sponte

100 2461 418 2521 transisset
461 2462 600 2522 Atto
627 2461 812 2530 Navio
843 2472 1178 2540 augurante.
1233 2478 1345 2519 nee
1386 2459 1530 2519 sine*
1556 2461 1867 2539 praesagio
1914 2461 2109 2540 aliquo

111 2545 360 2620 arescit,
413 2563 727 2625 rursusque
775 2564 911 2606 cura
943 2545 1307 2606 sacerdotum
1337 2545 1564 2603 seritur.
1622 2543 1727 2608 fuit
1757 2552 1817 2604 et
1844 2554 1975 2604 ante
2005 2545 2109 2604 Sa·

108 2630 256 2688 turni
296 2629 502 2688 aedem
544 2629 703 2689 urhis
755 2647 902 2690 anno
952 2642 1148 2689 COLx.
1204 2627 1438 2688 sublata·
1478 2645 1649 2690 sacro
1695 2646 1729 2689 a
1775 2627 2109 2688 Vestalibus

107 2712 301 2787 facto,
351 2731 479 2773 cum
510 2713 727 2773 Silvani
773 2713 1135 2773 simulacrum
1178 2710 1566 2772 subverteret.
1626 2712 1833 2772 eadem
1868 2712 2102 2772 fortuito
2125 2722 2194 2776 78
2227 2713 2232 2714 ⁷

51 2806 230 2856 ³⁰satu
276 2796 418 2855 vivit
468 2798 544 2856 in'
565 2797 759 2857 medio
811 2798 978 2871 foro,
1030 2813 1142 2872 qua
1193 2795 1442 2856 sidentia
1482 2798 1687 2876 imperi
1746 2795 2111 2857 fundamenta

105 2889 338 2940 ostento
399 2880 560 2941 fatali
612 2878 838 2940 Curtius
889 2879 1166 2938 maxumis
1221 2878 1425 2957 honis,
1475 2880 1591 2940 hoc
1643 2888 1735 2939 est
1784 2881 1993 2940 virtute
2038 2897 2108 2939 ae

102 2965 322 3040 pietate
347 2982 417 3025 ac
438 2973 623 3023 morte
653 2960 955 3041 praeclara
971 3005 990 3037 ,
1016 2961 1379 3040 expleverat.
1428 2981 1616 3043 aeque
1643 2963 1879 3024 fortuita
1903 2963 2111 3024 eodem

101 3047 238 3108 loco
272 3057 365 3107 est
400 3050 531 3108 vitis
580 3055 754 3125 atque
794 3045 962 3120 olea,
1007 3045 1247 3107 umbrae
1290 3049 1476 3125 gratia
1517 3048 1827 3112 sedulitate
1874 3046 2109 3127 plebeia

99 3129 286 3191 satae.
348 3149 447 3191 ara
481 3131 612 3190 inde
641 3128 1245 3207 sublatagladiatorio
1267 3150 1504 3205 munere
1536 3133 1653 3194 divi
1682 3132 1792 3193 Iuli
1823 3132 1977 3212 quod
2004 3145 2105 3193 no·

57 3227 78 3264 5
98 3216 335 3274 vissime
369 3216 655 3291 pugnavit
670 3216 730 3274 in
758 3213 910 3273 foro.

228 3297 397 3376 (21.)
443 3297 813 3359 Admirabilis
857 3306 948 3358 est
997 3299 1154 3377 pomi
1194 3299 1437 3361 huiusce
1487 3301 1780 3362 festinatio
1822 3296 1990 3362 unius
2039 3302 2096 3360 in
2118 3309 2189 3365 79

99 3382 358 3456 cunctis,
392 3382 463 3442 ad
495 3381 872 3443 maturitatem
894 3388 1262 3463 properantis
1293 3393 1417 3447 arte
1453 3386 1709 3447 naturae.
1762 3387 1859 3447 19.
1903 3385 2103 3464 Capri·

94 3467 243 3525 licus
281 3473 522 3526 vocatur
551 3484 586 3526 e
613 3467 869 3527 silvestri
909 3486 1130 3546 genere
1170 3471 1314 3530 licus
1349 3488 1651 3551 numquam
1683 3480 2103 3548 maturescens,
2149 3535 2181 3561 Δ

1639 3553 1764 3617 19*
