2320 3650
211 163 253 236 4
901 176 962 223 0.
1010 177 1202 224 PLINI
1247 176 1549 224 sscunm

212 350 316 393 eas
356 339 555 392 tenent
599 331 809 407 sedes,
859 350 1043 408 genus
1085 341 1275 391 tamen
1325 332 1613 392 hominum
1650 351 1726 391 ex
1768 333 1838 392 iis
1881 334 1982 411 qui
2030 335 2250 411 profu-

211 424 418 492 gerant
462 424 558 476 aut
592 435 723 477 cum
758 425 1070 494 pugnatum
1107 425 1198 475 est
1244 416 1507 476 aluerant
1538 417 1830 494 hodieque
1873 427 2147 478 remanet
2178 420 2234 500 in

125 511 193 564 15
210 500 429 577 paucis.
519 501 718 562 Simile
761 509 820 560 et
865 502 919 559 in
961 499 1123 559 Italia
1168 499 1488 560 Marsorum
1533 519 1720 578 genus
1762 500 1958 574 durat,
2007 520 2166 579 quos
2199 495 2231 562 a
2315 517 2316 572 1

211 580 421 644 Circae
451 584 571 646 filio
605 593 767 644 ortos
796 584 986 644 ferunt
1016 594 1074 643 et
1095 584 1269 644 ideo
1253 603 1451 645 messe
1481 586 1552 643 iis
1581 586 1696 644 vim
1726 584 2049 663 naturalem
2078 605 2225 648 eam.
2315 589 2316 644 i

208 676 269 727 et
300 676 490 728 tamen
522 668 785 750 omnibus
814 667 1137 731 hominibus
1173 677 1374 729 contra
1409 671 1698 747 serpentis
1731 670 1880 730 inest
1915 688 2226 745 venenum,
2247 693 2265 729 5
2315 695 2316 736 1

206 753 514 832 feruntque
560 754 705 813 ictas
751 753 933 814 saliva
982 761 1043 812 ut
1085 752 1370 813 ferventis
1426 771 1613 831 aquae
1670 760 1941 813 contacta
1985 753 2223 830 fugere.

207 837 364 916 quod
408 839 457 896 si
502 838 559 896 iu
600 837 786 897 faucis
825 839 1252 914 penetraverit,
1301 839 1471 897 etiam
1513 838 1693 911 mori,
1736 837 1910 915 idque
1956 856 2227 902 maxume

203 919 432 980 humani
480 922 651 980 ieiuni
691 921 831 980 oris.
911 922 1097 999 Supra
1135 920 1494 981 Nasamonas
1540 921 1898 999 uoniinisque
1941 921 2076 980 illis.
2109 916 2225 981 Ma-

207 1004 408 1078 chlyas
440 1004 833 1080 Androgynos
878 1023 1013 1064 esse
1062 1006 1361 1083 utriusque
1408 1014 1645 1066 naturae
1691 1007 1840 1065 inter
1886 1023 1952 1065 se
1999 1005 2226 1068 vicibus

207 1089 470 1148 coeuntis
508 1085 879 1165 calliphanes
912 1088 1100 1149 tradit.
1169 1090 1524 1150 Aristoteles
1551 1089 1723 1149 adicit
1756 1088 2020 1147 dextram
2049 1108 2282 1151 mam-10

122 1183 190 1237 16
205 1189 352 1229 mam
384 1172 454 1230 iis
488 1171 750 1246 virilem,
800 1172 1024 1234 laevam
1057 1172 1400 1234 muliebrem
1433 1191 1589 1233 esse.
1681 1175 1736 1233 in
1781 1172 1989 1232 eadem
2021 1173 2228 1233 Africa

204 1254 446 1315 familias
495 1256 771 1334 quasdam
819 1257 1274 1330 effascinantium
1319 1256 1587 1335 Isigonus
1640 1267 1698 1315 et
1744 1255 2226 1334 Nymphodorus,

205 1356 447 1418 quorum
477 1340 806 1402 laudatione
833 1341 1119 1402 intereant
1144 1340 1422 1419 probata,
1458 1350 1726 1402 arescant
1747 1340 2030 1415 arbores,
2065 1358 2227 1400 emo-

202 1425 417 1483 riantur
447 1425 714 1487 ini'anteS.
781 1443 918 1486 esse
950 1426 1211 1486 eiusdem
1244 1427 1483 1502 generis
1518 1427 1574 1484 in
1604 1424 1882 1486 Triballis
1916 1432 1975 1484 et
2006 1424 2227 1500 Illyriis

205 1507 377 1567 adicit
422 1508 722 1585 Isigonus,
785 1511 881 1587 qui
923 1511 1051 1568 visu
1100 1526 1336 1587 quoque
1386 1510 1727 1570 effascinent
1781 1509 2281 1592 interirnantque15

206 1610 352 1669 quos
385 1592 593 1653 diutius
627 1595 987 1667 intueantur,
1021 1594 1181 1652 iratis
1213 1596 1533 1671 praecipue
1566 1593 1787 1668 oculis,
1833 1592 1989 1669 quod
2022 1610 2228 1654 eorum

205 1676 412 1736 malum
441 1677 672 1737 facilius
704 1680 920 1737 sentire
952 1677 1230 1755 puberes.
1277 1677 1586 1738 notabilius
1614 1696 1748 1738 esse
1782 1676 1939 1755 quod
1968 1677 2225 1755 pupillas

120 1768 187 1823 17
204 1760 367 1819 binas
399 1762 455 1819 in
487 1761 729 1838 singulis
759 1760 1011 1821 habeant
1042 1761 1249 1822 oeulis.
1314 1760 1493 1822 Huius
1525 1763 1763 1838 generis
1796 1769 1855 1822 et
1894 1759 2227 1824 feminas‘in

205 1845 475 1919 Scythia,
537 1863 685 1922 quae
730 1845 951 1905 Bithiae
990 1856 1301 1921 vocantur,
1350 1847 1542 1924 prodit
1581 1846 1986 1925 Apollonides.
2033 1892 2034 1895 ι
2071 1844 2224 1921 Phy-

203 1927 437 1993 larchus
468 1937 528 1987 et
551 1931 608 1988 in
638 1929 822 1989 Ponto
844 1928 1180 1989 Thihiorum
1208 1949 1396 2007 genus
1425 1931 1752 2009 multosque
1779 1930 1929 1990 alios
1962 1929 2227 1991 eiusdem
2243 1950 2281 1988 ιο

203 2021 476 2087 naturae,
530 2030 773 2090 quorum
816 2021 983 2072 notas
1027 2014 1197 2074 tradit
1237 2016 1292 2074 in
1333 2015 1534 2075 altero
1564 2015 1738 2074 oculo
1784 2015 2073 2090 geminam
2121 2032 2222 2092 pu-

205 2096 402 2174 pillam
433 2098 491 2161 iu
523 2097 710 2159 altero
745 2099 879 2174 equi
913 2097 1186 2174 effigiem.
1264 2099 1521 2159 eosdem*
1550 2108 1862 2177 praeterea
1892 2115 2007 2157 non
2040 2114 2225 2176 posse

202 2182 422 2257 mergi,
459 2199 533 2240 ne
564 2190 731 2240 veste
755 2182 986 2260 quidem
1019 2182 1391 2258 degravatus.
1452 2183 1587 2245 haut
1621 2182 1900 2243 dissimile
1933 2183 2002 2241 iis
2034 2199 2224 2261 genus

203 2264 559 2325 Pharnacum
599 2267 657 2324 in
686 2266 1000 2344 Aethiopia
1044 2266 1296 2344 prodidit
1326 2266 1583 2342 Damon,
1640 2284 1883 2345 quorum
1917 2265 2099 2325 sudor
2136 2275 2217 2325 ta·

118 2348 338 2412 18bem
385 2350 668 2410 contactis
715 2350 1062 2429 corporibus
1118 2351 1363 2410 adferat.
1453 2352 1694 2411 feminas
1746 2351 1977 2428 quidem
2037 2351 2285 2408 omnisn

205 2431 438 2509 ubique
465 2435 594 2493 visu
639 2451 861 2494 nocere
903 2453 1050 2511 quae
1100 2435 1366 2512 duplices
1411 2436 1664 2514 pupillas
1708 2434 1962 2494 habeant
2004 2429 2222 2492 Cicero

206 2533 437 2593 quoque
482 2519 630 2597 apud
675 2536 782 2578 nos
836 2527 1040 2578 auctor
1090 2527 1197 2577 est.
1286 2519 1435 2579 adeo
1474 2529 1748 2593 naturae,
1794 2536 1924 2577 cum
1967 2517 2222 2576 ferarum

204 2617 425 2661 morem
483 2603 762 2663 vescendi
814 2602 1070 2662 humanis
1124 2602 1451 2677 visceribus
1503 2605 1560 2662 in
1610 2603 1840 2662 homine
1893 2602 2221 2683 genuisset,

203 2686 450 2762 gignere
478 2688 648 2745 etiam
682 2689 739 2745 in
764 2695 886 2746 toto
921 2704 1172 2766 corpore
1198 2696 1257 2746 et
1288 2689 1344 2745 in
1375 2687 1731 2765 quorundam
1766 2686 1951 2745 oculis
1984 2702 2222 2762 quoque

201 2787 429 2830 venena
477 2769 726 2847 placuit,
774 2789 846 2828 ne
895 2772 1028 2848 quid
1076 2790 1317 2849 usquam
1346 2772 1480 2830 mali
1511 2780 1672 2830 esset
1708 2771 1861 2848 quod
1898 2771 1954 2827 in
1987 2769 2218 2828 homine
2238 2788 2285 2827 ιο
2315 2834 2316 2839 1

123 2862 191 2916 19
206 2871 320 2912 non
353 2863 532 2913 esset.
621 2854 769 2914 Haut
811 2855 1017 2932 procul
1053 2855 1197 2915 urbe
1235 2855 1421 2915 Roma
1457 2858 1513 2914 in
1551 2854 1911 2914 Faliscorum
1955 2869 2102 2929 agro
2140 2852 2220 2911 fa-

204 2938 393 2998 miliae
425 2947 557 2997 sunt
589 2956 810 3016 paucae
841 2957 990 3016 quae
1020 2950 1301 3001 vocantur
1323 2939 1503 3016 Hirpi.
1563 2938 1672 2999 hae
1706 2938 1992 3005 sacrificio
2029 2951 2220 2996 annuo

208 3022 363 3098 quod
400 3022 460 3080 fit
491 3023 562 3083 ad
592 3032 846 3082 montem
874 3023 1178 3085 Soractem
1212 3022 1469 3113 Apollini
1510 3041 1687 3100 super
1725 3021 2044 3082 ambustam
2081 3020 2223 3098 lig-ni
2315 3016 2316 3023 ’

209 3114 423 3164 struem
454 3106 817 3166 ambulantes
840 3125 955 3166 non
986 3108 1328 3181 aduruntur,
1365 3116 1421 3165 et
1446 3106 1522 3166 ob
1555 3106 1607 3166 id
1634 3115 1922 3184 perpetuo
1955 3112 2222 3165 senatus·

206 3188 476 3247 consulto
528 3189 763 3251 mihtiae
804 3193 1170 3269 omniumque
1223 3191 1465 3250 aliorum
1512 3208 1806 3249 munerum
1853 3190 2224 3248 vacationem
2243 3203 2291 3245 3⁵

54 3274 58 3281 ’
122 3281 192 3332 20
210 3270 442 3329 habent.
536 3272 903 3344 Quorundam
937 3277 1172 3352 corpori
1203 3284 1426 3352 partes
1435 3282 1751 3337 nascuntur
1783 3274 1868 3333 ad
1889 3272 2085 3350 aliqua
2117 3273 2221 3331 mi-

207 3352 457 3427 rabiles,
504 3356 654 3414 sicut
684 3358 879 3432 Pyrro
903 3362 1047 3434 regb
1052 3358 1268 3436 pollex
1309 3360 1364 3416 in
1396 3361 1602 3418 dextro
1636 3357 1821 3435 pede,
1865 3357 2027 3415 cuius
2062 3363 2227 3416 tactu

206 3436 448 3496 lienosis
481 3438 830 3499 medebatur
925 3441 1074 3500 hunc
1107 3444 1348 3500 cremari
1388 3459 1515 3501 cum
1549 3441 1776 3519 reliquo
1819 3457 2072 3520 corpore
2108 3455 2229 3498 non

204 3510 501 3592 &MR—(L)

4 3572 177 3644 L
258 3624 263 3644 ι
