2320 3650
608 126 770 172 NAT.
803 126 984 173 mar.
1017 127 1132 173 xv.
1170 122 1411 178 13—-15.
1477 114 1787 194 (13—17.)
2057 114 2188 178 287

169 288 344 341 scunt
398 295 727 357 pannucea.
794 278 1008 338 stolide
1052 288 1275 339 tument
1309 280 1644 358 pulmonea.
1711 291 1810 341 est
1851 281 2192 360 quibusdam

164 363 532 440 sanguineus
574 361 745 422 color
778 363 1012 440 ³origine
1044 373 1127 422 e‘x
1148 364 1300 423 mori
1332 365 1502 424 insitu
1530 373 1739 425 tracta.
1799 367 2020 426 cunctis
2046 385 2191 428 vero

171 465 327 528 quae
367 447 536 507 fuere
575 464 608 506 a
648 446 780 506 sole
819 456 1018 524 partes
1053 447 1282 508 rubent.
1338 458 1469 508 sunt
1503 458 1561 508 et
1588 464 1769 527 parva
1799 452 1986 527 gratia
2017 469 2191 530 sapo-

165 535 255 593 ris
303 541 478 610 atque
510 531 685 590 etiam
704 531 976 592 acutiora
1001 530 1189 591 odore
1218 533 1531 593 svvestria.
1585 533 1887 611 peculiare
1919 536 2191 614 inproba·

108 638 139 677 ⁵
166 619 246 678 tis
277 615 611 675 acerbitatis
639 615 964 675 convicium
992 624 1051 674 et
1079 618 1171 675 vis
1195 626 1353 676 tanta
1380 626 1442 676 ut
1469 618 1653 676 aciem
1682 618 1839 695 gladi
1867 622 2186 696 praestrin-

163 710 290 779 gat.
345 700 442 761 dat
472 709 532 760 et
556 699 740 763 farina
760 698 1315 778 vilissimisnomen,
1347 716 1688 780 quamquam
1716 703 1913 781 primis
1940 705 2187 764 adventu

163 784 532 862 decerpique
559 783 1029 862 properantibus.

300 869 395 929 15.
447 868 615 946 (16.)
672 866 893 927 Eadem
941 885 1115 928 causa
1162 870 1220 927 in
1260 870 1401 947 piris
1448 878 1674 930 taxatur
1718 871 2033 950 superbiae
2068 889 2179 931 co·
2207 880 2276 935 53

162 954 460 1032 gnomine.
513 969 697 1030 parva
717 950 909 1027 haec,
934 952 1040 1013 sed
1060 953 1366 1013 ocissima.-
1395 956 1621 1037 cunctis
1647 963 1835 1014 autem
1864 952 2190 1016 crustumia

83 1056 139 1097 10
163 1038 515 1116 gratissima.
555 1053 838 1114 proxuma
860 1035 951 1095 lais
965 1035 1218 1096 Falerna
1236 1055 1270 1097 a
1291 1049 1454 1137 potu,
1482 1022 1750 1117 qnoniam
1773 1049 1927 1099 tanta
1951 1041 2038 1099 vis
2064 1043 2189 1100 suci

162 1121 422 1183 abundat
456 1156 541 1167 --
567 1120 723 1181 lacte
748 1121 868 1180 hoc
891 1129 1137 1181 vocatur
1170 1153 1258 1166 ·-—
1287 1124 1344 1180 in
1379 1123 1469 1182 liis
1494 1140 1644 1200 quae
1674 1123 1770 1183 alii
1794 1124 1996 1183 colore
2019 1126 2186 1202 nigro

38 1260 39 1263 ,
157 1208 385 1268 donant
409 1206 636 1280 ssu-iae.
666 1205 1056 1285 reliquorum
1097 1207 1327 1266 nomina
1368 1207 1543 1266 aliter
1580 1210 1637 1266 in
1685 1207 1811 1266 aliis
1844 1217 2016 1287 atque
2060 1210 2188 1269 aliis

159 1291 316 1352 locis
361 1289 752 1368 appellantur.
842 1289 950 1350 sed
1004 1290 1294 1350 confessis
1345 1291 1506 1350 urhis
1548 1291 1855 1351 vocabulis
1910 1302 2181 1352 auctores
2206 1302 2277 1356 54

162 1392 306 1435 suos
348 1373 738 1433 nobilitavere
768 1372 1108 1434 Decimiana
1152 1384 1212 1434 et
1241 1392 1322 1434 ex
1352 1392 1423 1435 eo
1453 1384 1702 1435 tractum
1739 1377 1894 1454 quod
1928 1375 2188 1437 Pseudo-

79 1471 138 1513 ιε
161 1459 544 1520 decimiannm
583 1466 832 1533 vocant,
870 1456 1281 1521 Dolabelliana
1322 1460 1644 1536 longissimi
1688 1460 1976 1538 pedicnii‚
2020 1461 2185 1520 Pom·

161 1543 417 1622 poniana
459 1543 805 1620 cognomine
855 1559 1201 1618 mammosa,
1247 1542 1583 1618 ficei-iana,
1638 1545 1888 1603 Seviana
1930 1554 1989 1604 et
2036 1563 2186 1624 quae

160 1645 242 1688 ex
266 1627 354 1687 his
387 1635 520 1687 nata
545 1636 678 1687 sunt
705 1625 1057 1686 Turraniana
1079 1624 1443 1704 longitudine
1472 1627 1729 1706 pediculi
1759 1628 2045 1705 distantia,
2080 1628 2185 1688 Fa-

156 1712 410 1771 voniana
466 1710 640 1770 rubra
682 1710 857 1789 paulo
899 1710 1172 1789 superbis
1217 1713 1469 1788 maiora,
1518 1711 1852 1789 Lateriana‚
1906 1713 2187 1773 Aniciana

157 1795 648 1875 postautumnalia
684 1792 918 1856 acidulo
952 1812 1174 1875 sapore
1207 1796 1473 1857 iucunda.
1528 1795 1839 1857 Tiberiana
1883 1798 2185 1876 appellan-

75 1898 139 1940 ιο
162 1889 259 1941 tur
284 1896 434 1959 quae
459 1897 724 1940 maxume
745 1878 984 1940 Tiberio
1008 1882 1262 1960 principi
1289 1882 1593 1960 placuere.
1644 1883 1979 1942 colorantur
2001 1884 2185 1959 magis
2229 1945 2230 1952 χ

161 1963 298 2025 sole
341 1964 880 2043 grandescuntqne‚
917 1965 1174 2043 alioquin
1208 1967 1413 2026 eadem
1441 1975 1645 2040 essent
1678 1984 1828 2045 quae
1862 1965 2180 2025 Liceriana.

158 2049 393 2109 Patriae
421 2050 651 2109 nomina
674 2047 895 2108 habent
923 2050 1218 2109 serissima
1250 2052 1497 2109 onmium
1519 2050 1829 2124 Amerina,
1862 2050 2178 2125 Picentina,
2202 2061 2272 2112 55

157 2131 540 2208 Numantina,
572 2132 989 2208 Alexandrina,
1025 2131 1396 2209 Numidiam,
1425 2133 1655 2194 *Graeca
1681 2142 1741 2192 et
1768 2135 1824 2191 in
1858 2129 1928 2191 iis
1966 2133 2182 2192 Taren-

158 2217 316 2292 tina,
363 2217 637 2294 Signina,
652 2234 834 2295 *quae
877 2216 972 2276 alii
1019 2234 1052 2276 a
1086 2217 1291 2276 colore
1339 2227 1601 2277 testacea
1645 2216 1981 2294 appellant,
2034 2218 2183 2276 sicut

74 2319 136 2360 26
162 2300 487 2376 onychina,
530 2319 844 2380 purpurea.
914 2300 987 2360 ab
1020 2300 1286 2360 odorem
1362 2318 1525 2379 apia,
1569 2301 1801 2374 laurea,
1837 2300 2093 2360 nardina.
2150 2319 2184 2360 a

153 2395 428 2464 tempore
457 2384 790 2446 hordearia.
850 2403 884 2445 a
919 2385 1076 2444 collo
1109 2317 1525 2463 mpnffacea.
1547 2394 1607 2445 et
1641 2382 1986 2460 Coriolana,
2019 2384 2180 2444 Brut-

154 2471 238 2530 tia
284 2470 644 2547 gentilitatis.
711 2469 1101 2544 cucurbitina‚
1145 2468 1370 2529 acidula
1405 2470 1544 2530 suci.
1618 2468 1846 2529 Incerta
1888 2471 2177 2530 nominum
2199 2480 2269 2535 56

157 2571 341 2614 causa
372 2563 466 2613 est
486 2553 816 2614 barbaricis
845 2553 1236 2631 Veneriisque
1271 2571 1421 2631 quae
1455 2554 1717 2613 colorata
1749 2552 1967 2628 dicunt,
1999 2554 2181 2631 regiis

157 2656 314 2718 quae
346 2640 610 2698 minume⁴
634 2637 909 2716 pediculo
938 2638 1174 2698 sessilia
1192 2683 1209 2712 ‚
1241 2638 1503 2716 patrici-is
1521 2683 1539 2712 ‚
1569 2638 1871 2713 moeniis,
1897 2637 2180 2697 viridibus

73 2741 134 2784 30
156 2723 576 2801 oblongisque.
669 2731 982 2800 praeterea
1040 2722 1186 2782 dixit
1242 2721 1476 2782 volema
1524 2721 1821 2798 Vergilius
1871 2738 1905 2781 a
1957 2719 2181 2781 Catone

154 2816 429 2885 sumpta,
464 2808 560 2886 qui
596 2815 654 2866 et
689 2807 1008 2866 sementiva
1037 2816 1098 2865 et
1127 2814 1351 2866 mustea
1383 2807 1653 2865 nominat.

286 2891 459 2971 (17.)
507 2890 648 2951 Pars
691 2890 838 2950 haec
880 2890 1037 2950 vitae
1082 2890 1422 2969 iampridem
1467 2891 1743 2969 pervenit
1781 2890 1853 2949 ad
1877 2890 2174 2965 “columem
2197 2899 2266 2955 57

152 2976 428 3055 expertis
478 2983 690 3038 cuncta
739 2973 1099 3050 bominibus,
1155 2976 1370 3053 qnippe
1423 2992 1555 3034 cnm
1607 2972 1904 3051 Vergilius
1947 2974 2182 3033 insitam

150 3059 407 3121 nucibus
431 3059 729 3134 arbatum,
775 3058 940 3118 malis
973 3058 1294 3137 platanum,
1331 3060 1554 3120 cerasis
1590 3058 1801 3119 ulmum
1836 3059 2008 3119 dicat.
2069 3075 2181 3118 nec

72 3164 131 3207 ss
152 3145 473 3224 quicquam
524 3144 769 3222 amplius
814 3144 1136 3221 excogitari
1185 3152 1399 3222 potest.
1483 3143 1695 3203 nullum
1741 3152 1907 3202 certe
1945 3159 2180 3222 pomum

150 3246 375 3289 novum
408 3229 502 3289 diu
529 3230 644 3289 iam
675 3229 978 3289 invenitur.
1035 3246 1232 3306 neque
1263 3230 1450 3288 omnia
1479 3229 1648 3287 insita
1677 3229 1914 3287 misceri
1944 3229 2035 3288 sas
2064 3233 2179 3302 est,

150 3316 317 3375 sicut
358 3309 471 3374 nec
521 3315 716 3392 spinas
755 3315 968 3390 inseri,
1012 3312 1241 3391 quando
1285 3313 1514 3390 fulgura
1558 3312 1781 3391 expiari
1821 3329 1937 3372 non
1965 3320 2181 3390 queunt

149 3397 364 3460 facile.
428 3405 687 3477 quotque
727 3415 951 3476 genera
994 3398 1167 3457 insita
1208 3398 1454 3474 fuerint,
1509 3406 1595 3457 tot
1638 3397 1866 3477 fulg-ura
1908 3414 2025 3457 nno
2064 3396 2182 3454 ictu

2175 3527 2215 3561 A
