<?xml version="1.0" encoding="UTF-8"?>
<!DOCTYPE html PUBLIC "-//W3C//DTD XHTML 1.0 Transitional//EN"
    "http://www.w3.org/TR/xhtml1/DTD/xhtml1-transitional.dtd">
<html xmlns="http://www.w3.org/1999/xhtml" xml:lang="en" lang="en">
 <head>
  <title>
</title>
<meta http-equiv="Content-Type" content="text/html;charset=utf-8" />
  <meta name='ocr-system' content='tesseract 3.04.00' />
  <meta name='ocr-capabilities' content='ocr_page ocr_carea ocr_par ocr_line ocrx_word'/>
</head>
<body>
  <div class='ocr_page' id='page_1' title='image "./cplinisecundina00eldegoog_0374.png"; bbox 0 0 2320 3650; ppageno 0'>
   <div class='ocr_carea' id='block_1_1' title="bbox 558 57 2155 173">
    <p class='ocr_par' dir='ltr' id='par_1_1' title="bbox 558 57 2155 173">
     <span class='ocr_line' id='line_1_1' title="bbox 558 57 2155 173; baseline 0.003 -23"><span class='ocrx_word' id='word_1_1' title='bbox 558 106 719 158; x_wconf 68' lang='lat' dir='ltr'>NA&#39;E.</span> <span class='ocrx_word' id='word_1_2' title='bbox 762 93 953 151; x_wconf 73' lang='lat' dir='ltr'>ms‘r.=</span> <span class='ocrx_word' id='word_1_3' title='bbox 989 104 1108 151; x_wconf 86' lang='lat' dir='ltr'>vn.</span> <span class='ocrx_word' id='word_1_4' title='bbox 1155 100 1301 154; x_wconf 88' lang='lat'>49-—</span> <span class='ocrx_word' id='word_1_5' title='bbox 1267 107 1272 110; x_wconf 74' lang='grc'><strong>’</strong></span> <span class='ocrx_word' id='word_1_6' title='bbox 1309 100 1395 152; x_wconf 82' lang='grc'><strong>52.</strong></span> <span class='ocrx_word' id='word_1_7' title='bbox 1429 57 1748 173; x_wconf 52' lang='lat' dir='ltr'>¹(so—53.)</span> <span class='ocrx_word' id='word_1_8' title='bbox 2075 91 2155 155; x_wconf 71' lang='lat'>33</span> 
     </span>
    </p>
   </div>
   <div class='ocr_carea' id='block_1_2' title="bbox 60 235 2275 3503">
    <p class='ocr_par' dir='ltr' id='par_1_2' title="bbox 60 235 2243 588">
     <span class='ocr_line' id='line_1_2' title="bbox 60 235 2150 354; baseline 0.001 -37"><span class='ocrx_word' id='word_1_9' title='bbox 60 247 69 254; x_wconf 75' lang='grc'><strong>’</strong></span> <span class='ocrx_word' id='word_1_10' title='bbox 149 257 556 337; x_wconf 83' lang='lat' dir='ltr'>quadrinisve,</span> <span class='ocrx_word' id='word_1_11' title='bbox 559 235 761 354; x_wconf 57' lang='lat' dir='ltr'>effim</span> <span class='ocrx_word' id='word_1_12' title='bbox 793 270 939 316; x_wconf 89' lang='lat' dir='ltr'>anno</span> <span class='ocrx_word' id='word_1_13' title='bbox 972 265 1117 315; x_wconf 87' lang='lat' dir='ltr'>toto.</span> <span class='ocrx_word' id='word_1_14' title='bbox 1151 259 1336 334; x_wconf 84' lang='lat' dir='ltr'>atque</span> <span class='ocrx_word' id='word_1_15' title='bbox 1357 258 1534 316; x_wconf 84' lang='lat' dir='ltr'>etiam</span> <span class='ocrx_word' id='word_1_16' title='bbox 1558 243 1795 317; x_wconf 80' lang='lat' dir='ltr'>morlins&#39;</span> <span class='ocrx_word' id='word_1_17' title='bbox 1813 261 1916 317; x_wconf 80' lang='lat' dir='ltr'>est</span> <span class='ocrx_word' id='word_1_18' title='bbox 1933 258 2150 338; x_wconf 75' lang='lat' dir='ltr'>aliquis</span> 
     </span>
     <span class='ocr_line' id='line_1_3' title="bbox 147 325 2156 421; baseline 0.001 -21"><span class='ocrx_word' id='word_1_19' title='bbox 147 360 260 421; x_wconf 86' lang='lat' dir='ltr'>per</span> <span class='ocrx_word' id='word_1_20' title='bbox 292 342 631 419; x_wconf 83' lang='lat' dir='ltr'>sapientiam</span> <span class='ocrx_word' id='word_1_21' title='bbox 662 325 828 399; x_wconf 81' lang='lat' dir='ltr'>mori.</span> <span class='ocrx_word' id='word_1_22' title='bbox 884 340 1099 399; x_wconf 82' lang='lat' dir='ltr'>morbis</span> <span class='ocrx_word' id='word_1_23' title='bbox 1129 342 1279 399; x_wconf 90' lang='lat' dir='ltr'>enim</span> <span class='ocrx_word' id='word_1_24' title='bbox 1312 357 1543 418; x_wconf 82' lang='lat' dir='ltr'>quoque</span> <span class='ocrx_word' id='word_1_25' title='bbox 1559 341 1848 418; x_wconf 79' lang='lat' dir='ltr'>quasdam</span> <span class='ocrx_word' id='word_1_26' title='bbox 1869 342 2036 419; x_wconf 86' lang='lat' dir='ltr'>leges</span> <span class='ocrx_word' id='word_1_27' title='bbox 2059 361 2156 402; x_wconf 56' lang='lat' dir='ltr'>nat</span> 
     </span>
     <span class='ocr_line' id='line_1_4' title="bbox 148 423 2243 504; baseline 0.002 -18"><span class='ocrx_word' id='word_1_28' title='bbox 148 437 275 486; x_wconf 91' lang='lat' dir='ltr'>tura</span> <span class='ocrx_word' id='word_1_29' title='bbox 307 427 528 504; x_wconf 86' lang='lat' dir='ltr'>posuit:</span> <span class='ocrx_word' id='word_1_30' title='bbox 563 424 822 502; x_wconf 85' lang='lat' dir='ltr'>quadrini</span> <span class='ocrx_word' id='word_1_31' title='bbox 854 426 1122 483; x_wconf 82' lang='lat' dir='ltr'>circuitus</span> <span class='ocrx_word' id='word_1_32' title='bbox 1145 423 1370 483; x_wconf 81' lang='lat' dir='ltr'><strong>febrem</strong></span> <span class='ocrx_word' id='word_1_33' title='bbox 1392 442 1696 503; x_wconf 84' lang='lat' dir='ltr'>numquam</span> <span class='ocrx_word' id='word_1_34' title='bbox 1717 424 1937 503; x_wconf 88' lang='lat' dir='ltr'>bruma,</span> <span class='ocrx_word' id='word_1_35' title='bbox 1956 445 2120 485; x_wconf 86' lang='lat' dir='ltr'>num·</span> <span class='ocrx_word' id='word_1_36' title='bbox 2131 434 2243 490; x_wconf 88' lang='grc'>170</span> 
     </span>
     <span class='ocr_line' id='line_1_5' title="bbox 149 507 2157 588; baseline 0.001 -21"><span class='ocrx_word' id='word_1_37' title='bbox 149 519 319 588; x_wconf 85' lang='lat' dir='ltr'>quam</span> <span class='ocrx_word' id='word_1_38' title='bbox 349 507 608 568; x_wconf 87' lang='lat' dir='ltr'>hibernis</span> <span class='ocrx_word' id='word_1_39' title='bbox 638 507 976 567; x_wconf 75' lang='lat' dir='ltr'>mensibus·</span> <span class='ocrx_word' id='word_1_40' title='bbox 959 509 1242 587; x_wconf 72' lang='lat' dir='ltr'>incipere,</span> <span class='ocrx_word' id='word_1_41' title='bbox 1277 508 1553 586; x_wconf 84' lang='lat' dir='ltr'>quosdam</span> <span class='ocrx_word' id='word_1_42' title='bbox 1578 517 1712 587; x_wconf 87' lang='lat' dir='ltr'>post</span> <span class='ocrx_word' id='word_1_43' title='bbox 1736 511 2157 586; x_wconf 73' lang='lat' dir='ltr'>sexagesimum</span> 
     </span>
    </p>

    <p class='ocr_par' dir='ltr' id='par_1_3' title="bbox 98 592 2158 1005">
     <span class='ocr_line' id='line_1_6' title="bbox 98 592 2155 670; baseline 0 -19"><span class='ocrx_word' id='word_1_44' title='bbox 98 621 127 659; x_wconf 83' lang='lat'>5</span> <span class='ocrx_word' id='word_1_45' title='bbox 151 594 308 651; x_wconf 87' lang='lat' dir='ltr'>vitae</span> <span class='ocrx_word' id='word_1_46' title='bbox 342 593 585 669; x_wconf 85' lang='lat' dir='ltr'>spatium</span> <span class='ocrx_word' id='word_1_47' title='bbox 617 609 732 651; x_wconf 88' lang='lat' dir='ltr'>non</span> <span class='ocrx_word' id='word_1_48' title='bbox 756 592 1073 668; x_wconf 78' lang='lat' dir='ltr'>accidere,</span> <span class='ocrx_word' id='word_1_49' title='bbox 1111 592 1257 652; x_wconf 90' lang='lat' dir='ltr'>alios</span> <span class='ocrx_word' id='word_1_50' title='bbox 1294 592 1599 670; x_wconf 82' lang='lat' dir='ltr'>pubertate</span> <span class='ocrx_word' id='word_1_51' title='bbox 1632 593 1881 669; x_wconf 80' lang='lat' dir='ltr'>deponi,</span> <span class='ocrx_word' id='word_1_52' title='bbox 1911 611 1952 651; x_wconf 83' lang='lat' dir='ltr'>a</span> <span class='ocrx_word' id='word_1_53' title='bbox 1985 594 2155 652; x_wconf 70' lang='lat' dir='ltr'>femi-</span> 
     </span>
     <span class='ocr_line' id='line_1_7' title="bbox 149 673 2158 775; baseline 0 -40"><span class='ocrx_word' id='word_1_54' title='bbox 149 678 240 736; x_wconf 82' lang='lat' dir='ltr'>ni&#39;s</span> <span class='ocrx_word' id='word_1_55' title='bbox 272 673 628 775; x_wconf 70' lang='lat' dir='ltr'>praecipue,</span> <span class='ocrx_word' id='word_1_56' title='bbox 676 693 850 735; x_wconf 89' lang='lat' dir='ltr'>senes</span> <span class='ocrx_word' id='word_1_57' title='bbox 890 676 1134 738; x_wconf 84' lang='lat' dir='ltr'>minume</span> <span class='ocrx_word' id='word_1_58' title='bbox 1180 678 1396 735; x_wconf 82' lang='lat' dir='ltr'>sentire</span> <span class='ocrx_word' id='word_1_59' title='bbox 1440 676 1847 754; x_wconf 84' lang='lat' dir='ltr'>pestilentiam.</span> <span class='ocrx_word' id='word_1_60' title='bbox 1913 692 2158 755; x_wconf 79' lang='lat' dir='ltr'>namque</span> 
     </span>
     <span class='ocr_line' id='line_1_8' title="bbox 148 759 2157 837; baseline -0.001 -18"><span class='ocrx_word' id='word_1_61' title='bbox 148 769 209 820; x_wconf 89' lang='lat' dir='ltr'>et</span> <span class='ocrx_word' id='word_1_62' title='bbox 238 760 522 818; x_wconf 84' lang='lat' dir='ltr'>universis</span> <span class='ocrx_word' id='word_1_63' title='bbox 553 760 822 836; x_wconf 86' lang='lat' dir='ltr'>gentibus</span> <span class='ocrx_word' id='word_1_64' title='bbox 850 762 1119 837; x_wconf 85' lang='lat' dir='ltr'>ingruunt</span> <span class='ocrx_word' id='word_1_65' title='bbox 1151 759 1360 835; x_wconf 80' lang='lat' dir='ltr'>morbi,</span> <span class='ocrx_word' id='word_1_66' title='bbox 1396 769 1452 820; x_wconf 89' lang='lat' dir='ltr'>et</span> <span class='ocrx_word' id='word_1_67' title='bbox 1484 761 1802 837; x_wconf 79' lang='lat' dir='ltr'>generatim</span> <span class='ocrx_word' id='word_1_68' title='bbox 1830 760 2002 820; x_wconf 85' lang='lat' dir='ltr'>modo</span> <span class='ocrx_word' id='word_1_69' title='bbox 2028 780 2157 819; x_wconf 80' lang='lat' dir='ltr'>ser</span> 
     </span>
     <span class='ocr_line' id='line_1_9' title="bbox 142 835 2156 921; baseline 0 -19"><span class='ocrx_word' id='word_1_70' title='bbox 142 845 303 906; x_wconf 80' lang='lat' dir='ltr'>vitiis</span> <span class='ocrx_word' id='word_1_71' title='bbox 332 843 504 902; x_wconf 87' lang='lat' dir='ltr'>modo</span> <span class='ocrx_word' id='word_1_72' title='bbox 545 856 855 921; x_wconf 87' lang='lat' dir='ltr'>procerum</span> <span class='ocrx_word' id='word_1_73' title='bbox 894 845 1080 903; x_wconf 91' lang='lat' dir='ltr'>ordini</span> <span class='ocrx_word' id='word_1_74' title='bbox 1119 835 1390 921; x_wconf 61' lang='lat' dir='ltr'>afflsque</span> <span class='ocrx_word' id='word_1_75' title='bbox 1429 861 1536 921; x_wconf 89' lang='lat' dir='ltr'>per</span> <span class='ocrx_word' id='word_1_76' title='bbox 1564 844 1799 920; x_wconf 83' lang='lat' dir='ltr'>gradus.</span> <span class='ocrx_word' id='word_1_77' title='bbox 1861 861 1973 921; x_wconf 84' lang='lat' dir='ltr'>qua</span> <span class='ocrx_word' id='word_1_78' title='bbox 2003 846 2070 903; x_wconf 91' lang='lat' dir='ltr'>in</span> <span class='ocrx_word' id='word_1_79' title='bbox 2090 862 2156 903; x_wconf 88' lang='lat' dir='ltr'>re</span> 
     </span>
     <span class='ocr_line' id='line_1_10' title="bbox 149 926 2156 1005; baseline -0.001 -19"><span class='ocrx_word' id='word_1_80' title='bbox 149 927 522 986; x_wconf 83' lang='lat' dir='ltr'>observatum</span> <span class='ocrx_word' id='word_1_81' title='bbox 555 945 586 985; x_wconf 90' lang='lat' dir='ltr'>a</span> <span class='ocrx_word' id='word_1_82' title='bbox 627 928 953 987; x_wconf 85' lang='lat' dir='ltr'>meridianis</span> <span class='ocrx_word' id='word_1_83' title='bbox 994 926 1252 1005; x_wconf 84' lang='lat' dir='ltr'>partibus</span> <span class='ocrx_word' id='word_1_84' title='bbox 1281 928 1352 986; x_wconf 87' lang='lat' dir='ltr'>ad</span> <span class='ocrx_word' id='word_1_85' title='bbox 1384 941 1653 987; x_wconf 86' lang='lat' dir='ltr'>occasum</span> <span class='ocrx_word' id='word_1_86' title='bbox 1681 927 1828 986; x_wconf 88' lang='lat' dir='ltr'>solis</span> <span class='ocrx_word' id='word_1_87' title='bbox 1863 928 2156 1005; x_wconf 83' lang='lat' dir='ltr'>pestilen—</span> 
     </span>
    </p>

    <p class='ocr_par' dir='ltr' id='par_1_4' title="bbox 73 1011 2239 1422">
     <span class='ocr_line' id='line_1_11' title="bbox 73 1011 2158 1089; baseline -0 -19"><span class='ocrx_word' id='word_1_88' title='bbox 73 1030 127 1070; x_wconf 81' lang='grc' dir='ltr'>ιο</span> <span class='ocrx_word' id='word_1_89' title='bbox 149 1012 283 1071; x_wconf 90' lang='lat' dir='ltr'>tiam</span> <span class='ocrx_word' id='word_1_90' title='bbox 319 1028 554 1087; x_wconf 87' lang='lat' dir='ltr'>semper</span> <span class='ocrx_word' id='word_1_91' title='bbox 583 1011 701 1086; x_wconf 90' lang='lat' dir='ltr'>ire,</span> <span class='ocrx_word' id='word_1_92' title='bbox 738 1029 848 1070; x_wconf 89' lang='lat' dir='ltr'>nec</span> <span class='ocrx_word' id='word_1_93' title='bbox 881 1028 1145 1089; x_wconf 85' lang='lat' dir='ltr'>umquam</span> <span class='ocrx_word' id='word_1_94' title='bbox 1167 1012 1344 1071; x_wconf 88' lang='lat' dir='ltr'>aliter</span> <span class='ocrx_word' id='word_1_95' title='bbox 1374 1011 1533 1087; x_wconf 80' lang='lat' dir='ltr'>fere,</span> <span class='ocrx_word' id='word_1_96' title='bbox 1566 1015 1681 1069; x_wconf 91' lang='lat' dir='ltr'>non</span> <span class='ocrx_word' id='word_1_97' title='bbox 1714 1012 1923 1086; x_wconf 90' lang='lat' dir='ltr'>hieme,</span> <span class='ocrx_word' id='word_1_98' title='bbox 1946 1030 2071 1071; x_wconf 84' lang='lat' dir='ltr'>nec·</span> <span class='ocrx_word' id='word_1_99' title='bbox 2084 1020 2158 1070; x_wconf 89' lang='lat' dir='ltr'>nt</span> 
     </span>
     <span class='ocr_line' id='line_1_12' title="bbox 147 1094 2239 1173; baseline 0.001 -18"><span class='ocrx_word' id='word_1_100' title='bbox 147 1103 350 1155; x_wconf 87' lang='lat' dir='ltr'>ternos</span> <span class='ocrx_word' id='word_1_101' title='bbox 397 1094 647 1153; x_wconf 85' lang='lat' dir='ltr'>excedat</span> <span class='ocrx_word' id='word_1_102' title='bbox 700 1113 952 1154; x_wconf 89' lang='lat' dir='ltr'>menses.</span> <span class='ocrx_word' id='word_1_103' title='bbox 1040 1096 1139 1153; x_wconf 85' lang='lat'>51.</span> <span class='ocrx_word' id='word_1_104' title='bbox 1152 1094 1357 1173; x_wconf 83' lang='grc'><strong>’(52)</strong></span> <span class='ocrx_word' id='word_1_105' title='bbox 1421 1097 1531 1154; x_wconf 87' lang='lat' dir='ltr'>iam</span> <span class='ocrx_word' id='word_1_106' title='bbox 1578 1096 1740 1171; x_wconf 84' lang='lat' dir='ltr'>signa</span> <span class='ocrx_word' id='word_1_107' title='bbox 1787 1095 2013 1156; x_wconf 88' lang='lat' dir='ltr'>letalia:</span> <span class='ocrx_word' id='word_1_108' title='bbox 2061 1098 2118 1154; x_wconf 87' lang='lat' dir='ltr'>in</span> <span class='ocrx_word' id='word_1_109' title='bbox 2143 1102 2239 1157; x_wconf 80' lang='lat'>171</span> 
     </span>
     <span class='ocr_line' id='line_1_13' title="bbox 140 1165 2158 1257; baseline 0 -20"><span class='ocrx_word' id='word_1_110' title='bbox 140 1179 363 1240; x_wconf 80' lang='lat' dir='ltr'>furoris</span> <span class='ocrx_word' id='word_1_111' title='bbox 392 1177 598 1236; x_wconf 89' lang='lat' dir='ltr'>morbo</span> <span class='ocrx_word' id='word_1_112' title='bbox 640 1180 718 1238; x_wconf 88' lang='lat' dir='ltr'>ris</span> <span class='ocrx_word' id='word_1_113' title='bbox 829 1224 846 1253; x_wconf 93' lang='lat'>,</span> <span class='ocrx_word' id='word_1_114' title='bbox 892 1179 1211 1257; x_wconf 87' lang='lat' dir='ltr'>sapientiae</span> <span class='ocrx_word' id='word_1_115' title='bbox 1243 1195 1387 1237; x_wconf 83' lang='lat' dir='ltr'>vero</span> <span class='ocrx_word' id='word_1_116' title='bbox 1423 1165 1781 1254; x_wconf 81' lang='lat' dir='ltr'>aegritudine</span> <span class='ocrx_word' id='word_1_117' title='bbox 1814 1178 2158 1240; x_wconf 81' lang='lat' dir='ltr'>fimbriarum</span> 
     </span>
     <span class='ocr_line' id='line_1_14' title="bbox 148 1198 2156 1339; baseline 0 -17"><span class='ocrx_word' id='word_1_118' title='bbox 148 1279 342 1322; x_wconf 88' lang='lat' dir='ltr'>curam</span> <span class='ocrx_word' id='word_1_119' title='bbox 377 1269 450 1323; x_wconf 91' lang='lat' dir='ltr'>et.</span> <span class='ocrx_word' id='word_1_120' title='bbox 464 1198 973 1336; x_wconf 49' lang='lat' dir='ltr'>stragulafflestis</span> <span class='ocrx_word' id='word_1_121' title='bbox 1003 1262 1349 1339; x_wconf 88' lang='lat' dir='ltr'>plicaturas,</span> <span class='ocrx_word' id='word_1_122' title='bbox 1383 1280 1414 1320; x_wconf 89' lang='lat' dir='ltr'>a</span> <span class='ocrx_word' id='word_1_123' title='bbox 1448 1279 1646 1321; x_wconf 89' lang='lat' dir='ltr'>somno</span> <span class='ocrx_word' id='word_1_124' title='bbox 1683 1264 2028 1322; x_wconf 83' lang='lat' dir='ltr'>moventium</span> <span class='ocrx_word' id='word_1_125' title='bbox 2058 1281 2156 1322; x_wconf 89' lang='lat' dir='ltr'>ne-</span> 
     </span>
     <span class='ocr_line' id='line_1_15' title="bbox 147 1337 2158 1428; baseline -0.001 -23"><span class='ocrx_word' id='word_1_126' title='bbox 147 1337 438 1428; x_wconf 82' lang='lat' dir='ltr'>glectum,</span> <span class='ocrx_word' id='word_1_127' title='bbox 484 1345 784 1428; x_wconf 84' lang='lat' dir='ltr'>praefandi</span> <span class='ocrx_word' id='word_1_128' title='bbox 825 1346 1077 1405; x_wconf 90' lang='lat' dir='ltr'>humoris</span> <span class='ocrx_word' id='word_1_129' title='bbox 1127 1364 1162 1404; x_wconf 90' lang='lat' dir='ltr'>e</span> <span class='ocrx_word' id='word_1_130' title='bbox 1201 1362 1451 1422; x_wconf 89' lang='lat' dir='ltr'>corpore</span> <span class='ocrx_word' id='word_1_131' title='bbox 1497 1346 1822 1420; x_wconf 79' lang='lat' dir='ltr'>effluviuni,</span> <span class='ocrx_word' id='word_1_132' title='bbox 1856 1347 1913 1404; x_wconf 90' lang='lat' dir='ltr'>in</span> <span class='ocrx_word' id='word_1_133' title='bbox 1956 1347 2158 1406; x_wconf 91' lang='lat' dir='ltr'>oculo</span> 
     </span>
    </p>

    <p class='ocr_par' dir='ltr' id='par_1_5' title="bbox 72 1428 2160 1844">
     <span class='ocr_line' id='line_1_16' title="bbox 72 1428 2160 1507; baseline -0.001 -15"><span class='ocrx_word' id='word_1_134' title='bbox 72 1454 126 1492; x_wconf 87' lang='lat'>15</span> <span class='ocrx_word' id='word_1_135' title='bbox 149 1445 272 1488; x_wconf 86' lang='lat' dir='ltr'>rum</span> <span class='ocrx_word' id='word_1_136' title='bbox 321 1428 549 1506; x_wconf 86' lang='lat' dir='ltr'>quidem</span> <span class='ocrx_word' id='word_1_137' title='bbox 603 1438 663 1491; x_wconf 92' lang='lat' dir='ltr'>et</span> <span class='ocrx_word' id='word_1_138' title='bbox 702 1430 918 1490; x_wconf 90' lang='lat' dir='ltr'>narium</span> <span class='ocrx_word' id='word_1_139' title='bbox 962 1429 1268 1507; x_wconf 86' lang='lat' dir='ltr'>adspectu</span> <span class='ocrx_word' id='word_1_140' title='bbox 1284 1428 1593 1493; x_wconf 86' lang='lat' dir='ltr'>indubitata</span> <span class='ocrx_word' id='word_1_141' title='bbox 1637 1445 1929 1504; x_wconf 84' lang='lat' dir='ltr'>maxume,</span> <span class='ocrx_word' id='word_1_142' title='bbox 1979 1439 2160 1506; x_wconf 78' lang='lat' dir='ltr'>atque</span> 
     </span>
     <span class='ocr_line' id='line_1_17' title="bbox 146 1512 2158 1612; baseline 0 -42"><span class='ocrx_word' id='word_1_143' title='bbox 146 1516 319 1571; x_wconf 88' lang='lat' dir='ltr'>etiam</span> <span class='ocrx_word' id='word_1_144' title='bbox 360 1513 565 1590; x_wconf 87' lang='lat' dir='ltr'>supino</span> <span class='ocrx_word' id='word_1_145' title='bbox 600 1513 838 1573; x_wconf 88' lang='lat' dir='ltr'>adsidue</span> <span class='ocrx_word' id='word_1_146' title='bbox 868 1512 1102 1586; x_wconf 85' lang='lat' dir='ltr'>cubitu,</span> <span class='ocrx_word' id='word_1_147' title='bbox 1140 1529 1412 1571; x_wconf 87' lang='lat' dir='ltr'>venarum</span> <span class='ocrx_word' id='word_1_148' title='bbox 1447 1512 1796 1612; x_wconf 70' lang='lat' dir='ltr'>inaeqpabssi</span> <span class='ocrx_word' id='word_1_149' title='bbox 1839 1521 1935 1573; x_wconf 87' lang='lat' dir='ltr'>aut</span> <span class='ocrx_word' id='word_1_150' title='bbox 1964 1513 2158 1572; x_wconf 80' lang='lat' dir='ltr'>formi-</span> 
     </span>
     <span class='ocr_line' id='line_1_18' title="bbox 148 1596 2157 1675; baseline 0 -20"><span class='ocrx_word' id='word_1_151' title='bbox 148 1605 318 1655; x_wconf 89' lang='lat' dir='ltr'>cante</span> <span class='ocrx_word' id='word_1_152' title='bbox 354 1606 670 1673; x_wconf 87' lang='lat' dir='ltr'>percussu,</span> <span class='ocrx_word' id='word_1_153' title='bbox 720 1614 986 1675; x_wconf 87' lang='lat' dir='ltr'>quaeque</span> <span class='ocrx_word' id='word_1_154' title='bbox 1021 1596 1134 1656; x_wconf 84' lang='lat' dir='ltr'>alia</span> <span class='ocrx_word' id='word_1_155' title='bbox 1170 1597 1507 1674; x_wconf 87' lang='lat' dir='ltr'>Hippocrati</span> <span class='ocrx_word' id='word_1_156' title='bbox 1551 1597 1796 1673; x_wconf 79' lang='lat' dir='ltr'>principi</span> <span class='ocrx_word' id='word_1_157' title='bbox 1836 1596 2157 1658; x_wconf 82' lang='lat' dir='ltr'>medicinae</span> 
     </span>
     <span class='ocr_line' id='line_1_19' title="bbox 144 1679 2157 1757; baseline -0 -19"><span class='ocrx_word' id='word_1_158' title='bbox 144 1679 650 1740; x_wconf 76' lang='lat' dir='ltr'>observata‘sunt.</span> <span class='ocrx_word' id='word_1_159' title='bbox 712 1690 770 1739; x_wconf 90' lang='lat' dir='ltr'>et</span> <span class='ocrx_word' id='word_1_160' title='bbox 802 1691 937 1740; x_wconf 70' lang='lat' dir='ltr'>cum‘</span> <span class='ocrx_word' id='word_1_161' title='bbox 954 1680 1391 1740; x_wconf 88' lang='lat' dir='ltr'>innumerabilia</span> <span class='ocrx_word' id='word_1_162' title='bbox 1431 1681 1550 1739; x_wconf 50' lang='lat' dir='ltr'>sint*</span> <span class='ocrx_word' id='word_1_163' title='bbox 1579 1682 1780 1739; x_wconf 80' lang='lat' dir='ltr'>mortis</span> <span class='ocrx_word' id='word_1_164' title='bbox 1825 1682 2024 1757; x_wconf 79' lang='lat' dir='ltr'>signa,</span> <span class='ocrx_word' id='word_1_165' title='bbox 2068 1696 2157 1739; x_wconf 89' lang='lat' dir='ltr'>sa·</span> 
     </span>
     <span class='ocr_line' id='line_1_20' title="bbox 145 1762 2153 1844; baseline 0.001 -22"><span class='ocrx_word' id='word_1_166' title='bbox 145 1764 281 1822; x_wconf 86' lang='lat' dir='ltr'>lutis</span> <span class='ocrx_word' id='word_1_167' title='bbox 311 1764 754 1844; x_wconf 84' lang='lat' dir='ltr'>securitatisque</span> <span class='ocrx_word' id='word_1_168' title='bbox 788 1765 944 1825; x_wconf 87' lang='lat' dir='ltr'>nulla</span> <span class='ocrx_word' id='word_1_169' title='bbox 973 1774 1133 1841; x_wconf 84' lang='lat' dir='ltr'>sunt,</span> <span class='ocrx_word' id='word_1_170' title='bbox 1165 1765 1381 1844; x_wconf 81' lang='lat' dir='ltr'>&#39;quippe</span> <span class='ocrx_word' id='word_1_171' title='bbox 1415 1779 1542 1823; x_wconf 86' lang='lat' dir='ltr'>cum</span> <span class='ocrx_word' id='word_1_172' title='bbox 1575 1765 1882 1825; x_wconf 82' lang='lat' dir='ltr'>censorius·</span> <span class='ocrx_word' id='word_1_173' title='bbox 1903 1762 2048 1825; x_wconf 82' lang='lat' dir='ltr'>Ga&#39;to</span> <span class='ocrx_word' id='word_1_174' title='bbox 2082 1764 2153 1824; x_wconf 92' lang='lat' dir='ltr'>ad</span> 
     </span>
    </p>

    <p class='ocr_par' dir='ltr' id='par_1_6' title="bbox 67 1847 2248 2262">
     <span class='ocr_line' id='line_1_21' title="bbox 67 1847 2157 1928; baseline 0.001 -24"><span class='ocrx_word' id='word_1_175' title='bbox 67 1867 123 1905; x_wconf 66' lang='grc' dir='ltr'>ιιι</span> <span class='ocrx_word' id='word_1_176' title='bbox 147 1847 323 1909; x_wconf 83' lang='lat' dir='ltr'>fllium</span> <span class='ocrx_word' id='word_1_177' title='bbox 354 1847 426 1907; x_wconf 88' lang='lat' dir='ltr'>de</span> <span class='ocrx_word' id='word_1_178' title='bbox 460 1848 667 1908; x_wconf 83' lang='lat' dir='ltr'>validis</span> <span class='ocrx_word' id='word_1_179' title='bbox 700 1866 933 1927; x_wconf 91' lang='lat' dir='ltr'>quoque</span> <span class='ocrx_word' id='word_1_180' title='bbox 964 1849 1430 1908; x_wconf 82' lang='lat' dir='ltr'>observationem</span> <span class='ocrx_word' id='word_1_181' title='bbox 1475 1859 1533 1908; x_wconf 91' lang='lat' dir='ltr'>ut</span> <span class='ocrx_word' id='word_1_182' title='bbox 1569 1867 1645 1908; x_wconf 84' lang='lat' dir='ltr'>ox</span> <span class='ocrx_word' id='word_1_183' title='bbox 1686 1849 2157 1928; x_wconf 64' lang='lat' dir='ltr'>oraculo‘aliquo</span> 
     </span>
     <span class='ocr_line' id='line_1_22' title="bbox 145 1931 2158 2012; baseline -0 -23"><span class='ocrx_word' id='word_1_184' title='bbox 145 1931 468 2010; x_wconf 86' lang='lat' dir='ltr'>prodiderit</span> <span class='ocrx_word' id='word_1_185' title='bbox 500 1932 739 2009; x_wconf 75' lang='lat' dir='ltr'>senilem</span> <span class='ocrx_word' id='word_1_186' title='bbox 769 1935 1059 1993; x_wconf 84' lang='lat' dir='ltr'>iuventam</span> <span class='ocrx_word' id='word_1_187' title='bbox 1091 1935 1720 2012; x_wconf 81' lang='lat' dir='ltr'>praematurae&#39;mortis</span> <span class='ocrx_word' id='word_1_188' title='bbox 1746 1951 1880 1992; x_wconf 87' lang='lat' dir='ltr'>esse</span> <span class='ocrx_word' id='word_1_189' title='bbox 1914 1934 2158 2010; x_wconf 65' lang='lat' dir='ltr'>signum.</span> 
     </span>
     <span class='ocr_line' id='line_1_23' title="bbox 143 2015 2248 2097; baseline 0.001 -24"><span class='ocrx_word' id='word_1_190' title='bbox 143 2015 478 2074; x_wconf 87' lang='lat' dir='ltr'>morborum</span> <span class='ocrx_word' id='word_1_191' title='bbox 506 2034 651 2075; x_wconf 88' lang='lat' dir='ltr'>vero</span> <span class='ocrx_word' id='word_1_192' title='bbox 688 2026 802 2077; x_wconf 88' lang='lat' dir='ltr'>tam</span> <span class='ocrx_word' id='word_1_193' title='bbox 833 2017 1048 2076; x_wconf 81' lang='lat' dir='ltr'>infinita</span> <span class='ocrx_word' id='word_1_194' title='bbox 1079 2026 1170 2075; x_wconf 88' lang='lat' dir='ltr'>est</span> <span class='ocrx_word' id='word_1_195' title='bbox 1185 2016 1487 2076; x_wconf 86' lang='lat' dir='ltr'>multitudo</span> <span class='ocrx_word' id='word_1_196' title='bbox 1521 2026 1580 2075; x_wconf 92' lang='lat' dir='ltr'>ut</span> <span class='ocrx_word' id='word_1_197' title='bbox 1602 2015 1974 2090; x_wconf 75' lang='lat' dir='ltr'>Pherecydes</span> <span class='ocrx_word' id='word_1_198' title='bbox 2006 2018 2112 2091; x_wconf 75' lang='lat' dir='ltr'><strong>Sy&#39;·</strong></span> <span class='ocrx_word' id='word_1_199' title='bbox 2142 2022 2248 2097; x_wconf 76' lang='grc'>172</span> 
     </span>
     <span class='ocr_line' id='line_1_24' title="bbox 143 2099 2156 2177; baseline -0 -18"><span class='ocrx_word' id='word_1_200' title='bbox 143 2099 265 2159; x_wconf 89' lang='lat' dir='ltr'>rius</span> <span class='ocrx_word' id='word_1_201' title='bbox 313 2099 666 2177; x_wconf 87' lang='lat' dir='ltr'>serpentium</span> <span class='ocrx_word' id='word_1_202' title='bbox 703 2100 1061 2161; x_wconf 86' lang='lat' dir='ltr'>multitudine</span> <span class='ocrx_word' id='word_1_203' title='bbox 1107 2110 1182 2159; x_wconf 81' lang='lat' dir='ltr'>ex</span> <span class='ocrx_word' id='word_1_204' title='bbox 1224 2116 1475 2177; x_wconf 84' lang='lat' dir='ltr'>corpore</span> <span class='ocrx_word' id='word_1_205' title='bbox 1507 2101 1640 2158; x_wconf 56' lang='lat' dir='ltr'>‘eius</span> <span class='ocrx_word' id='word_1_206' title='bbox 1675 2109 2012 2177; x_wconf 79' lang='lat' dir='ltr'>erumpente</span> <span class='ocrx_word' id='word_1_207' title='bbox 2057 2118 2156 2158; x_wconf 84' lang='lat' dir='ltr'>ex-</span> 
     </span>
     <span class='ocr_line' id='line_1_25' title="bbox 142 2181 2156 2262; baseline 0 -22"><span class='ocrx_word' id='word_1_208' title='bbox 142 2184 471 2261; x_wconf 86' lang='lat' dir='ltr'>spiraverit.</span> <span class='ocrx_word' id='word_1_209' title='bbox 539 2183 879 2261; x_wconf 79' lang='lat' dir='ltr'>quibusdam</span> <span class='ocrx_word' id='word_1_210' title='bbox 914 2182 1425 2262; x_wconf 81' lang='lat' dir='ltr'>perpetua&#39;febris</span> <span class='ocrx_word' id='word_1_211' title='bbox 1466 2192 1597 2257; x_wconf 85' lang='lat' dir='ltr'>est,</span> <span class='ocrx_word' id='word_1_212' title='bbox 1623 2185 1783 2242; x_wconf 54' lang='lat' dir='ltr'>&gt;sicut</span> <span class='ocrx_word' id='word_1_213' title='bbox 1825 2181 2156 2243; x_wconf 52' lang='lat' dir='ltr'>&amp;Haece-</span> 
     </span>
    </p>

    <p class='ocr_par' dir='ltr' id='par_1_7' title="bbox 65 2266 2158 2579">
     <span class='ocr_line' id='line_1_26' title="bbox 65 2266 2158 2345; baseline -0 -19"><span class='ocrx_word' id='word_1_214' title='bbox 65 2290 122 2335; x_wconf 66' lang='grc' dir='ltr'>ιι,</span> <span class='ocrx_word' id='word_1_215' title='bbox 146 2267 281 2326; x_wconf 89' lang='lat' dir='ltr'>nati</span> <span class='ocrx_word' id='word_1_216' title='bbox 351 2266 539 2327; x_wconf 85' lang='lat' dir='ltr'>eidem</span> <span class='ocrx_word' id='word_1_217' title='bbox 576 2268 820 2329; x_wconf 86' lang='lat' dir='ltr'>triennio</span> <span class='ocrx_word' id='word_1_218' title='bbox 857 2276 1131 2345; x_wconf 71' lang='lat' dir='ltr'>supremo</span> <span class='ocrx_word' id='word_1_219' title='bbox 1165 2266 1325 2326; x_wconf 87' lang='lat' dir='ltr'>nullo</span> <span class='ocrx_word' id='word_1_220' title='bbox 1371 2267 1549 2326; x_wconf 84' lang='lat' dir='ltr'>horae</span> <span class='ocrx_word' id='word_1_221' title='bbox 1584 2274 1872 2327; x_wconf 76' lang='lat' dir='ltr'>momento</span> <span class='ocrx_word' id='word_1_222' title='bbox 1898 2267 2158 2344; x_wconf 77' lang='lat' dir='ltr'>contigit</span> 
     </span>
     <span class='ocr_line' id='line_1_27' title="bbox 140 2349 2155 2428; baseline -0.001 -18"><span class='ocrx_word' id='word_1_223' title='bbox 140 2360 398 2410; x_wconf 83' lang='lat' dir='ltr'>somnus.</span> <span class='ocrx_word' id='word_1_224' title='bbox 455 2349 760 2428; x_wconf 84' lang='lat' dir='ltr'>Antipater</span> <span class='ocrx_word' id='word_1_225' title='bbox 790 2351 1058 2412; x_wconf 90' lang='lat' dir='ltr'>Sidonius</span> <span class='ocrx_word' id='word_1_226' title='bbox 1086 2359 1263 2428; x_wconf 89' lang='lat' dir='ltr'>poeta</span> <span class='ocrx_word' id='word_1_227' title='bbox 1295 2349 1553 2410; x_wconf 80' lang='lat' dir='ltr'>o&#39;m‘nibus</span> <span class='ocrx_word' id='word_1_228' title='bbox 1578 2352 1754 2410; x_wconf 79' lang='lat' dir='ltr'>annis</span> <span class='ocrx_word' id='word_1_229' title='bbox 1769 2362 1902 2410; x_wconf 81' lang='lat' dir='ltr'>un&#39;o</span> <span class='ocrx_word' id='word_1_230' title='bbox 1894 2351 2010 2410; x_wconf 81' lang='lat' dir='ltr'>die</span> <span class='ocrx_word' id='word_1_231' title='bbox 2035 2358 2155 2410; x_wconf 85' lang='lat' dir='ltr'>tan</span> 
     </span>
     <span class='ocr_line' id='line_1_28' title="bbox 140 2433 2156 2551; baseline 0 -59"><span class='ocrx_word' id='word_1_232' title='bbox 140 2443 261 2492; x_wconf 87' lang='lat' dir='ltr'>tum</span> <span class='ocrx_word' id='word_1_233' title='bbox 283 2434 458 2493; x_wconf 89' lang='lat' dir='ltr'>natali</span> <span class='ocrx_word' id='word_1_234' title='bbox 481 2434 911 2512; x_wconf 88' lang='lat' dir='ltr'>conripiebatur</span> <span class='ocrx_word' id='word_1_235' title='bbox 932 2433 1100 2494; x_wconf 80' lang='lat' dir='ltr'>febre</span> <span class='ocrx_word' id='word_1_236' title='bbox 1127 2444 1184 2494; x_wconf 89' lang='lat' dir='ltr'>et</span> <span class='ocrx_word' id='word_1_237' title='bbox 1208 2451 1281 2493; x_wconf 91' lang='lat' dir='ltr'>eo</span> <span class='ocrx_word' id='word_1_238' title='bbox 1308 2442 1679 2533; x_wconf 81' lang='lat' dir='ltr'>consumptus</span> <span class='ocrx_word' id='word_1_239' title='bbox 1706 2442 1796 2494; x_wconf 82' lang='lat' dir='ltr'>est</span> <span class='ocrx_word' id='word_1_240' title='bbox 1816 2434 1957 2494; x_wconf 83' lang='lat' dir='ltr'>satis</span> <span class='ocrx_word' id='word_1_241' title='bbox 1973 2434 2156 2551; x_wconf 71' lang='lat' dir='ltr'>ionga</span> 
     </span>
     <span class='ocr_line' id='line_1_29' title="bbox 143 2526 513 2583; baseline 0.008 -7"><span class='ocrx_word' id='word_1_242' title='bbox 143 2526 438 2583; x_wconf 70' lang='lat' dir='ltr'>senecta.</span> <span class='ocrx_word' id='word_1_243' title='bbox 510 2572 513 2579; x_wconf 73' lang='grc'>,</span> 
     </span>
    </p>

    <p class='ocr_par' dir='ltr' id='par_1_8' title="bbox 262 2599 2241 2679">
     <span class='ocr_line' id='line_1_30' title="bbox 262 2599 2241 2679; baseline 0.002 -21.018"><span class='ocrx_word' id='word_1_244' title='bbox 262 2599 373 2659; x_wconf 90' lang='grc'>52.</span> <span class='ocrx_word' id='word_1_245' title='bbox 423 2599 591 2678; x_wconf 83' lang='lat'>(53.)</span> <span class='ocrx_word' id='word_1_246' title='bbox 651 2600 860 2663; x_wconf 83' lang='lat' dir='ltr'>Aviola</span> <span class='ocrx_word' id='word_1_247' title='bbox 894 2602 1214 2662; x_wconf 87' lang='lat' dir='ltr'>consularis</span> <span class='ocrx_word' id='word_1_248' title='bbox 1246 2603 1302 2660; x_wconf 90' lang='lat' dir='ltr'>in</span> <span class='ocrx_word' id='word_1_249' title='bbox 1324 2616 1473 2678; x_wconf 82' lang='lat' dir='ltr'>rogo</span> <span class='ocrx_word' id='word_1_250' title='bbox 1506 2600 1715 2660; x_wconf 83' lang='lat' dir='ltr'>revixit</span> <span class='ocrx_word' id='word_1_251' title='bbox 1746 2609 1836 2676; x_wconf 86' lang='lat' dir='ltr'>et,</span> <span class='ocrx_word' id='word_1_252' title='bbox 1854 2601 2122 2679; x_wconf 84' lang='lat' dir='ltr'>quoniam</span> <span class='ocrx_word' id='word_1_253' title='bbox 2143 2607 2241 2661; x_wconf 77' lang='grc'>173</span> 
     </span>
    </p>

    <p class='ocr_par' dir='ltr' id='par_1_9' title="bbox 66 2682 2155 3097">
     <span class='ocr_line' id='line_1_31' title="bbox 66 2682 2154 2764; baseline -0.003 -17"><span class='ocrx_word' id='word_1_254' title='bbox 66 2705 124 2747; x_wconf 78' lang='lat' dir='ltr'>ao</span> <span class='ocrx_word' id='word_1_255' title='bbox 147 2682 441 2743; x_wconf 83' lang='lat' dir='ltr'>subveniri</span> <span class='ocrx_word' id='word_1_256' title='bbox 487 2702 601 2745; x_wconf 83' lang='lat' dir='ltr'>non</span> <span class='ocrx_word' id='word_1_257' title='bbox 637 2690 904 2763; x_wconf 79' lang='lat' dir='ltr'>potuerat</span> <span class='ocrx_word' id='word_1_258' title='bbox 944 2686 1320 2764; x_wconf 86' lang='lat' dir='ltr'>praevalente</span> <span class='ocrx_word' id='word_1_259' title='bbox 1367 2685 1619 2760; x_wconf 82' lang='lat' dir='ltr'>flamma,</span> <span class='ocrx_word' id='word_1_260' title='bbox 1666 2685 1831 2743; x_wconf 81' lang='lat' dir='ltr'>vivos</span> <span class='ocrx_word' id='word_1_261' title='bbox 1867 2691 2154 2743; x_wconf 77' lang='lat' dir='ltr'>crematus</span> 
     </span>
     <span class='ocr_line' id='line_1_32' title="bbox 145 2767 2155 2848; baseline -0 -23"><span class='ocrx_word' id='word_1_262' title='bbox 145 2774 256 2825; x_wconf 88' lang='lat' dir='ltr'>est.</span> <span class='ocrx_word' id='word_1_263' title='bbox 320 2767 521 2827; x_wconf 89' lang='lat' dir='ltr'>similis</span> <span class='ocrx_word' id='word_1_264' title='bbox 567 2782 740 2831; x_wconf 87' lang='lat' dir='ltr'>causa</span> <span class='ocrx_word' id='word_1_265' title='bbox 776 2770 831 2827; x_wconf 89' lang='lat' dir='ltr'>in</span> <span class='ocrx_word' id='word_1_266' title='bbox 870 2768 932 2827; x_wconf 90' lang='lat' dir='ltr'>L</span> <span class='ocrx_word' id='word_1_267' title='bbox 969 2768 1159 2828; x_wconf 87' lang='lat' dir='ltr'>Lamia</span> <span class='ocrx_word' id='word_1_268' title='bbox 1199 2770 1494 2848; x_wconf 89' lang='lat' dir='ltr'>praetorio</span> <span class='ocrx_word' id='word_1_269' title='bbox 1532 2770 1659 2827; x_wconf 87' lang='lat' dir='ltr'>viro</span> <span class='ocrx_word' id='word_1_270' title='bbox 1694 2767 1952 2827; x_wconf 78' lang='lat' dir='ltr'>traditur.</span> <span class='ocrx_word' id='word_1_271' title='bbox 2027 2784 2155 2826; x_wconf 90' lang='lat' dir='ltr'>nam</span> 
     </span>
     <span class='ocr_line' id='line_1_33' title="bbox 145 2847 2148 2930; baseline 0.001 -23"><span class='ocrx_word' id='word_1_272' title='bbox 145 2847 211 2908; x_wconf 86' lang='lat' dir='ltr'>C.</span> <span class='ocrx_word' id='word_1_273' title='bbox 245 2847 471 2909; x_wconf 86' lang='lat' dir='ltr'>Aelium</span> <span class='ocrx_word' id='word_1_274' title='bbox 503 2851 872 2915; x_wconf 85' lang='lat' dir='ltr'>Tuberonem</span> <span class='ocrx_word' id='word_1_275' title='bbox 904 2861 1171 2930; x_wconf 89' lang='lat' dir='ltr'>praetura</span> <span class='ocrx_word' id='word_1_276' title='bbox 1197 2854 1451 2914; x_wconf 83' lang='lat' dir='ltr'>functum</span> <span class='ocrx_word' id='word_1_277' title='bbox 1481 2872 1513 2912; x_wconf 87' lang='lat' dir='ltr'>a</span> <span class='ocrx_word' id='word_1_278' title='bbox 1544 2861 1692 2928; x_wconf 83' lang='lat' dir='ltr'>rogo</span> <span class='ocrx_word' id='word_1_279' title='bbox 1724 2850 1965 2911; x_wconf 78' lang='lat' dir='ltr'>reIatum</span> <span class='ocrx_word' id='word_1_280' title='bbox 1995 2849 2148 2909; x_wconf 86' lang='lat' dir='ltr'>Mes-</span> 
     </span>
     <span class='ocr_line' id='line_1_34' title="bbox 140 2932 2147 3014; baseline -0.001 -20"><span class='ocrx_word' id='word_1_281' title='bbox 140 2932 288 3007; x_wconf 83' lang='lat' dir='ltr'>sala,</span> <span class='ocrx_word' id='word_1_282' title='bbox 321 2932 502 2994; x_wconf 79' lang='lat' dir='ltr'>Rufus</span> <span class='ocrx_word' id='word_1_283' title='bbox 533 2945 591 2996; x_wconf 91' lang='lat' dir='ltr'>et</span> <span class='ocrx_word' id='word_1_284' title='bbox 625 2936 893 3014; x_wconf 81' lang='lat' dir='ltr'>plerique</span> <span class='ocrx_word' id='word_1_285' title='bbox 926 2936 1170 2996; x_wconf 84' lang='lat' dir='ltr'>tradunt.</span> <span class='ocrx_word' id='word_1_286' title='bbox 1224 2936 1384 3006; x_wconf 85' lang='lat' dir='ltr'>Haec</span> <span class='ocrx_word' id='word_1_287' title='bbox 1416 2946 1507 2997; x_wconf 87' lang='lat' dir='ltr'>est</span> <span class='ocrx_word' id='word_1_288' title='bbox 1530 2936 1782 2997; x_wconf 83' lang='lat' dir='ltr'>conditio</span> <span class='ocrx_word' id='word_1_289' title='bbox 1805 2935 2147 2994; x_wconf 80' lang='lat' dir='ltr'>mortalium</span> 
     </span>
     <span class='ocr_line' id='line_1_35' title="bbox 142 3015 2150 3097; baseline 0.001 -22"><span class='ocrx_word' id='word_1_290' title='bbox 142 3016 217 3076; x_wconf 88' lang='lat' dir='ltr'>ad</span> <span class='ocrx_word' id='word_1_291' title='bbox 259 3015 362 3076; x_wconf 90' lang='lat' dir='ltr'>has</span> <span class='ocrx_word' id='word_1_292' title='bbox 399 3028 457 3077; x_wconf 90' lang='lat' dir='ltr'>et</span> <span class='ocrx_word' id='word_1_293' title='bbox 492 3021 773 3081; x_wconf 85' lang='lat' dir='ltr'>eiusmodi</span> <span class='ocrx_word' id='word_1_294' title='bbox 811 3021 1156 3083; x_wconf 88' lang='lat' dir='ltr'>occasiones</span> <span class='ocrx_word' id='word_1_295' title='bbox 1187 3021 1449 3081; x_wconf 82' lang='lat' dir='ltr'>fortunae</span> <span class='ocrx_word' id='word_1_296' title='bbox 1483 3021 1800 3097; x_wconf 76' lang='lat' dir='ltr'>gignimur,</span> <span class='ocrx_word' id='word_1_297' title='bbox 1833 3020 1913 3078; x_wconf 89' lang='lat' dir='ltr'>uti</span> <span class='ocrx_word' id='word_1_298' title='bbox 1946 3019 2017 3077; x_wconf 91' lang='lat' dir='ltr'>de</span> <span class='ocrx_word' id='word_1_299' title='bbox 2050 3017 2150 3077; x_wconf 88' lang='lat' dir='ltr'>ho-</span> 
     </span>
    </p>

    <p class='ocr_par' dir='ltr' id='par_1_10' title="bbox 64 3101 2275 3435">
     <span class='ocr_line' id='line_1_36' title="bbox 64 3101 2275 3183; baseline 0.003 -25"><span class='ocrx_word' id='word_1_300' title='bbox 64 3106 118 3166; x_wconf 65' lang='lat'>3&#39;5</span> <span class='ocrx_word' id='word_1_301' title='bbox 140 3101 292 3159; x_wconf 87' lang='lat' dir='ltr'>mine</span> <span class='ocrx_word' id='word_1_302' title='bbox 315 3119 388 3160; x_wconf 91' lang='lat' dir='ltr'>ne</span> <span class='ocrx_word' id='word_1_303' title='bbox 406 3104 576 3162; x_wconf 90' lang='lat' dir='ltr'>morti</span> <span class='ocrx_word' id='word_1_304' title='bbox 598 3104 826 3181; x_wconf 87' lang='lat' dir='ltr'>quidem</span> <span class='ocrx_word' id='word_1_305' title='bbox 849 3105 1061 3166; x_wconf 88' lang='lat' dir='ltr'>debeat</span> <span class='ocrx_word' id='word_1_306' title='bbox 1087 3104 1265 3164; x_wconf 84' lang='lat' dir='ltr'>credi.</span> <span class='ocrx_word' id='word_1_307' title='bbox 1310 3103 1653 3183; x_wconf 87' lang='lat' dir='ltr'>Reperimus</span> <span class='ocrx_word' id='word_1_308' title='bbox 1674 3105 1824 3165; x_wconf 86' lang='lat' dir='ltr'>inter</span> <span class='ocrx_word' id='word_1_309' title='bbox 1843 3102 2112 3179; x_wconf 83' lang='lat' dir='ltr'>exempla</span> <span class='ocrx_word' id='word_1_310' title='bbox 2136 3108 2236 3165; x_wconf 68' lang='lat'>174</span> <span class='ocrx_word' id='word_1_311' title='bbox 2270 3168 2275 3172; x_wconf 74' lang='grc'><strong>,</strong></span> 
     </span>
     <span class='ocr_line' id='line_1_37' title="bbox 137 3181 2150 3266; baseline 0 -23"><span class='ocrx_word' id='word_1_312' title='bbox 137 3181 480 3245; x_wconf 86' lang='lat' dir='ltr'>Hermotimi</span> <span class='ocrx_word' id='word_1_313' title='bbox 502 3184 864 3248; x_wconf 82' lang='lat' dir='ltr'>Clazomenii</span> <span class='ocrx_word' id='word_1_314' title='bbox 899 3190 1139 3263; x_wconf 85' lang='lat' dir='ltr'>animam</span> <span class='ocrx_word' id='word_1_315' title='bbox 1172 3188 1382 3248; x_wconf 85' lang='lat' dir='ltr'>relicto</span> <span class='ocrx_word' id='word_1_316' title='bbox 1411 3198 1662 3266; x_wconf 84' lang='lat' dir='ltr'>corpore</span> <span class='ocrx_word' id='word_1_317' title='bbox 1696 3200 1894 3246; x_wconf 87' lang='lat' dir='ltr'>errare</span> <span class='ocrx_word' id='word_1_318' title='bbox 1923 3187 2150 3246; x_wconf 89' lang='lat' dir='ltr'>solitam</span> 
     </span>
     <span class='ocr_line' id='line_1_38' title="bbox 137 3258 2149 3351; baseline 0.001 -26"><span class='ocrx_word' id='word_1_319' title='bbox 137 3285 463 3347; x_wconf 79' lang='lat' dir='ltr'>vagamque</span> <span class='ocrx_word' id='word_1_320' title='bbox 496 3288 529 3328; x_wconf 89' lang='lat' dir='ltr'>e</span> <span class='ocrx_word' id='word_1_321' title='bbox 561 3270 873 3349; x_wconf 85' lang='lat' dir='ltr'>longinquo</span> <span class='ocrx_word' id='word_1_322' title='bbox 897 3258 1074 3332; x_wconf 88' lang='lat' dir='ltr'>multa</span> <span class='ocrx_word' id='word_1_323' title='bbox 1097 3272 1427 3332; x_wconf 86' lang='lat' dir='ltr'>adnuntiare</span> <span class='ocrx_word' id='word_1_324' title='bbox 1454 3289 1602 3351; x_wconf 89' lang='lat' dir='ltr'>quae</span> <span class='ocrx_word' id='word_1_325' title='bbox 1634 3272 1742 3330; x_wconf 87' lang='lat' dir='ltr'>nisi</span> <span class='ocrx_word' id='word_1_326' title='bbox 1773 3289 1805 3331; x_wconf 89' lang='lat' dir='ltr'>a</span> <span class='ocrx_word' id='word_1_327' title='bbox 1836 3279 2149 3349; x_wconf 86' lang='lat' dir='ltr'>praesente</span> 
     </span>
     <span class='ocr_line' id='line_1_39' title="bbox 138 3352 2198 3435; baseline 0.002 -26"><span class='ocrx_word' id='word_1_328' title='bbox 138 3352 307 3410; x_wconf 86' lang='lat' dir='ltr'>nosci</span> <span class='ocrx_word' id='word_1_329' title='bbox 347 3370 463 3411; x_wconf 88' lang='lat' dir='ltr'>non</span> <span class='ocrx_word' id='word_1_330' title='bbox 505 3364 778 3430; x_wconf 89' lang='lat' dir='ltr'>possent,</span> <span class='ocrx_word' id='word_1_331' title='bbox 826 3373 1077 3435; x_wconf 89' lang='lat' dir='ltr'>corpore</span> <span class='ocrx_word' id='word_1_332' title='bbox 1118 3358 1342 3418; x_wconf 87' lang='lat' dir='ltr'>interim</span> <span class='ocrx_word' id='word_1_333' title='bbox 1390 3356 1735 3432; x_wconf 87' lang='lat' dir='ltr'>semianimi,</span> <span class='ocrx_word' id='word_1_334' title='bbox 1780 3354 1971 3415; x_wconf 86' lang='lat' dir='ltr'>donec</span> <span class='ocrx_word' id='word_1_335' title='bbox 2018 3371 2145 3413; x_wconf 87' lang='lat' dir='ltr'>cre·</span> <span class='ocrx_word' id='word_1_336' title='bbox 2195 3400 2198 3405; x_wconf 43' lang='lat'>&gt;</span> 
     </span>
    </p>

    <p class='ocr_par' dir='ltr' id='par_1_11' title="bbox 226 3436 1821 3503">
     <span class='ocr_line' id='line_1_40' title="bbox 226 3436 1821 3503; baseline 0.005 -14"><span class='ocrx_word' id='word_1_337' title='bbox 226 3452 364 3494; x_wconf 71' lang='lat' dir='ltr'>rus.</span> <span class='ocrx_word' id='word_1_338' title='bbox 395 3456 523 3494; x_wconf 59' lang='lat' dir='ltr'>nar.</span> <span class='ocrx_word' id='word_1_339' title='bbox 552 3457 689 3496; x_wconf 81' lang='lat' dir='ltr'>msr.</span> <span class='ocrx_word' id='word_1_340' title='bbox 722 3443 784 3496; x_wconf 90' lang='lat'>11.</span> <span class='ocrx_word' id='word_1_341' title='bbox 1782 3436 1821 3503; x_wconf 82' lang='grc'><strong>3</strong></span> 
     </span>
    </p>
   </div>
  </div>
 </body>
</html>
