2320 3650
115 51 197 113 62
806 65 865 113 c,
908 67 1103 113 Pmm
1150 67 1449 114 sncnxm

113 237 218 299 pas
250 222 366 280 late
399 220 630 280 deserta
665 220 834 295 regio
868 229 959 279 est
989 238 1022 279 a
1055 220 1461 296 scorpionibus
1504 229 1563 278 et
1619 219 1904 298 solipugis
1948 232 2139 299 gente

115 305 374 378 sublata,
428 314 486 363 et
522 321 554 363 a
560 304 1008 395 scolopendris
1061 303 1302 363 abactos
1361 302 1735 363 Rhoetiensis
1789 314 1996 365 auctor
2040 316 2137 365 est

113 349 582 465 Theophrastus.
632 388 750 447 Sed
798 387 870 447 ad
903 388 1128 466 reliqua
1166 387 1416 450 ferarum
1446 406 1668 464 genera
1702 388 2033 449 redeamuS.

28 484 128 534 105
272 473 371 532 30.
413 475 546 552 (44.
552 475 580 550 )
616 471 870 546 Hyaenis
894 482 1196 549 utramque
1221 490 1364 530 esse
1388 482 1645 531 naturam
1676 482 1735 532 et
1765 473 2012 533 alternis
2032 492 2136 535 an-

114 558 198 615 nis
229 559 401 617 maris
442 557 678 617 alternis
710 556 951 616 feminas
987 556 1135 629 fieri,
1164 575 1374 633 parere
1406 559 1529 615 sine
1561 575 1720 616 mare
1750 558 1966 633 volgus
2000 576 2132 617 cre·
2154 585 2179 623 ⁵

114 641 214 715 dit,
248 642 599 701 Aristoteles
630 634 825 717 negat.
872 641 1086 700 collum
1118 650 1176 699 et
1198 640 1331 700 iuba
1363 650 1423 699 et
1452 642 1667 701 unitate
1694 642 1899 719 spinae
1939 643 2134 719 porri-

31 735 131 788 106
144 729 318 802 gitur,
336 726 609 803 flectique
635 727 744 784 nisi
779 727 1128 784 circumactu
1153 727 1620 803 totiuscorporis
1640 742 1756 785 non
1779 728 1917 803 quit.
1950 726 2135 805 multa

113 821 423 889 praeterea
452 810 591 868 mira
626 808 957 884 traduntur,
1001 809 1107 867 sed
1154 827 1417 868 maxume
1457 827 1789 869 sermonem
1821 810 2134 870 humanum

111 896 262 954 inter
301 904 596 972 pastorum
647 892 872 953 stabula
917 893 1301 969 adsimulare,
1365 910 1693 973 nomenque
1738 894 1984 953 alicuius
2032 895 2133 955 ad-

115 979 261 1038 disci
298 996 469 1056 quem
501 987 803 1036 evocatum
833 977 975 1038 foris
1004 977 1248 1053 laceret,
1289 980 1424 1037 item
1469 980 1845 1038 vomitionem
1880 978 2197 1044 hominism

116 1063 317 1121 imitari
343 1062 416 1122 ad
463 1059 866 1121 sollicitandos
907 1080 1089 1122 canes
1126 1079 1274 1141 quos
1326 1062 1572 1122 invadat.
1627 1062 1716 1139 ab⁸
1742 1079 1854 1121 uno
1900 1062 2136 1124 animali

117 1146 429 1224 sepulchra
473 1147 596 1204 erui
634 1146 1000 1224 inquisitione
1046 1164 1374 1224 corporum.
1457 1148 1728 1207 feminam
1779 1162 1914 1206 raro
1973 1148 2131 1225 capi.

117 1230 302 1289 oculis
343 1229 500 1289 mille
547 1248 681 1289 esse
726 1232 1040 1291 varietates
1097 1231 1475 1310 colorumque
1527 1232 1893 1291 mutationes.
1956 1248 2131 1308 prae·

115 1325 278 1374 terea
311 1313 547 1373 umbrae
593 1316 716 1374 eius
761 1325 1029 1375 contactu
1078 1334 1257 1375 canes
1297 1316 1728 1376 obmutescere.
1795 1325 1854 1375 et
1889 1313 2131 1391 quibus.—

115 1401 242 1460 dam
264 1401 508 1476 magicis
533 1400 751 1459 artibus
777 1418 945 1460 omne
972 1401 1177 1460 animal
1208 1400 1363 1477 quod
1384 1410 1477 1459 ter
1504 1400 1836 1460 lustraverit
1860 1400 1918 1457 in
1942 1401 2125 1459 vesti·
2151 1417 2200 1457 15

33 1492 130 1547 107
147 1486 246 1561 gio
288 1484 556 1544 haerere.
635 1485 806 1563 (45.)
849 1484 1027 1544 Huius
1059 1486 1494 1560 generis·coitu
1533 1484 1741 1544 leaena
1773 1483 2134 1562 Aethiopica

115 1571 263 1647 parit
287 1577 680 1643 corocottam,
704 1570 991 1628 *similiter
1036 1585 1221 1627 voces
1248 1570 1560 1628 imitantem
1607 1569 1896 1635 hominum
1943 1585 2132 1648 peco-

114 1672 374 1752 rumque.
445 1654 605 1712 acies
650 1654 703 1711 ei
751 1663 1032 1731 perpetua
1078 1654 1133 1711 in
1175 1663 1418 1731 utraque
1440 1662 1607 1731 parte
1641 1654 1759 1712 oris
1792 1652 1966 1712 nullis
2002 1654 2130 1730 gin-

115 1739 289 1813 givis,
310 1737 487 1798 dente
527 1738 817 1812 continue,
854 1756 926 1796 ne
964 1738 1257 1803 contrario
1281 1755 1542 1797 occursu
1575 1737 1885 1797 hebetetur
1921 1754 2131 1815 capsa-

115 1841 236 1880 rum
278 1822 450 1881 modo
499 1820 823 1881 includitur.
891 1821 1181 1882 hominum
1232 1839 1534 1882 sermones
1573 1823 1780 1883 imitari
1821 1831 1881 1881 et
1926 1811 2208 1886 manti-26

117 1906 334 1964 choran
365 1908 422 1964 in
452 1906 761 1982 Aethiopia
798 1917 1003 1966 auctor
1033 1917 1123 1965 est
1151 1905 1313 1966 Iuba.

34 1998 135 2051 108
280 1990 449 2068 (46.)
496 1987 768 2063 Hyaenae
811 1990 1112 2068 plurumae
1152 1993 1462 2069 gignuntur
1503 1992 1559 2049 in
1604 1978 1828 2088 Africa?
1875 1988 2027 2066 quae
2075 1999 2134 2050 et

118 2075 405 2133 asinorum
451 2075 801 2134 silvestrium
837 2076 1252 2135 multitudinem
1301 2075 1501 2136 fundit.
1565 2093 1758 2134 mares
1803 2076 1863 2134 in
1906 2092 1981 2133 eo
2023 2093 2131 2151 ge-

115 2177 257 2219 nere
290 2158 502 2235 singuli
532 2159 866 2218 ieminarum
911 2160 1193 2237 gregibus
1225 2161 1573 2238 imperitant.
1631 2160 1830 2218 timent
1873 2157 2132 2219 libidinis

116 2243 375 2302 aemulos
416 2252 473 2302 et
514 2243 657 2302 ideo
698 2245 967 2320 gravidas
1012 2245 1341 2307 custodiunt
1380 2261 1693 2322 morsuque
1736 2252 1907 2303 natos
1943 2244 2202 2304 marius

117 2337 386 2386 castrant
463 2337 663 2387 contra
692 2326 993 2404 gravidae
1047 2330 1303 2389 latebras
1361 2339 1590 2407 petunt
1613 2337 1672 2387 et
1719 2345 1929 2405 parere
1972 2327 2131 2387 furto

24 2504 133 2558 '109
278 2496 451 2574 (47.)
498 2493 749 2556 Easdem
786 2499 966 2574 partis
997 2498 1108 2557 sibi
1141 2500 1251 2577 ipsi
1283 2497 1506 2556 Pontici
1538 2505 1831 2574 amputant
1861 2495 1995 2556 fibri
2025 2513 2130 2574 pe·

114 2581 299 2639 riculo
336 2590 642 2656 urguente,
694 2581 769 2639 ob
806 2581 919 2640 hoc
948 2602 1014 2643 se
1049 2585 1170 2659 peti
1203 2584 1385 2658 gnari.
1452 2591 1780 2641 castoreum
1818 2580 1876 2639 id
1913 2589 2133 2640 vocant

115 2665 343 2724 medici.
407 2665 549 2724 alias
594 2667 797 2725 animal
842 2666 1116 2727 horrendi
1160 2684 1387 2725 morsus
1422 2665 1670 2731 arbores
1698 2667 1854 2724 iuxta
1896 2664 2200 2724 fluminum

115 2759 176 2808 ut
208 2750 366 2809 ferro
407 2748 613 2809 caedit.
668 2749 914 2808 hominis
953 2761 1116 2828 parte
1163 2750 1570 2829 conprehensa
1615 2767 1728 2808 non
1773 2758 1907 2808 ante
1957 2766 2135 2827 quam

116 2835 297 2895 fracta
335 2836 782 2912 concrepuerint
808 2851 943 2893 ossa
973 2853 1201 2894 morsus
1231 2835 1493 2895 resolvit.
1538 2835 1718 2894 cauda
1752 2834 2000 2911 piscium
2037 2835 2132 2906 iis,

117 2929 314 2978 cetera
347 2919 583 2996 species
616 2918 818 2977 lutrae.
882 2929 1181 3029 utrumque
1227 2920 1569 2999 aquaticum,
1607 2920 1840 2995 utrique
1894 2917 2136 2976 ιιιοΙΙίοι·

118 3003 311 3079 pluma
343 3002 514 3081 pilus.

36 3096 140 3147 110
285 3086 382 3146 31.
421 3086 586 3166 (48.)
634 3086 831 3147 Ranae
880 3102 1112 3167 quoque
1159 3089 1437 3161 rubetae,
1497 3106 1733 3166 quarum
1775 3096 1833 3146 et
1878 3088 1935 3144 in
1974 3096 2201 3145 terrast

122 3178 180 3226 et
212 3171 266 3226 in
301 3187 499 3227 umore
530 3173 666 3246 vita,
715 3162 992 3249 plurumis
1023 3173 1277 3231 refertae
1313 3171 1784 3231 medicaminibus
1827 3156 2137 3247 deponere

124 3268 190 3309 ea
228 3252 440 3310 cotidie
476 3270 545 3311 ac
589 3273 888 3315 resumere
924 3265 1090 3334 pastu
1124 3256 1420 3331 dicuntur,
1466 3273 1689 3315 venena
1736 3263 1948 3314 tantum
1978 3271 2136 3314 sem-

124 3351 230 3411 per
260 3333 367 3392 sibi
400 3347 787 3397 reservantes.

3 3512 127 3558 “
