2320 3650
600 100 762 146 NAT.
795 98 977 146 ms'r.
1009 100 1131 145 ΧΠ.
1166 76 1406 161 25327.
1472 88 1781 167 (54-——60.)
2055 88 2179 150 229

167 252 399 313 amaris.
465 251 653 310 omnia
702 268 772 310 ea
819 249 1333 327 deprehenduntur
1381 260 1577 327 gustu.
1663 255 1910 330 pretium
1944 264 2178 333 optumo

39 376 53 411 Ξ
162 336 219 397 Χ
258 349 431 396 XVII.
526 335 647 396 exit
696 343 757 394 et
796 335 854 393 in
898 333 1268 413 Pamphylia,
1321 334 1428 395 sed
1468 335 1683 396 aridior
1734 339 2033 416 minusque
2086 357 2181 402 su·

32 458 53 497 Ξ
167 437 367 480 cosus.
2125 454 2136 459 -

32 564 43 583 ἡ
295 503 464 582 (56.)
510 501 625 562 Dat
655 511 714 561 et
737 502 1046 578 galbanum
1078 503 1247 577 Syria
1291 503 1347 562 in
1383 502 1591 562 eodem
1623 503 1845 563 Amano
1876 515 2069 565 monte
2101 524 2134 565 e
2168 515 2269 569 126

32 596 55 669 ἓ,
120 614 144 652 5
164 587 357 648 ferula
395 604 564 665 quam
595 586 856 646 eiusdem
886 587 1130 645 nominis
1159 588 1392 646 resinae
1422 587 1595 646 modo
1628 589 1962 664 stagonitim
1983 589 2183 667 appel-

32 715 51 755 Ξ,
164 673 304 733 lant.
367 671 523 749 quod
553 688 818 730 maxume
852 670 1087 729 laudant
1110 670 1615 748 cartilaginosum,
1646 689 1852 750 purum
1883 673 1955 732 ad
1986 673 2182 732 simili-

32 803 41 837 ,
159 755 419 824 tudinem
449 754 830 815 hammoniaci
858 755 1223 833 minumeque
1255 753 1561 831 lignosum.
1639 757 1724 815 sic
1758 773 1988 833 quoque
2023 756 2182 815 adul-

36 880 55 907 „
88 876 89 881 κ
158 848 388 899 teratur
413 836 548 899 faba
583 847 681 897 aut
711 839 1051 916 sacopenio.
1101 839 1425 915 sincerum,
1459 840 1508 897 si
1542 848 1759 914 uratur,
1791 840 1952 916 fugat
1978 839 2183 898 nidore

45 966 53 987 1
162 923 480 1000 serpentis.
541 930 900 1001 permutatur
930 923 988 980 in
1028 921 1208 981 libras
1238 920 1294 980 X
1320 936 1385 981 v.
1443 923 1763 983 medicinae
1803 923 1920 982 hoc
1951 932 2181 982 tantum.

32 1058 33 1089 g
95 1031 146 1071 10
286 1006 386 1067 26.
418 1007 588 1086 (57.)
614 1005 900 1066 Panacem
926 1015 985 1064 et
1008 1002 1314 1082 unguentis
1341 1007 1544 1066 eadem
1568 1009 1773 1085 gignit,
1805 1015 2143 1066 nascentem
2165 1015 2266 1070 127

163 1101 222 1151 et
279 1092 339 1148 in
390 1090 684 1188 Psophide
733 1088 1025 1150 Arcadiae
1077 1091 1351 1168 circaque
1395 1089 1734 1167 Erymanthi
1782 1091 1958 1151 fontis
2013 1101 2072 1151 et
2127 1092 2184 1149 in

32 1168 47 1263 ,J
162 1175 369 1235 Africa
399 1183 460 1233 et
489 1175 546 1233 in
566 1172 933 1250 Macedonia,
964 1174 1153 1233 ferula
1182 1175 1272 1233 sui
1292 1177 1529 1251 generis
1556 1177 1809 1254 quinque
1836 1174 2181 1250 cubitorum,

44 1316 49 1323 ,
161 1259 322 1319 foliis
352 1260 539 1336 primo
578 1260 911 1335 quaterniS,
957 1276 1094 1318 mox
1124 1259 1279 1316 senis
1319 1261 1562 1318 interra
1594 1259 1949 1336 iacentibus,
1994 1259 2185 1358 ampla

162 1343 555 1420 magnitudine
584 1341 879 1417 rotundiS,
913 1343 970 1400 in
1002 1343 1298 1402 cacumine
1320 1359 1464 1401 vero
1490 1343 1813 1418 oleagineis
1831 1388 1848 1419 ,
1879 1345 2097 1402 semine
2126 1344 2185 1402 in

32 1479 42 1505 Ἰ.
95 1429 474 1489 ismuscariis
540 1425 912 1504 dependente
966 1435 1026 1485 ut
1077 1426 1325 1485 ferulae.
1415 1427 1703 1502 excipitur
1770 1444 1947 1486 sucus
1998 1426 2184 1485 inciso

32 1508 41 1517 ’
154 1511 332 1572 caule
382 1508 711 1585 messibus,
756 1509 955 1569 radice
1002 1519 1300 1585 autumno,
1350 1509 1613 1569 laudatur
1656 1511 1874 1570 candor
1916 1510 2041 1568 eius
2082 1529 2180 1569 co-

162 1597 297 1655 acti.
356 1612 615 1672 sequens
662 1594 881 1672 pallido
915 1602 1151 1653 statera.
1219 1595 1387 1670 niger
1433 1593 1602 1653 colos
1632 1593 1988 1673 inprobatur.
2046 1611 2179 1672 pre-

160 1682 297 1739 tium
331 1687 570 1757 optumo
601 1678 660 1737 in
688 1677 865 1737 libras
893 1676 950 1738 X
976 1677 1113 1736 bini.
1193 1710 1200 1724 ι

32 1816 41 1844 5
291 1762 462 1841 (58.)
489 1761 580 1821 Ab
616 1762 728 1821 hac
758 1762 947 1821 ferula
980 1761 1174 1821 differt
1209 1780 1357 1841 quae
1386 1770 1634 1821 vocatur
1667 1761 2020 1840 spondylion
2053 1760 2139 1819 fo·
2165 1770 2268 1824 128

32 1851 35 1922 j
79 1865 142 1908 zo
162 1848 255 1907 lus
289 1856 538 1922 tantum,
578 1847 710 1924 quia
747 1855 876 1906 sunt
904 1848 1124 1906 minora
1165 1856 1224 1911 et
1253 1847 1470 1924 platani
1503 1846 1774 1906 divisura.
1841 1863 1957 1906 non
1986 1846 2095 1905 nisi
2124 1848 2181 1905 in

159 1933 367 2010 opacis
409 1931 681 2007 gignitur.
748 1949 950 1989 semen
995 1931 1204 1991 eodem
1247 1932 1477 1991 nomine
1510 1931 1646 1990 silis
1677 1932 1937 2009 speciem
1978 1930 2178 2006 habet,

154 2016 484 2075 medicinae
511 2023 740 2074 tantum
757 2015 917 2073 utile.
1881 2051 1886 2060 -

288 2096 455 2181 (59.)
501 2097 615 2157 Dat
651 2108 709 2157 et
737 2097 1157 2157 malobathrum
1188 2100 1389 2174 Syria,
1436 2082 1706 2157 afborem
1739 2098 1883 2157 folio
1919 2115 2134 2157 convo·
2161 2106 2263 2160 129

153 2184 321 2254 lut0,
362 2178 568 2240 colore
602 2182 746 2241 aridi
786 2181 924 2256 soli,
976 2200 1052 2239 ex
1084 2199 1199 2258 quo
1232 2184 1511 2259 premitur
1541 2181 1734 2240 oleum
1766 2180 1838 2241 ad
1869 2191 2178 2258 unguenta,

32 2333 33 2336 Ἴ
78 2285 131 2324 25
151 2266 451 2327 fertiliore
489 2266 748 2325 eiusdem
766 2265 1077 2366 ‘Aegypta
1144 2265 1425 2326 laudatius
1455 2274 1649 2325 tamen
1682 2283 1757 2323 ex
1795 2263 1957 2324 India
1997 2266 2173 2324 venit.

151 2354 213 2412 in
244 2348 558 2429 paludibus
599 2349 678 2409 ibi
719 2350 880 2427 gigni
915 2349 1142 2409 tradunt
1183 2341 1357 2409 lentis
1397 2348 1603 2423 mod0,
1641 2348 1938 2408 odoratius
1974 2365 2177 2424 croco,

151 2435 457 2511 nigricans
487 2433 909 2512 scabrumque,
960 2434 1207 2511 quodam
1249 2433 1388 2492 salis
1433 2442 1628 2510 gustu.
1687 2433 1872 2491 minus
1903 2432 2181 2511 probatur

151 2517 485 2580 candidum.
574 2517 883 2577 celerrime
925 2519 1093 2578 situm
1137 2518 1194 2575 in
1238 2526 1528 2576 vetustate
1576 2517 1767 2576 sentit.
1845 2534 2021 2594 sapor
2052 2517 2176 2576 eius

148 2603 342 2663 nardo
381 2601 581 2661 similis
613 2620 748 2661 esse
792 2600 970 2662 debet
999 2600 1106 2661 sub
1138 2601 1352 2679 lingua.
1430 2601 1577 2661 odor
1605 2616 1750 2662 vero
1782 2599 1839 2658 in
1877 2602 2011 2659 vino
2042 2599 2174 2659 sub·

75 2713 128 2753 30
148 2686 472 2748 fervefacti
513 2684 807 2745 antecedit
840 2685 1008 2745 alios.
1082 2686 1139 2744 in
1182 2687 1369 2763 pretio
1409 2684 1637 2764 quidem
1676 2684 1947 2762 prodigio
1990 2683 2177 2742 simile

149 2779 283 2846 est,
321 2789 353 2829 a
384 2766 440 2828 X
474 2770 718 2846 singulis
750 2767 833 2829 ad
853 2767 907 2828 X
939 2781 1110 2830 0000
1140 2770 1451 2848 pervenire
1493 2768 1705 2847 libras,
1748 2767 1948 2828 folium
1988 2776 2177 2830 autem

147 2859 348 2935 ipsum
370 2853 436 2911 in
467 2853 646 2913 libras
677 2851 731 2912 X
758 2866 870 2912 Lx.

287 2936 392 2996 27.
441 2936 610 3014 (60.)
659 2935 867 2995 Oleum
910 2946 968 2996 ct
997 2887 1357 3015 omphacium
1386 2945 1496 2997 est.
1550 2937 1614 2996 fit
1645 2936 1868 2997 duobus
1904 2934 2132 3013 generi·
2159 2943 2262 2997 130

146 3025 265 3084 bus
308 3030 368 3081 et
407 3020 650 3080 totidem
681 3021 902 3096 modis,
944 3039 1020 3079 ex
1065 3022 1199 3082 olea
1231 3031 1290 3081 et
1323 3022 1459 3081 vite.
1522 3022 1658 3081 olea
1687 3021 1875 3081 adhuc
1906 3019 2039 3079 alba
2072 3037 2173 3078 ex-

70 3133 126 3173 35
148 3122 407 3187 pressa,
448 3105 702 3165 deterius
736 3124 812 3165 ex
843 3105 1085 3183 druppa.
1151 3108 1229 3167 ita
1254 3115 1510 3168 vocatur
1527 3107 1863 3184 priusquam
1892 3102 2025 3163 cibo
2056 3121 2173 3163 ma-

147 3202 285 3252 tura
321 3188 431 3264 sit,
480 3190 590 3247 iam
634 3198 823 3248 tamen
857 3190 1118 3249 colorem
1160 3199 1418 3265 mutam,
1467 3189 1825 3264 differentia,
1871 3187 2024 3266 quod
2056 3186 2173 3248 hoc

142 3272 343 3335 viride
375 3280 487 3347 est,
518 3272 671 3332 illud
686 3273 1005 3334 candidum.
1054 3292 1087 3333 e
1120 3274 1240 3333 vite
1263 3274 1475 3352 psithia
1502 3273 1565 3332 fit
1593 3282 1689 3332 aut
1718 3274 2011 3348 aminnea,
2046 3289 2174 3330 cum
2285 3299 2286 3312 2

144 3361 270 3421 sint
313 3356 466 3416 acini
512 3356 719 3415 ciceris
759 3357 1182 3435 magnitudine,
1230 3367 1362 3418 ante
1407 3359 1565 3418 canis
1598 3367 1801 3424 ortum.
1861 3360 1918 3418 in
1951 3355 2133 3436 prima
2157 3362 2286 3444 1313

2227 3527 2287 3583 A
