2320 3650
490 75 496 79 .
540 119 704 172 NAT.
744 117 925 167 ms'r.
959 118 1034 165 11.
1075 112 1316 169 64-67.
1354 99 1653 186 (64—67.)
2046 104 2161 165 101

166 277 503 355 conspicua,
541 291 613 334 ac
643 272 850 351 procul
880 271 1200 331 recedente
1231 270 1487 346 navigio,
1524 270 1572 328 si
1606 268 1740 347 quid
1766 269 1920 347 quod
1944 268 2168 346 fulgeat

165 362 446 437 religetur
480 360 538 416 in
572 358 705 417 mali
739 357 1057 429 cacumine,
1095 354 1364 432 paulatim
1397 353 1758 413 descendere
1795 354 2058 412 videatur
2109 361 2167 413 et

117 453 459 523 ,postremo
495 439 838 500 occultetur.
909 438 1160 517 denique
1209 454 1493 511 oceanus,
1541 453 1712 513 quem
1748 436 1993 496 fatemur
2036 437 2164 496 ulti-

159 545 324 602 mum,
353 535 602 605 quanam
624 524 735 583 alia
762 523 942 599 figura
970 522 1317 581 cohaereret
1342 530 1514 599 atque
1540 536 1655 577 non
1679 519 1981 579 decideret
2003 520 2162 580 nullo

112 627 135 665 5
160 611 302 671 ultra
326 610 596 685 margine·
623 604 997 666 includente?
1043 604 1106 664 Id
1136 605 1322 682 ipsum
1347 604 1419 664 ad
1451 602 1781 662 miraculum
1815 604 1986 678 redit,
2021 621 2162 680 quo-

154 712 294 766 nam,
320 692 536 767 modo,
592 691 812 750 etiamsi
854 688 1159 766 globetur,
1210 693 1528 747 extremum
1577 703 1690 745 non
1721 685 1951 745 decidat
1981 704 2159 746 mare.

154 786 360 838 contra
396 775 583 853 q‘uod,
626 782 687 832 ut
720 774 829 832 sint
865 772 1034 850 plana
1064 772 1239 831 maria
1273 782 1330 830 et
1361 789 1472 850 qua
1507 770 1772 829 videntur
1801 769 2014 845 figura,
2049 787 2163 828 non

152 878 335 939 posse
372 859 429 918 id
460 857 733 917 accidere
764 872 973 932 magno
1017 872 1120 914 suo
1152 855 1363 931 gaudio
1396 872 1727 932 magnaque.
1746 852 1936 929 gloria
1965 853 2161 912 inven-

151 954 317 1003 tores
349 941 562 1001 Graeci
595 939 908 999 subtilitate
941 940 1304 1015 geometrica
1340 938 1570 997 docent.
1632 954 1877 1015 namque
1921 952 2047 995 cum
2084 954 2115 995 e
2142 946 2246 1002 165

89 1046 136 1086 to
155 1026 392 1087 sublimi
422 1026 480 1083 in
509 1024 783 1083 inferiora
818 1040 1003 1099 aquae
1048 1023 1325 1097 ferantur,
1361 1030 1419 1081 et
1449 1022 1520 1080 sit
1549 1021 1699 1080 haec
1732 1028 1931 1079 natura
1964 1037 2160 1080 earum

155 1110 459 1182 confessa,
497 1126 607 1167 nec
647 1108 944 1185 quisquam
981 1105 1202 1165 dubitet
1230 1106 1287 1163 in
1330 1106 1499 1165 litore
1532 1104 1651 1164 ullo
1694 1105 2023 1163 accessisse
2057 1122 2160 1163 eas

156 1211 274 1273 quo
318 1192 661 1267 longissime
695 1190 996 1249 devexitas
1040 1207 1214 1267 passa
1257 1189 1360 1263 sit,
1403 1188 1611 1265 procul
1650 1188 1828 1248 dubio
1873 1188 2159 1267 adparere

156 1294 275 1356 quo
327 1274 466 1353 quid
509 1273 772 1333 humilius
804 1274 876 1331 sit
906 1273 1146 1351 propius
1178 1289 1212 1332 a
1244 1281 1444 1331 centro
1492 1290 1627 1331 esse
1674 1280 1900 1346 terrae,
1950 1272 2159 1330 omnis-

155 1357 272 1440 que
308 1359 480 1418 linias
515 1375 663 1435 quae
701 1357 1020 1416 emittantur
1057 1374 1133 1415 ex
1166 1372 1238 1414 eo
1270 1355 1341 1415 ad
1377 1373 1687 1433 proxumas
1717 1371 1895 1432 aquas
1930 1354 2159 1414 brevio-

84 1463 130 1505 15
151 1439 253 1503 res
289 1443 420 1502 lieri
456 1453 623 1519 quam
655 1457 803 1519 quae
834 1440 905 1499 ad
937 1449 1255 1499 extremum
1286 1457 1444 1498 mare
1476 1456 1509 1498 a
1541 1439 1738 1517 primis
1770 1438 1967 1515 aquis,
2013 1455 2156 1515 ergo

147 1536 304 1587 totas
349 1526 618 1602 omnique
658 1541 739 1594 ‚ex
770 1533 933 1601 parte
967 1540 1145 1602 aquas
1192 1541 1445 1599 vergere
1478 1523 1533 1581 in
1577 1530 1866 1597 centrum,
1903 1521 2160 1599 ideoque

148 1628 265 1670 non
294 1608 600 1682 decidere,
635 1608 900 1685 quoniam
929 1608 986 1665 in
1017 1608 1289 1667 interiora
1317 1608 1580 1666 nitantur.
1852 1665 1859 1670 ,

281 1691 453 1769 (66.)
511 1690 678 1763 Quod
728 1692 805 1750 ita
850 1691 1134 1751 formasse
1188 1690 1398 1750 artifex
1452 1697 1651 1749 natura
1704 1689 1866 1748 credi
1913 1686 2111 1763 debet,
2137 1698 2243 1755 166

146 1785 231 1852 ut,
267 1792 399 1835 cum
428 1781 610 1835 terra'
633 1774 792 1834 arida
840 1783 899 1834 et
940 1776 1094 1835 sicca
1140 1783 1409 1835 constare
1449 1791 1558 1852 per
1578 1767 1664 1833 ‘se
1696 1789 1776 1858 ac·
1798 1767 1921 1834 sine
1952 1789 2154 1833 umore

76 1877 265 1922 eonon
298 1867 538 1937 posset,
582 1876 695 1917 nec
727 1875 925 1918 rursus
957 1868 1111 1918 stare
1146 1876 1293 1936 aqua
1324 1859 1434 1917 nisi
1468 1858 1783 1918 sustinente
1812 1867 1999 1933 terra,
2036 1875 2152 1917 mu·

144 1955 247 2004 tuo
282 1942 525 2020 inplexu
557 1941 960 2018 iungerentur,
1005 1941 1117 2001 hac
1148 1943 1304 2001 sinus
1335 1942 1655 2020 pandente,
1713 1943 1810 2002 illa
1839 1957 1988 2001 vero
2020 1959 2153 2019 per·

144 2035 382 2087 meante
414 2034 612 2100 totam,
648 2026 793 2083 intra
825 2032 988 2087 extra
1020 2042 1225 2103 supra,
1260 2027 1427 2086 venis
1461 2035 1520 2085 ut
1547 2026 1797 2099 vinculis,
1827 2026 2153 2085 discurren-

145 2110 338 2183 tibus,
389 2117 561 2188 atque
605 2109 774 2170 etiam
819 2110 876 2169 in
920 2110 1151 2169 summis
1202 2110 1350 2185 iugis
1398 2119 1765 2187 erumpente,
1806 2126 1920 2187 quo
1953 2109 2155 2186 spiritu

146 2201 281 2269 acta
306 2200 370 2253 et
397 2201 589 2253 terrae
621 2193 883 2272 pondere
917 2188 1202 2270 expressa
1234 2193 1537 2271 siphonum
1566 2192 1738 2252 modo
1772 2195 1998 2266 emicat,
2031 2200 2150 2251 tan-

75 2296 129 2336 25
145 2289 385 2355 tumque
417 2294 450 2336 a
486 2272 750 2354 periculo
783 2275 1087 2337 decidendi
1119 2276 1320 2351 abest,
1370 2285 1430 2335 ut
1461 2278 1518 2335 in
1548 2294 1760 2343 summa
1790 2292 2057 2353 quaeque
2095 2283 2156 2332 et

146 2361 428 2421 altissima
462 2360 709 2419 exsiliat.
776 2359 901 2433 Qua
935 2361 1156 2437 ratione
1192 2360 1552 2420 manifestum
1599 2369 1687 2419 est
1719 2378 1898 2437 quare
1929 2367 2014 2419 tot
2049 2357 2152 2417 tlu-

143 2446 361 2503 minum
394 2444 683 2503 cotidiano
721 2461 967 2503 accessu
997 2444 1174 2503 maria
1215 2461 1330 2503 non
1362 2453 1647 2504 crescant.
1710 2444 1811 2504 66.
1843 2442 1950 2502 Est
1980 2443 2155 2518 igitur

143 2529 205 2586 in
234 2537 362 2587 toto
399 2543 504 2586 suo
537 2522 716 2603 globo
750 2528 923 2587 tellus
965 2527 1155 2587 medio
1194 2527 1405 2588 ambitu
1447 2527 1787 2606 praecincta
1818 2525 2151 2586 circumfluo

143 2613 311 2685 mari,
346 2627 459 2669 nec
489 2612 839 2688 argumentis
868 2610 983 2672 hoc
1014 2611 1435 2688 vestigandum,
1462 2611 1568 2671 sed
1597 2611 1705 2670 iam
1739 2607 2153 2690 experimentis

75 2706 128 2748 ao
150 2695 465 2771 cognitum.
651 2714 656 2718 ·

225 2848 228 2855 A
275 2777 378 2838 67.
419 2776 585 2857 (67.)
619 2775 672 2835 A
704 2775 955 2838 Gadibus
986 2777 1381 2857 columnisque
1415 2776 1682 2837 Herculis
1712 2777 2022 2855 Hispaniae
2056 2783 2112 2833 et
2135 2777 2240 2833 167

144 2860 463 2922 Galliarum
506 2861 746 2920 circuitu
793 2870 946 2923 totus
990 2861 1166 2922 hodie
1199 2864 1500 2938 navigatur
1532 2861 1841 2920 occidens.
1905 2861 2151 2936 Septen-

141 2943 409 3024 trionalis
431 2959 574 3003 vero
609 2960 863 3004 oceanus
892 2947 1110 3005 maiore
1143 2963 1221 3005 ex
1247 2954 1411 3023 parte
1433 2945 1734 3021 navigatus
1767 2952 1856 3002 est
1879 2943 2155 3020 auspiciis

142 3027 264 3087 divi
308 3026 556 3104 Augusti
606 3026 965 3088 Germaniam
1009 3029 1202 3088 classe
1250 3029 1637 3087 circumvecta
1685 3028 1755 3087 ad
1793 3024 2154 3087 Cimbrorum

70 3124 122 3166 35
143 3111 604 3189 promontorium
647 3119 705 3169 et
731 3111 870 3170 inde
912 3113 1172 3171 inmenso
1207 3112 1347 3170 mari
1383 3119 1700 3188 prospecto
1747 3119 1840 3169 aut
1871 3111 2020 3171 fama
2053 3127 2151 3170 co-

142 3194 310 3270 gnito
339 3188 674 3268 Scythicam
717 3194 789 3254 ad
810 3194 1040 3272 plagam
1071 3204 1131 3254 et
1154 3192 1363 3254 umore
1382 3195 1554 3254 nimio
1584 3195 1848 3271 rigentia.
1903 3194 2151 3272 Propter
2191 3270 2193 3274 Α

141 3276 303 3355 quod
348 3277 598 3336 minume
632 3278 948 3337 verisimile
993 3286 1083 3337 est
1123 3277 1244 3337 illic
1284 3277 1460 3337 maria
1506 3277 1760 3337 deiicere
1804 3277 1901 3337 ubi
1935 3277 2151 3334 umoris

137 3360 230 3420 vis
261 3370 523 3439 superet.
586 3359 750 3421 quta
794 3378 938 3420 vero
985 3360 1057 3420 ab
1094 3368 1221 3419 ortu
1274 3378 1349 3420 ex
1377 3359 1576 3420 Indico
1624 3362 1764 3421 mari
1798 3360 1903 3419 sub
1940 3357 2149 3417 eodem
