2320 3650
680 27 841 76 NA‘r.
873 28 1056 77 mer.
1089 28 1209 84 vta.
1252 25 1423 80 2-3.
1460 11 1686 100 (2—3.)
2154 25 2191 83 7

179 183 326 248 alubi
360 183 541 246 cauda
585 183 797 243 villosa
829 183 1090 243 homines
1125 184 1283 244 nasci
1318 185 1674 261 pernicitatis
1718 186 1993 262 eximite,
2037 186 2187 250 alios

179 267 420 328 auribus
449 276 604 326 totos
640 268 892 343 contegi.
984 265 1171 326 Oritas
1208 268 1279 327 ab
1311 267 1465 327 Indis
1497 267 1707 329 Arabis
1739 269 1943 329 fluvius
1980 271 2184 331 dister-

173 353 374 412 minat.
465 351 521 409 hi
559 350 772 409 nullum
818 350 988 409 alium
1029 350 1217 410 cibum
1260 369 1476 411 novere
1513 369 1704 436 quarn
1719 343 1990 431 piscium,
2039 374 2183 433 quos

176 434 470 518 unguibus
517 435 805 495 dissectos
859 436 987 494 sole
1040 443 1325 493 torreant
1355 445 1528 513 atque
1573 437 1652 495 ita
1703 454 1910 514 panem
1966 456 2041 496 ex
2096 438 2184 498 his

44 523 48 528 ’
120 532 154 570 ὅ
180 520 430 594 faciant,
474 527 535 576 ut
568 518 751 577 refert
781 516 1135 578 Clitarchus.
1216 518 1582 597 Trogodytas
1613 537 1790 617 super
1819 519 2263 599 Aethiopiam-31

176 602 519 663 velociores
567 602 731 680 equis
777 620 912 662 esse
947 602 1336 679 Pergamenus
1377 601 1600 664 Crates.
1692 604 1827 663 item
1862 603 2183 683 Aethiopas

178 695 396 746 octona
429 684 619 745 cubita
645 686 1000 763 longitudine
1031 688 1346 747 excedere.
1412 686 1693 768 Syrbotas
1722 689 1930 749 vocari
1952 697 2185 764 gentem

176 788 331 848 eam.
420 768 738 830 Nomadum
771 769 1120 849 Aethiopum
1164 771 1488 832 secundum
1497 753 1725 830 flumen
1760 771 2072 848 Astragum
2113 771 2185 833 ad

176 851 638 931 septentrionem
662 856 1021 930 vergentium
1043 873 1190 931 gens
1213 854 1677 914 Menisminorum
1701 854 1994 933 appellata
2018 855 2186 914 abest

96 947 157 987 10
177 938 257 998 ab
286 953 512 997 oceano
538 937 755 998 dierum
780 939 984 997 itinere
1015 939 1232 1015 viginti.
1280 938 1600 999 animalium
1625 956 1773 1015 quae
1812 939 2178 1016 cynocepha-

176 1022 273 1081 los
325 1037 609 1081 vocamus
655 1021 806 1081 lacte
858 1022 1033 1096 vivit,
1100 1040 1341 1099 quorum
1387 1030 1643 1082 armenta
1692 1023 1877 1099 pascit
1923 1023 2181 1094 maribus

176 1106 543 1181 interemptis
575 1115 979 1183 praeterquam
1019 1105 1243 1165 subolis
1286 1124 1477 1165 causa.
1548 1099 1630 1170 ln
1647 1105 1884 1165 Africae
1922 1106 2178 1166 solitudi·
2196 1116 2266 1170 32

175 1189 345 1248 nibus
397 1188 685 1247 hominum
737 1191 970 1267 species
1021 1189 1231 1248 obviae
1287 1189 1530 1248 subinde
1583 1190 1726 1252 fiunt
1773 1199 2180 1268 momentoque

179 1281 554 1331 evanescunt.
644 1272 827 1332 Haec
849 1283 1020 1351 atque
1064 1273 1200 1340 talia
1243 1291 1318 1332 ex
1351 1273 1638 1366 hominum
1669 1291 1891 1349 genere
1936 1274 2182 1334 ludibria

100 1368 158 1409 15
179 1355 326 1430 sibi,
383 1356 554 1415 nobis
608 1357 914 1431 miracula‚
969 1358 1288 1432 ingeniosa
1295 1337 1463 1415 fecit
1515 1365 1734 1416 natura.
1826 1365 1885 1416 et
1940 1356 2181 1446 singulis

84 1465 89 1472 ·
176 1439 409 1518 quidem
461 1458 610 1529 quae
653 1440 790 1500 facit
836 1442 892 1497 in
939 1440 1063 1502 dies
1094 1458 1183 1500 ac
1203 1457 1407 1522 ,prope
1442 1440 1619 1508 horas
1670 1441 1799 1518 quis
1842 1458 2182 1506 enumerare

174 1521 411 1584 valeat?
471 1518 559 1582 ad
576 1524 956 1601 detegendam
992 1526 1115 1583 eius
1147 1525 1468 1608 potentiam
1507 1526 1646 1584 satis
1679 1526 1749 1583 sit
1790 1526 1941 1583 inter
1988 1524 2180 1602 prodi-

173 1608 271 1683 gia
305 1609 573 1684 posuisse
614 1610 824 1684 gentis.
912 1607 1058 1668 Hinc
1090 1609 1163 1668 ad
1196 1603 1515 1667 confessa
1499 1627 1554 1667 ιιι
1583 1607 1816 1667 homine
1845 1624 2064 1685 panca.

302 1689 361 1750 3.
399 1691 524 1769 (3.)
583 1691 958 1769 Tergeminos
1002 1693 1163 1752 nasci
1191 1702 1426 1754 certum
1456 1700 1546 1750 est
1579 1690 1942 1755 Horatiorum
1982 1688 2266 1756 ouria-33

98 1788 155 1829 20
175 1776 500 1852 tiorumque
537 1776 830 1854 exemplo.
887 1794 1063 1856 super
1095 1778 1245 1836 inter
1280 1785 1506 1836 ostenta
1539 1776 1744 1836 dicitur
1775 1783 2182 1854 praeterquam

176 1861 236 1919 in
269 1858 579 1936 Aegypto,
620 1860 716 1919 ubi
750 1860 946 1921 fetifer
989 1871 1129 1939 potu
1162 1860 1327 1923 Nilus
1366 1861 1567 1921 amnis.
1654 1877 1934 1941 proxime
1980 1877 2180 1938 supre-

175 1943 283 2000 mis
314 1943 432 2002 divi
461 1942 706 2019 Augusti
736 1943 945 2004 Fausta
977 1945 1259 2022 quaedam
1300 1963 1334 2004 e
1366 1944 1543 2022 plebe
1577 1941 1775 2003 Ostiae
1821 1940 1966 2003 duos
2008 1945 2181 2002 maris

175 2025 415 2084 totidem
462 2027 703 2086 feminas
751 2029 925 2088 enixa·
959 2028 1168 2087 famem
1212 2046 1361 2107 quae
1404 2036 1718 2087 consecuta
1758 2035 1848 2086 est
1889 2028 2182 2124 portendit

174 2109 311 2168 haut
336 2108 529 2169 dubie.
618 2113 909 2188 reperitur
938 2121 998 2170 et
1028 2113 1083 2170 in
1116 2111 1526 2209 Peloponneso
1555 2111 1724 2170 binos
1755 2119 1959 2189 quater
1990 2111 2177 2186 enixa,

100 2205 156 2245 25
164 2194 566 2271 maioremque
592 2204 812 2272 partem
837 2213 912 2252 ex
935 2196 1086 2255 omni
1112 2196 1236 2253 eius
1261 2196 1478 2253 vixisse
1503 2203 1689 2273 partu.
1743 2202 1818 2253 et
1824 2195 1880 2252 in
1905 2192 2178 2279 Aegypto

176 2285 456 2354 septenos
488 2296 600 2337 uno
622 2287 787 2337 utero
817 2279 980 2338 simul
1011 2280 1171 2354 gigni
1204 2287 1407 2338 auctor
1432 2287 1519 2336 est
1550 2277 1798 2352 Trogus.
1865 2268 2265 2353 Gignuntur34

176 2368 236 2418 et
267 2361 565 2440 utriusque
611 2380 788 2421 sexus
823 2379 971 2439 quos
1004 2361 1523 2439 Hermaphroditos
1560 2377 1867 2436 vocamuS,
1916 2358 2072 2419 οΙίιιι

100 2471 102 2473 >
174 2444 473 2520 drogynos
504 2453 748 2505 vocatos
791 2454 850 2504 et
882 2447 937 2505 in
967 2445 1250 2524 prodigiis
1279 2444 1543 2518 habitos,
1588 2461 1736 2503 nuno
1769 2461 1913 2503 vero
1943 2445 1999 2502 in
2031 2438 2092 2504 d
2131 2442 2179 2503 i-

114 2552 123 2575 x
177 2527 300 2586 eiis.
362 2529 671 2606 Pompeius
700 2527 945 2605 Magnus
985 2532 1043 2590 in
1066 2530 1425 2591 ornamentis
1470 2527 1678 2587 theatri
1714 2526 1992 2591 mirabilis
2025 2527 2178 2597 fatua

101 2624 157 2666 so
178 2612 368 2688 posuit
399 2613 629 2688 effigies
674 2613 749 2672 ob
793 2612 848 2673 id
880 2613 1212 2689 diligentius
1245 2628 1581 2689 magnorum
1623 2611 1900 2671 artificum
1928 2612 2178 2695 iqeniis

176 2694 539 2770 elaboratas7
588 2699 734 2756 inter
766 2714 907 2774 quas
941 2697 1153 2774 legitur
1173 2695 1464 2771 Eutychis
1498 2713 1531 2754 a
1569 2713 1649 2754 xx
1680 2693 1883 2754 liberis
1916 2711 2064 2771 rogo
2096 2696 2176 2752 in-

175 2777 288 2838 lata
319 2778 604 2840 Trallibus
633 2783 800 2843 enixa
830 2799 975 2841 xxx
1004 2789 1223 2859 partus,
1261 2779 1515 2858 Alcippe
1540 2777 1923 2857 elephantum.
1986 2795 2177 2856 quam·

177 2878 341 2938 quam
368 2863 429 2923 id
453 2865 601 2924 inter
620 2872 857 2940 >ostenta
889 2873 997 2924 est.
1054 2881 1297 2941 namque
1327 2873 1386 2927 et
1415 2871 1748 2942 serpentem
1777 2863 2010 2940 peperit
2032 2863 2179 2921 inter
2268 2941 2270 2943 ι

176 2946 327 3005 initia
357 2944 593 3009 Marsici
623 2948 762 3008 belli
795 2948 1020 3009 ancilla.
1085 2945 1471 3009 Multiformes
1509 2945 1769 3024 pluribus
1799 2945 1983 3006 modis
2028 2945 2261 3010 inter35

102 3039 424 3090 asmonstra
465 3041 662 3109 partus
708 3032 968 3091 eduntur.
1047 3029 1320 3090 Claudius
1358 3028 1579 3091 Caesar
1616 3029 1819 3089 scribit
1856 3028 2175 3107 hippocen-

172 3121 401 3175 taurum
424 3116 479 3173 in
516 3114 819 3177 Thessalia
849 3125 1038 3177 natum
1073 3113 1282 3173 eodem
1314 3114 1408 3174 die
1452 3114 1752 3188 interisse,
1796 3121 1853 3171 et
1884 3130 1989 3172 nos
2025 3115 2174 3191 prin-

174 3196 391 3331 capatus
404 3201 532 3259 eius
576 3199 823 3261 adlatum
866 3199 949 3259 illi
981 3218 1058 3259 ex
1094 3198 1370 3276 Aegypto
1413 3197 1471 3257 in
1503 3196 1680 3257 melle
1720 3197 1982 3257 vidimus.
2069 3195 2177 3256 Est

1761 3316 1864 3383 ‘3‘-

1749 3346 1754 3355 .
1837 3346 1850 3355 .

1731 3346 1740 3359 ἱ
1829 3358 1842 3381 4⁰
2313 3354 2314 3401 1

1985 3454 2020 3471 ·“’
2185 3414 2315 3570 ..ι
