2320 3650
549 97 709 144 NAT.
742 96 924 146 ms'r.
960 97 1034 144 11.
1068 90 1310 148 67—69.
1346 79 1644 166 (67—69.)
2058 84 2175 146 103

169 250 446 331 premitur
461 267 634 310 omne
658 249 933 328 quidquid
960 258 1049 309 est
1066 249 1388 311 subiectum
1410 249 1631 309 duabus
1671 250 1946 309 exn-emis
1986 252 2175 310 utrIm-

171 354 280 415 que
315 335 478 394 circa
509 334 788 408 vertices,
821 333 972 393 hunc
1006 334 1102 412 qui
1133 334 1378 392 trionum
1410 341 1638 410 septem
1666 342 1907 393 vocatur
1931 351 2177 413 eumque

170 420 260 499 qui
291 418 581 479 adversus
606 416 688 476 illi
716 418 1000 476 austrinus
1030 416 1376 494 appellatur.
1433 423 1716 494 perpetua
1746 417 1935 493 caligo
1960 418 2177 477 utrobi·
2250 463 2265 476 .

167 520 281 582 que
312 510 373 561 et
406 501 603 562 alieno
638 499 965 560 molliorum
996 500 1249 561 siderum
1280 500 1562 577 adspectu
1593 499 1839 576 maligna
1870 518 1940 559 ac
1975 501 2177 579 pruina

127 594 383 650 stantum
419 584 692 644 albicans
715 584 832 643 lux.
885 583 1077 643 media
1115 600 1261 643 vero
1310 592 1622 658 terrarum,
1674 600 1785 661 qua
1819 583 1962 643 solis
1992 584 2179 644 orbita

169 679 291 744 est,
341 676 551 728 exusta
596 665 838 726 flammis
883 675 943 726 et
987 675 1240 727 cremata
1270 668 1583 726 comminus
1615 683 1835 743 vapore
1869 675 2176 727 torrentur.

168 751 505 814 circaduae
537 758 749 810 tantum
772 751 922 810 inter
957 759 1219 810 exustam
1243 759 1300 809 et
1327 751 1567 826 rigentis
1597 758 2012 828 temperantur,
2047 769 2179 810 eae-

166 854 281 915 que
326 836 497 913 ipsae
532 835 682 893 inter
727 852 794 893 se
841 850 956 892 non
1002 835 1240 911 perviae
1287 842 1534 912 propter
1581 833 1907 893 incendium
1951 834 2176 893 sideris.

167 919 254 980 Ita
282 927 485 978 terrae
515 919 621 977 tris
654 918 832 995 partis
856 916 1089 976 abstulit
1111 917 1355 992 caelum,
1390 918 1593 976 oceani
1618 917 1817 995 rapina
1842 918 1898 976 in
1920 917 2142 977 incerto
2167 924 2267 980 173

103 1018 154 1062 ro
171 1012 282 1063 est.
339 1001 449 1061 sed
499 1009 557 1061 et
605 1000 809 1060 relicta
850 999 1021 1060 nohis
1063 1017 1174 1060 una
1218 1001 1408 1079 portio
1452 1000 1601 1070 haud
1652 1001 1776 1060 scio
1821 1018 1892 1060 an
1924 1002 2094 1061 etiam
2126 1001 2182 1060 in

167 1086 396 1146 maiore
427 1084 634 1144 damno
666 1084 757 1142 sit.
817 1084 973 1143 idem
1007 1084 1291 1163 siquidem
1326 1100 1582 1144 oceanus
1612 1084 1831 1144 infusus
1860 1086 1917 1144 in
1935 1086 2179 1158 multos,

168 1178 230 1230 ut
261 1169 547 1244 dicemus,
582 1169 738 1227 sinus
762 1168 910 1227 adeo
933 1168 1124 1227 vicino
1148 1186 1396 1228 accessu
1425 1169 1646 1228 interna
1676 1169 1852 1228 maria
1882 1169 2124 1229 adlatrat
2153 1165 2265 1251 ¹224?

169 1262 233 1313 ut
280 1260 514 1312 centum
556 1251 883 1329 quindecim
916 1251 1146 1312 milibus
1188 1269 1458 1329 passuum
1490 1249 1777 1311 Arabicus
1822 1253 1979 1312 sinus
2011 1253 2185 1312 distet

169 1336 246 1397 ab
281 1335 585 1414 Aegyptio
628 1335 798 1410 mari,
837 1331 1095 1413 'Caspius
1136 1352 1283 1395 vero
1318 1332 1676 1395 CCCLXXV
1708 1334 1937 1395 milibus
1971 1352 2007 1396 a
2037 1335 2183 1395 Pon-

106 1433 156 1476 ιε
170 1420 312 1495 tico,
351 1418 507 1478 idem
537 1417 849 1478 interfusus
878 1419 1048 1479 intrat
1078 1436 1188 1498 per
1217 1427 1302 1478 tot
1324 1420 1501 1478 maria
1524 1418 1731 1497 quibus
1756 1417 2032 1494 Africam,
2070 1418 2182 1478 Eu-

170 1520 400 1581 ropam,
434 1501 632 1561 Asiam
653 1502 952 1580 dispescit,
984 1511 1252 1581 quantum
1275 1512 1558 1563 terrarum
1583 1499 1870 1581 occupat?
1916 1501 2142 1580 Conpu-
2168 1511 2269 1566 174

169 1595 327 1647 tetur
361 1586 532 1644 etiam
562 1602 711 1645 nunc
744 1603 1010 1646 mensura
1044 1595 1129 1646 tot
1173 1585 1496 1661 fluminum,
1549 1594 1829 1646 tantarum
1873 1586 2182 1665 paludium,

171 1670 458 1731 addantur
489 1678 547 1728 et
578 1669 770 1745 lacus,
817 1678 1040 1747 stagna,
1093 1671 1205 1731 iam
1237 1669 1391 1730 elata
1422 1670 1479 1729 in
1522 1670 1746 1729 caelum
1776 1678 1836 1729 et
1877 1670 2055 1731 ardua
2086 1670 2183 1731 ad-

173 1761 388 1832 spectu
422 1769 653 1831 quoque
685 1754 838 1831 iuga,
875 1754 986 1813 iam
1017 1753 1540 1832 silvae-vallesque
1576 1763 1924 1833 praeruptae
1958 1762 2016 1813 et
2047 1753 2184 1815 soli·

103 1855 154 1897 zo
174 1838 499 1898 tudines‘et
529 1837 688 1897 mille
721 1839 911 1897 causis
944 1838 1198 1898 deserta.
1233 1838 1602 1898 detrahantur
1631 1838 1741 1900 hae
1775 1848 1859 1899 tot
1883 1840 2186 1918 portiones

173 1931 396 1995 terrae,
429 1921 598 1980 immo
629 1938 795 1996 vero,
828 1930 889 1980 ut
919 1921 1120 1999 plures
1144 1922 1459 1998 tradidere,
1491 1923 1684 1983 mundi
1717 1932 1928 2002 puncto
1962 1923 2185 2002 (neque

173 2006 330 2064 enim
373 2004 525 2065 aliud
557 2013 652 2063 est
687 2013 843 2065 terra
886 2006 940 2064 in
975 2007 1310 2085 universo):
1363 2005 1511 2067 haec
1559 2016 1648 2066 est
1677 2008 1914 2067 materia
1959 2007 2184 2083 gloriae

172 2097 447 2163 nostrae,
494 2087 644 2147 haec
687 2088 882 2148 sedes.
940 2089 1037 2149 hic
1066 2088 1326 2149 honores
1366 2091 1654 2166 gerimuS,
1703 2091 1798 2151 hic
1841 2107 2187 2150 exercemus

172 2171 443 2249 imperia,
480 2170 574 2230 hic
605 2187 752 2249 opes
783 2173 1062 2250 cupimuS,
1094 2173 1191 2232 hic
1220 2174 1618 2235 tumultuamur
1648 2174 1947 2235 humanum
1980 2198 2185 2258 genus,

104 2254 272 2314 uhic
303 2254 684 2314 instauramus
708 2254 865 2315 bella
898 2258 1068 2316 etiam
1100 2257 1313 2333 civilia,
1345 2260 1669 2339 mutuisque
1703 2262 1980 2322 caedibus
2004 2263 2184 2323 laxio-

175 2356 302 2397 rem
338 2336 580 2397 facimus
610 2346 842 2399 terram.
898 2349 955 2400 et
1005 2348 1061 2399 ut
1104 2340 1375 2418 publicos
1417 2345 1672 2419 gentium
1698 2344 1930 2407 furores
1960 2355 2143 2407 trans·
2176 2355 2268 2410 [75

176 2438 341 2495 eam,
372 2419 520 2480 haec
551 2423 607 2480 in
636 2440 746 2500 qua
792 2425 1182 2484 conterminos
1227 2425 1496 2502 pellimus
1532 2427 1804 2507 furtoque
1844 2431 2017 2509 vicini
2052 2450 2183 2491 cae-

175 2506 388 2581 spitem
419 2513 618 2564 nostro
655 2507 783 2566 solo
819 2506 1176 2584 adsodimus,
1224 2518 1284 2568 ut
1324 2511 1420 2587 qui
1467 2510 1745 2570 latissime
1778 2530 1911 2573 rura
1941 2523 2184 2575 metatus

175 2587 352 2647 fuerit
382 2588 647 2667 ultraque
689 2589 896 2650 famam
929 2594 1196 2669 exegerit
1231 2592 1469 2663 adcolas
1500 2602 1675 2670 quota
1706 2604 1986 2657 terrarum
2020 2607 2185 2676 parte

108 2671 460 2749 wgaudeat,
516 2672 613 2731 vel
644 2691 772 2732 cum
802 2673 874 2733 ad
907 2691 1233 2737 mensuram
1264 2677 1539 2737 avaritiae
1571 2695 1710 2737 suae
1749 2682 2181 2758 propagaverit,

176 2772 348 2833 quam
384 2755 614 2814 tandem
648 2757 972 2833 portionem
1008 2759 1132 2819 eius
1165 2760 1469 2820 defunctus
1500 2761 1781 2839 optineat!

303 2838 403 2900 69.
439 2839 605 2917 (69.)
638 2839 883 2900 Mediam
931 2859 1065 2905 esse
1094 2853 1307 2903 terram
1339 2844 1530 2904 mundi
1570 2845 1743 2905 totius
1781 2843 1916 2906 haut
1957 2846 2142 2908 dubiis
2166 2858 2268 2916 176

176 2929 407 2982 constat
437 2925 825 2999 argumentis,
874 2924 981 2984 sed
1017 2926 1336 2986 clarissime
1369 2929 1699 3007 aequinocti
1733 2928 1968 3006 paribus
1999 2930 2178 2992 horis.

174 3023 307 3064 nam
337 3004 448 3064 nisi
478 3006 533 3063 in
564 3006 757 3066 medio
790 3017 971 3083 esset,
1005 3011 1287 3089 aequales
1319 3010 1445 3070 dies
1477 3021 1802 3090 noctesque
1836 3011 2037 3074 haberi
2067 3033 2181 3075 non

107 3095 444 3166 ”possent
505 3087 971 3167 Deprehendere
1020 3101 1078 3151 et
1119 3094 1423 3172 dioptrae,
1480 3112 1629 3173 quae
1675 3095 1773 3154 vel
1816 3113 2076 3158 maxume
2124 3100 2179 3159 id

178 3170 551 3248 confirmant,
600 3191 727 3232 cum
771 3175 1182 3252 aequinoctiali
1212 3186 1479 3254 tempore
1513 3197 1589 3238 ex
1619 3178 1824 3240 eadem
1856 3180 1988 3242 linia
2019 3191 2179 3241 ortus

176 3270 546 3336 occasusque
578 3260 868 3334 cernatur,
897 3257 1189 3321 solstitiali
1215 3268 1452 3321 exortus
1474 3279 1583 3340 per
1612 3280 1771 3325 suam
1802 3263 2017 3342 liniam,
2047 3265 2175 3325 bru-
