2320 3650
531 564 1024 634 PLINIUS
1110 565 1737 634 SECUNDUS

629 664 1267 796 ‚VESIJASI’ANQ
1326 714 1500 777 suo
1554 714 1617 774 s.

248 905 457 966 Libros
490 903 788 964 Naturalis
821 902 1148 978 Historiae,
1201 904 1490 962 novicium
1538 901 1810 964 Camenis
1848 904 2208 979 Quiritiuml·

132 1002 354 1051 tuorum
390 1006 575 1067 opus,
623 997 791 1047 natos
823 988 976 1066 apud
1007 1006 1099 1047 me
1133 1003 1414 1065 proxuma
1451 988 1640 1046 fetura
1678 987 1987 1050 licentiore
2024 993 2147 1070 epi-

134 1076 280 1135 stula
325 1091 566 1133 narrare
621 1073 892 1132 constitui
937 1072 1074 1148 tihi,
1130 1072 1543 1131 iucundissime
1598 1073 1915 1150 imperator
1949 1110 2034 1122 —-·
2076 1077 2149 1135 sit

136 1162 283 1220 enim
315 1159 466 1218 haec
501 1158 582 1216 tui
619 1156 928 1235 praefati0‚
962 1158 1287 1231 verissima,
1323 1157 1454 1216 dum
1478 1175 1744 1218 maxumo
1773 1161 2148 1220 consenescit

88 1247 191 1304 5in
235 1252 402 1324 patre
431 1278 516 1288 —-
556 1260 863 1320 namque
906 1251 976 1301 tu
1020 1240 1327 1304 solebas
1362 1251 1625 1320 putare
1660 1261 1828 1303 esse
1863 1245 2146 1324 aliquid

18 1324 19 1327 '
136 1347 328 1390 meas
372 1345 643 1404 nugas,
713 1335 772 1385 ut
827 1326 1071 1386 obicere
1115 1326 1324 1385 moliar
1367 1324 1651 1385 Catullum
1701 1339 2147 1390 conterraneum

132 1432 323 1474 meum
373 1412 687 1489 (agnoscis
735 1419 793 1469 et
837 1411 952 1470 hoc
1003 1420 1306 1470 castrense
1346 1410 1645 1488 verbum).
1714 1413 1813 1472 ille
1858 1416 2041 1489 enim,
2087 1423 2147 1472 ut

132 1501 271 1572 scis,
306 1497 645 1576 permutatis
676 1495 968 1574 prioribus
990 1495 1260 1555 Saetabis
1294 1494 1681 1555 duriusculum
1714 1515 1778 1556 se
1812 1498 1955 1597 fecit
1979 1517 2147 1577 quam

131 1582 373 1642 volebat
421 1581 754 1640 existumari
796 1600 827 1639 a
859 1580 1233 1640 Veranniolis
1280 1581 1399 1638 suis
1446 1589 1505 1638 et
1540 1579 1818 1640 Fabullis.
1887 1583 2055 1641 simul
2087 1583 2201 1640 ut2

73 1685 115 1723 10
134 1668 243 1728 hac
286 1684 417 1726 mea
460 1665 778 1744 petulantia
823 1665 920 1724 fiat
962 1665 1119 1744 quod
1164 1683 1447 1744 proxume
1479 1681 1593 1723 non
1636 1665 1761 1725 lieri
1806 1677 2047 1746 questus
2079 1686 2145 1727 es

119 1756 188 1812 *in
233 1752 346 1811 alia
391 1750 634 1830 procaci
686 1750 936 1830 epistula
971 1759 1202 1824 nostra,
1249 1759 1308 1808 ut
1351 1752 1407 1808 in
1457 1751 1909 1830 quaedam‘acta
1947 1761 2141 1827 exeat,

133 1839 433 1915 sciantque
495 1853 700 1894 omnes
733 1854 929 1914 quam
991 1855 1067 1894 ex
1120 1853 1311 1915 aequo
1368 1845 1558 1895 tecum
1610 1839 1766 1897 vivat
1819 1838 2140 1917 imperium.

132 1920 521 1999 Triumphalis
557 1929 615 1979 et
650 1920 954 1979 censorius
988 1930 1045 1979 tu
1080 1921 1435 1998 sexiensque
1469 1922 1672 1980 consul
1706 1940 1774 1981 ac
1796 1922 2141 1982 tribuniciae
2166 1922 2201 1975 3

132 2006 439 2087 potestatis
474 2005 775 2083 particeps
807 2014 898 2079 et,
949 2005 1105 2084 quod
1152 2005 1241 2064 his
1284 2005 1537 2065 nobilius
1567 2006 1792 2082 fecisti„
1841 2008 1971 2067 dum
2005 2007 2142 2065 illud

70 2104 114 2142 17»
133 2093 279 2171 patri
310 2090 531 2169 pariter
566 2099 626 2149 et
658 2091 917 2168 equestri
954 2090 1141 2148 ordini
1174 2100 1471 2168 praestaS,
1517 2091 1856 2169 praefectus
1887 2094 2146 2171 praetori

135 2179 279 2251 eiuS‚
317 2177 626 2253 omniaque
664 2174 812 2234 haec
855 2175 941 2233 rei
978 2173 1275 2253 publicae,
1314 2184 1373 2233 et
1403 2175 1573 2233 nobis
1605 2176 1836 2254 quidem
1870 2177 2057 2255 qualis
2089 2178 2146 2235 in

135 2261 416 2321 castrensi
461 2258 880 2332 contuberni0‚
932 2276 1044 2317 nec
1087 2260 1396 2338 quicquam
1427 2261 1482 2317 in
1516 2269 1572 2320 te
1609 2262 1844 2319 mutavit
1875 2262 2143 2321 fortunae

131 2345 470 2425 amplitudo,
506 2345 615 2402 nisi
644 2352 704 2402 ut
734 2344 1024 2422 prodesse
1055 2344 1388 2404 tantundem
1421 2362 1634 2423 posses
1665 2353 1724 2403 ut
1754 2346 1963 2405 velles,
2030 2346 2139 2406 Ita-
2165 2353 2201 2403 4

132 2450 244 2511 que
272 2449 400 2489 cum
425 2429 645 2489 ceteris
669 2430 724 2486 in
754 2430 1192 2488 venerationem
1218 2430 1296 2488 tui
1332 2438 1567 2508 pateant
1600 2429 1786 2489 omnia
1818 2431 1938 2506 illa,
1972 2431 2144 2491 nobis

65 2517 201 2577 ‘mad
234 2514 547 2575 colendum
582 2522 639 2573 te
676 2513 1010 2573 familiarius
1043 2514 1284 2573 audacia
1312 2515 1436 2574 sola
1463 2524 1751 2593 superest.
1800 2515 1948 2575 hanc
1973 2517 2144 2594 igitur

130 2601 231 2661 tibi
289 2598 614 2679 inputabiS‚
671 2605 730 2656 et
776 2599 832 2655 in
882 2607 1079 2657 nostra
1130 2598 1303 2675 culpa
1348 2598 1450 2658 tibi
1495 2601 1809 2677 ignosces·
1858 2600 2141 2660 Perfricui

129 2687 371 2759 faciem,
403 2701 518 2742 nec
552 2691 744 2741 tamen
775 2682 1035 2761 profeci,
1071 2685 1340 2761 quoniam
1374 2684 1484 2745 alia
1518 2687 1610 2744 via
1644 2686 1905 2744 occurris
1935 2685 2142 2761 ingens

130 2781 187 2830 et
218 2770 454 2845 longius
488 2769 660 2828 etiam
692 2766 1006 2836 submoves
1038 2769 1233 2843 ingeni
1258 2769 1534 2829 fascibus
1602 2768 1879 2845 Fulgurat
1902 2769 1957 2827 in
1983 2770 2141 2828 nullo
2165 2778 2197 2829 5

128 2873 396 2934 umquam
440 2854 640 2911 verius
669 2852 823 2912 dicta
870 2852 958 2910 vis
1000 2853 1408 2931 eloquentiae,
1457 2854 1801 2914 tribuniciae
1834 2855 2141 2931 potestatis

61 2949 112 2990 2⁵
130 2940 462 3000 facundiae.
530 2936 758 3009 Quanto
789 2946 847 2995 tu
881 2954 985 2996 ore
1017 2938 1200 3015 patris
1233 2938 1437 2998 laudes
1469 2938 1665 2998 tonas!
1702 2946 1912 3017 quanto
1946 2939 2140 2998 fratris

128 3023 312 3085 amas!
374 3022 732 3102 quantus-in
784 3022 1019 3099 poetica
1064 3021 1159 3082 es!
1234 3041 1267 3081 o
1311 3041 1516 3101 magna
1561 3022 1886 3082 fecunditas
1940 3025 2137 3085 animi!

127 3107 615 3189 quemadmodum
661 3105 900 3165 fratrem
948 3124 1185 3186 quoque
1229 3108 1534 3169 imitareris
1580 3107 1950 3184 excogitasti.
2020 3110 2138 3170 Sed
2164 3119 2197 3172 6

124 3194 273 3254 haec
316 3192 451 3272 quis
498 3191 687 3269 possit
734 3192 1054 3269 intrepidus
1097 3201 1425 3252 aestumare
1477 3191 1768 3251 subiturus
1819 3192 2015 3271 ingeni
2060 3196 2139 3253 tui

114 3279 397 3339 ‘iudicium
454 3276 801 3356 praesertim
826 3272 1203 3335 lacessitum?
1258 3276 1465 3356 Neque
1491 3277 1641 3335 enim
1665 3277 1865 3335 similis
1892 3289 1981 3338 est
2004 3295 2138 3339 con-

57 3378 102 3417 30
121 3364 277 3423 dicio
313 3323 734 3442 publicantium
768 3370 826 3419 et
857 3361 1185 3420 nominatim
1214 3360 1316 3419 tibi
1341 3361 1666 3420 dicantium.
1730 3359 1871 3419 Tum
1904 3349 2140 3439 po'ssem

121 3449 362 3509 dicere:
426 3444 578 3520 Quid
636 3446 743 3505 ista
777 3445 981 3528 legis,
1038 3441 1396 3523 imperator?
1460 3443 1655 3502 humili
1702 3444 1881 3559 volgo
1925 3445 2141 3519 scripta
