2320 3650
147 54 263 113 114
809 118 816 126 ,
878 62 937 111 c.
969 64 1160 113 rum
1192 65 1489 115 saeuum

60 237 158 290 215
179 220 479 300 Multiplex
509 218 808 279 etiamnum
838 219 1050 279 lunaris
1081 220 1435 298 differentia,
1472 224 1830 302 primumque
1863 228 2132 305 septenis

141 305 363 368 diebus.
413 304 624 383 quippe
654 303 874 370 modici,
913 320 946 364 a
980 321 1129 362 nova
1159 304 1233 364 ad
1274 306 1555 366 dividuam
1604 318 1799 368 aestus
1828 310 2134 388 pleniores

141 391 212 452 ab
262 407 331 448 ea
371 388 656 447 exundant
700 387 987 466 plenaque
1029 390 1272 448 maxime
1319 390 1565 451 fervent.
1624 392 1756 452 inde
1800 379 2130 472 mitescunt,

139 491 314 554 pares
350 473 422 533 ad
451 480 765 551 septumam
795 473 1022 550 primis,
1056 473 1377 552 iterumque
1408 475 1522 534 alio
1554 476 1737 536 latere
1773 478 2001 538 dividua
2033 497 2132 539 au·

139 565 364 636 gentur.
401 558 458 617 in
491 557 644 616 coitu
676 556 818 615 solis
844 574 1017 634 pares
1046 556 1277 634 plenae.
1327 559 1529 619 eadem
1558 562 1847 639 aquilonia
1873 571 1930 621 et
1958 581 1992 622 a
2017 572 2129 622 ter·
2148 581 2177 620 5

139 645 219 702 ris
249 642 478 719 longius
510 640 824 700 recedente
854 641 1111 700 mitiores
1146 660 1314 720 quam
1349 660 1476 703 cum
1506 645 1562 702 in
1606 654 1841 714 austros*
1865 646 2132 723 digressa

138 727 416 806 propiore
451 726 576 785 nisu
605 725 719 784 vim
750 741 907 783 suam
943 733 1203 784 exercet.
1260 744 1368 805 per
1408 737 1652 787 octonos
1684 746 1915 808 quoque
1950 747 2132 790 annos

140 812 213 872 ad
258 810 538 890 principia
580 816 766 868 motus
797 818 855 868 et
891 810 1051 887 paria
1097 810 1448 870 incrementa
1472 817 1799 873 'centesimo
1834 814 2005 874 lunae
2038 833 2131 874 re-

139 903 419 956 vocantur
440 892 646 953 ambit‘u
670 891 916 969 augente
942 911 1012 953 ea
1038 904 1261 971 cuncta,
1305 895 1447 954 solis
1469 897 1666 955 annuis
1691 900 1881 957 causis
1903 885 2133 958 duobus

142 979 523 1066 aequinoctiis
553 995 814 1036 maxume
858 986 1175 1054 tumentes,
1232 987 1291 1038 et
1336 981 1642 1040 autumnali
1686 982 1929 1059 amplius
1962 1000 2130 1061 quam
2150 996 2206 1037 ιυ

56 1074 161 1129 216
183 1079 396 1139 vern0,
439 1062 639 1121 inanes
671 1077 815 1120 vero
856 1059 1054 1122 bruma
1084 1071 1142 1121 et
1176 1063 1359 1139 magis
1390 1064 1658 1125 solstiti&
1713 1083 1825 1124 nec
1853 1075 2046 1127 tamen
2076 1068 2134 1126 in

139 1150 282 1227 ipsis
316 1162 464 1225 quos
500 1145 617 1206 dixi
659 1154 977 1222 temporum
1023 1147 1311 1222 articulis,
1357 1148 1461 1207 sed
1493 1150 1696 1226 paucis
1736 1159 1871 1228 post
1901 1150 2132 1225 diebus,

143 1232 309 1292 sicuti
339 1237 529 1314 neque
560 1230 617 1289 in
648 1230 818 1308 plena
848 1238 943 1289 aut
969 1231 1300 1306 novissima,
1334 1231 1438 1291 sed
1469 1242 1695 1310 postea,
1728 1251 1838 1293 nec
1863 1236 2049 1295 statim
2074 1243 2135 1294 ut

141 1314 596 1378 lunammundus
640 1313 902 1373 ostendat
945 1314 1275 1374 occultetve
1309 1323 1403 1374 aut
1433 1316 1618 1376 media
1649 1317 1821 1395 plaga
1855 1317 2131 1395 declinet,

140 1419 338 1461 verum
360 1400 487 1460 fere
508 1398 906 1459 duabus-horis
931 1399 1445 1476 aequinoctialibus
1470 1401 1675 1475 serius,
1706 1402 1960 1461 tardiore
1984 1420 2131 1461 sem·
2153 1413 2206 1454 15

142 1505 250 1565 per
280 1485 352 1546 ad
379 1493 565 1544 terras
596 1484 841 1542 omnium
878 1501 1025 1563 quae
1057 1491 1333 1560 geruntur
1359 1485 1417 1543 in
1448 1484 1619 1544 caelo
1642 1485 1854 1544 effectu
1887 1486 2135 1546 cadente

59 1582 158 1638 217
184 1588 351 1652 quam
382 1570 542 1644 visu,
592 1568 759 1627 sicuti
792 1567 1037 1644 fulguris
1082 1577 1140 1627 et
1178 1567 1421 1627 tonitrus
1451 1577 1508 1627 et
1541 1567 1853 1629 fulminum.
1918 1568 2137 1630 Omnes
2179 1629 2188 1638 ,

143 1664 329 1717 autem
364 1661 557 1713 aestus
607 1653 663 1711 in
704 1669 926 1712 oceano
964 1651 1181 1711 maiora
1223 1651 1482 1729 integunt
1522 1654 1705 1730 spatia
1747 1653 2135 1733 inundantque

145 1757 312 1819 quam
340 1739 398 1797 in
430 1736 657 1814 reliquo
686 1738 860 1812 mari,
894 1736 1017 1795 sive
1048 1736 1180 1813 quia
1211 1735 1268 1793 in
1300 1744 1479 1795 totum
1512 1737 1882 1798 universitate
1917 1741 2134 1801 animo.-

144 1827 262 1884 sius
297 1840 463 1902 quam
494 1830 658 1899 parte
690 1830 811 1896 est,
848 1821 978 1881 'sive
1023 1821 1154 1900 quia
1185 1820 1513 1897 magnitudo
1546 1831 1747 1899 aperta
1780 1822 1990 1883 sideris
2020 1823 2204 1884 vimzo

143 1909 275 1968 laxe
305 1907 620 1983 grassantis
650 1904 949 1964 efficacius
983 1905 1178 1979 sentit,
1217 1904 1458 1964 eandem
1481 1907 1759 1982 angustiis
1782 1906 2134 1968 arcentibus.

146 2010 256 2071 qua
288 1990 359 2050 de
379 2006 570 2050 causa
599 2005 710 2048 nec
741 1989 901 2048 lacus
935 2007 1044 2048 nec
1074 2006 1272 2048 amnes
1303 1989 1561 2049 similiter
1603 1999 1925 2050 moventur.
1976 2001 2138 2051 octo-

144 2076 311 2152 genis
356 2072 558 2132 cubitis
609 2091 781 2151 supra
819 2072 1159 2134 Britanniam
1209 2068 1596 2132 intumescere
1651 2082 1846 2134 aestus
1888 2074 2139 2150 Pytheas

145 2157 524 2219 Massiliensis
555 2165 757 2227 auctor
788 2165 895 2216 est.
947 2167 1004 2217 et
1035 2157 1309 2217 interiora
1347 2166 1536 2217 autem
1567 2158 1743 2217 maria
1774 2159 1948 2218 terris
1982 2159 2135 2219 clau-

62 2254 165 2307 218
189 2244 392 2304 duntur
420 2251 479 2300 ut
510 2250 697 2320 portu.
736 2240 1072 2320 quibusdam
1102 2249 1292 2300 tamen
1319 2242 1376 2301 in
1411 2240 1559 2301 locis
1590 2242 1905 2318 spatiosior
1933 2242 2211 2303 laxitas2⁵
2292 2248 2295 2319 A

147 2328 357 2387 dicioni
401 2336 596 2402 paret,
644 2335 844 2404 utpote
891 2343 1018 2386 cum
1067 2325 1234 2404 plura
1278 2325 1545 2403 exempla
1589 2326 1699 2385 sint
1739 2326 1798 2385 in
1827 2326 2138 2405 tranquillo
2292 2322 2295 2385 J

144 2408 285 2471 mari
315 2408 589 2489 nulloque
620 2411 884 2470 velorum
915 2409 1082 2488 pulsu
1113 2410 1287 2469 tertio
1319 2409 1413 2469 die
1445 2427 1520 2468 ex
1541 2408 1703 2469 Italia
1727 2420 2142 2488 pervectorum

144 2496 365 2556 Uticam
402 2504 562 2554 aestu
596 2495 880 2554 fervente.
935 2491 1100 2554 Circa
1124 2493 1293 2553 litora
1328 2503 1516 2553 antem
1535 2494 1721 2569 magis
1745 2512 1918 2572 quam
1942 2496 2000 2554 in
2021 2494 2140 2554 alto

147 2577 651 2658 deprehenduntur
689 2578 747 2638 hi
789 2586 1009 2653 motuS,
1068 2578 1335 2656 quoniam
1380 2585 1438 2637 et
1484 2578 1540 2635 in
1586 2593 1836 2656 corpore
1882 2588 2142 2638 extrema

145 2665 370 2743 pulsum
400 2680 693 2740 venarum,
726 2662 784 2722 id
816 2670 907 2721 est
935 2663 1189 2740 spirituS,
1223 2663 1404 2737 magis
1429 2662 1694 2721 sentiunt.
1752 2661 1809 2720 in
1840 2661 2215 2741 plerisqueso

144 2760 335 2810 tamen
382 2748 683 2807 aestuariis
729 2755 970 2825 propter
1014 2745 1259 2825 disparis
1300 2746 1551 2817 siderum
1591 2746 1649 2804 in
1690 2762 1924 2824 quoque
1956 2755 2141 2806 tractu

150 2843 386 2894 exortus
415 2832 629 2892 diversi
662 2830 941 2890 exsistunt
963 2839 1159 2891 aestus
1180 2838 1466 2908 tempore,
1497 2846 1613 2889 nou
1635 2831 1882 2915 ratione,
1919 2831 2141 2891 discor-

148 2918 276 2993 des,
307 2918 453 2976 sicut
482 2916 537 2974 in
568 2913 849 2990 Syrtibus·
961 2958 967 2961 -
2290 2946 2293 2969 l

67 3011 168 3066 219
295 3001 516 3081 (100.)
547 2997 621 3059 Et
668 2998 1021 3079 quorundam
1062 3007 1252 3058 tamen
1302 2998 1522 3075 privata
1570 3006 1768 3057 natura
1809 3004 1929 3072 est,
1981 2997 2145 3057 velut
2292 3002 2293 3051 i

152 3084 611 3143 Tauromenitani
656 3083 839 3161 euripi
885 3083 1118 3160 saepius
1162 3092 1221 3141 et
1260 3084 1317 3140 in
1347 3079 1589 3145 Euboea
1636 3083 1894 3160 septiens
1939 3080 2033 3141 die
2056 3095 2215 3143 *uos-'³

150 3176 322 3229 nocte
366 3168 800 3244 reciprocantis.
862 3167 1013 3226 idem
1056 3175 1252 3225 aestus
1298 3165 1485 3225 triduo
1532 3165 1593 3223 in
1622 3180 1820 3225 mense
1854 3166 2143 3241 consistit,

155 3258 413 3327 Septuma
446 3257 645 3308 octava
676 3267 940 3328 nonaque
974 3250 1125 3310 luna.
1187 3248 1438 3309 Gadibus
1468 3250 1564 3327 qui
1597 3258 1686 3311 est
1716 3247 1962 3309 delubro
1994 3247 2142 3308 Her-

157 3333 302 3393 culis
336 3348 645 3412 proxumus
674 3333 805 3392 fons
833 3333 1086 3393 inclusus
1121 3334 1195 3393 ad
1221 3335 1379 3413 putei
1401 3333 1628 3393 modum
1652 3333 1796 3393 alias
1819 3332 1986 3392 simul
2011 3349 2145 3393 cnm

10 3518 114 3552 Q
