2320 3650
173 174 295 236 290
855 183 915 232 e.
949 184 1139 233 pum
1170 183 1471 232 scorsum

175 343 364 402 olivae
386 340 795 418 magnitudine,
819 339 1117 399 rotundior
1136 347 1373 415 tantum,
1399 357 1614 417 sapore
1639 341 1897 420 mespili.
1923 340 2193 405 Alexan·

174 428 390 487 drinam
421 425 568 486 hanc
595 426 672 484 ibi
706 433 951 502 vocant,
985 423 1367 482 crassitudine
1402 424 1673 501 cubitali,
1712 443 2041 505 ramosam,
2068 449 2194 491 ma·

173 512 319 569 terie
364 509 644 585 validam,
687 509 932 584 lentam,
974 508 1096 567 sine
1128 508 1315 583 lacte,
1350 509 1572 568 cortice
1595 510 1799 585 viridi,
1832 511 1984 571 folio
2020 514 2189 574 tiliae

173 594 278 654 sed
307 594 487 653 molli.
544 591 900 653 Onesicritus
929 592 1100 651 tradit
1132 593 1188 650 in
1210 590 1492 666 Hyrcania
1521 594 1757 653 multum
1794 598 2017 655 nostris
2046 615 2191 657 esse

175 678 469 739 dulciores
521 674 952 755 fertilioresque
971 720 988 752 ,
1042 684 1105 735 ut
1156 693 1304 753 quae
1357 677 1583 736 modios
1636 688 1866 738 chxx
1914 680 2190 756 singulae
2216 701 2241 739 ⁵

90 771 157 825 69
176 762 379 822 ferant.
441 761 534 822 Ad
575 779 680 822 nos
723 780 798 820 ex
826 761 953 820 aliis
983 760 1267 819 transiere
1308 760 1608 838 gentibus,
1651 760 1974 839 Chalcide,
2016 764 2191 841 Chio,

178 864 414 926 quarum
456 846 620 924 plura
668 862 905 922 genera.
966 842 1252 921 siquidem
1290 852 1347 903 et
1382 843 1634 921 Lydiae,
1685 863 1837 924 quae
1884 857 2024 909 sunt
2056 868 2189 927 pur·

177 949 432 1010 pureae‚
476 939 534 990 et
561 929 919 989 mamillanae
958 928 1381 987 similitudinem
1412 946 1609 988 earum
1638 929 1889 1004 habent,
1924 940 1992 990 et
2026 933 2190 992 calli-

178 1016 453 1075 struthiae
484 1032 684 1093 parum
714 1031 928 1092 sapore
950 1013 1437 1091 praestantiores,
1474 1012 1714 1073 ficorum
1738 1015 1996 1074 omnium
2026 1016 2190 1094 frigi·

178 1099 464 1158 dissimae.
528 1115 655 1167 nam
698 1098 770 1158 de
806 1097 1129 1171 Africanis,
1177 1113 1319 1173 quas
1356 1097 1518 1155 multi
1551 1097 1890 1175 praeferunt
1934 1103 2186 1175 cunctiS,
2211 1122 2252 1160 ιο

148 1200 381 1259 -magna
436 1183 700 1261 quaestio
754 1190 863 1241 est.
943 1197 1068 1252 cum
1114 1180 1169 1240 id
1212 1198 1395 1256 genus
1436 1181 1493 1238 in
1541 1181 1797 1240 Africam
1843 1186 2189 1260 nuperrime

96 1272 163 1327 70
185 1269 505 1342 transierit,
531 1266 752 1345 patriae
776 1282 985 1324 nomen
1020 1266 1297 1342 optinent.
1350 1274 1478 1323 nam
1502 1265 1897 1325 Alexandrina
1932 1285 1970 1326 e
2006 1268 2189 1345 nigris

179 1360 296 1427 est,
337 1351 673 1411 candicante
702 1352 873 1424 rima,
924 1350 1269 1425 cognomine
1299 1348 1604 1409 delicatae.
1664 1350 1826 1426 nigra
1860 1358 1920 1409 et
1953 1350 2191 1414 Rhodia

183 1443 273 1494 est
320 1445 378 1494 et
410 1434 704 1494 Tiburtina
746 1434 818 1494 de
864 1432 1272 1512 praecocibus.
1343 1441 1476 1492 sunt
1517 1443 1577 1493 et
1620 1442 1916 1493 auctorum
1960 1437 2189 1494 nomina

185 1521 287 1594 iis,
337 1518 565 1595 Liviae,
621 1518 881 1596 Pompei.
956 1517 1239 1577 siccandis
1294 1516 1442 1576 haec
1492 1517 1622 1576 sole
1674 1517 1734 1576 in
1775 1534 2004 1577 annuos
2050 1537 2188 1579 usus
2210 1542 2252 1582 1⁵

181 1604 473 1681 aptissima
505 1621 630 1662 cum
652 1602 914 1662 mariscis
946 1611 1004 1662 et
1028 1620 1171 1680 quas
1206 1601 1577 1661 harundinum
1600 1602 1704 1661 soli
1727 1601 1958 1662 macula
1981 1605 2189 1666 variat.

183 1696 273 1747 est
305 1696 362 1746 et
391 1686 761 1747 Herculanea
797 1696 856 1745 et
890 1686 1202 1747 albicerata
1238 1694 1296 1745 et
1338 1686 1516 1771 aratia
1557 1684 1719 1760 alba,
1762 1686 2047 1763 pediculo
2088 1687 2190 1746 mi·

97 1780 159 1837 71
188 1789 385 1848 numu,
419 1772 714 1833 latissima.
777 1771 964 1831 Primo
991 1779 1183 1831 'autem
1219 1768 1487 1849 provenit
1517 1769 1910 1849 porphyritis,
1969 1771 2191 1849 longis·

184 1859 327 1916 simo
360 1856 653 1936 pediculo.
724 1858 1026 1916 comitatur
1057 1873 1183 1915 eam
1211 1874 1245 1914 e
1269 1855 1526 1914 minumis
1557 1848 1851 1913 vilissimis
1885 1855 2190 1933 popularis

181 1942 377 2018 dicta„
434 1948 633 2001 contra
687 1941 998 2000 novissima
1030 1938 1155 1999 ‘suh
1212 1939 1399 1998 hieme
1463 1947 1775 1998 maturatur
1830 1938 2185 2020 chelidonia.
2205 1963 2251 2001 ιο

184 2036 312 2088 sunt
343 2035 652 2106 praeterea
682 2026 974 2084 serotinae
1001 2032 1058 2083 et
1086 2040 1436 2102 praecoces,
1472 2022 1719 2102 biferae,
1744 2021 1880 2082 alba
1906 2040 1978 2082 ac
2002 2024 2188 2100 nigra,
2277 2075 2278 2094 ,

186 2129 312 2176 cum
343 2129 535 2170 messe
563 2110 965 2186 vindemiaque
1001 2116 1477 2167 maturescentes.
1537 2107 1832 2167 serotinae
1865 2115 1927 2166 et
1961 2124 1997 2166 a
2031 2107 2192 2166 corio

186 2196 513 2273 appellatae
550 2195 727 2270 duro,
765 2212 840 2253 ex
868 2192 1221 2253 Chalcidicis
1257 2189 1604 2270 quarundam
1635 2191 1842 2250 trifero
1877 2181 2189 2269 proventu.

102 2287 167 2340 72
187 2278 418 2340 Tarenti
455 2288 669 2339 tantum
693 2277 1038 2358 praedulces
1081 2284 1391 2335 nascuntur
1416 2292 1559 2353 quas
1583 2281 1797 2334 vocant
1821 2290 1995 2335 onas.
2054 2273 2195 2335 Cato
2275 2321 2276 2354 ¹

189 2364 260 2423 de
296 2363 420 2423 licis
451 2365 529 2424 ita
557 2372 868 2424 memorat:
912 2361 1136 2422 Ficos
1166 2361 1531 2420 mar-iscas
1561 2359 1631 2417 in
1660 2358 1840 2434 loco
1881 2363 2276 2419 cretoso&

186 2456 304 2508 aut
360 2457 622 2526 aperto
676 2448 946 2522 serito,
1001 2447 1070 2504 in
1122 2444 1297 2504 loco
1348 2452 1582 2503 autem
1632 2443 2035 2503 crassiore
2087 2449 2196 2503 aut

188 2540 620 2593 stercorato
672 2531 1072 2592 Africanas
1110 2537 1199 2610 χ«ξι
1239 2527 1788 2601 Herculaneas,
1834 2521 2196 2604 Sagunti·

138 2685 139 2690 η
188 2635 375 2696 nas,
423 2615 1185 2692 hibernas‚·'re1anas
1256 2621 1461 2672 atras
1517 2609 1883 2689 pediculo
1945 2611 2192 2689 longo.
2273 2613 2274 2706 ἢ

190 2712 393 2780 postea
444 2710 530 2761 tot
579 2701 811 2761 subiere
863 2702 1088 2760 nomina
1132 2706 1304 2775 atque
1346 2712 1565 2774 genera
1614 2703 1675 2754 ut
1712 2694 1814 2754 vel
1858 2694 1984 2755 hoc
2016 2696 2194 2756 solum

190 2785 618 2846 aestimantibus
650 2787 926 2863 adpareat
951 2792 1217 2844 mutatam
1243 2799 1376 2841 esse
1406 2782 1606 2856 vitam,
1659 2788 1792 2837 sunt
1824 2788 1889 2838 et
1917 2780 2243 2840 biberussa

194 2870 529 2949 quibusdam
573 2870 915 2948 provinciis,
957 2869 1039 2927 uti
1081 2866 1375 2940 Moesiae,
1428 2863 1533 2923 sed
1565 2863 1740 2938 artis,
1783 2879 1909 2922 non
1938 2863 2210 2925 naturae.'
2271 2887 2272 2890 ¹

108 2962 176 3017 73
197 2956 502 3015 Parvarum
526 2971 710 3030 genus
732 2952 1002 3012 arborum
1025 2960 1157 3031 post
1189 2958 1509 3009 autumnum
1539 2948 1671 3007 fimo
1706 2956 2043 3025 contegunt
2060 2948 2193 3025 ,ssde-
2270 2953 2273 3012 1

194 3037 629 3114 prehensasque
660 3038 716 3096 in
747 3037 835 3097 his
875 3036 1062 3096 hieme
1106 3050 1390 3112 grossos,
1432 3044 1580 3111 quae
1610 3030 1868 3091 ‘mitiore
1899 3034 2083 3093 caelo
2113 3047 2192 3091 re·
2221 3029 2224 3038 ⁴

193 3119 390 3178 fossae
447 3139 574 3180 cum
623 3120 835 3180 arbore
880 3129 1051 3198 atque
1106 3122 1166 3178 in
1210 3118 1398 3178 lucem
1449 3116 1730 3177 remissae
1798 3132 2004 3176 novos
2047 3115 2193 3176 soles

196 3200 491 3277 aliosque,
534 3220 702 3279 quam
746 3202 954 3281 quibus
995 3204 1233 3277 vixere,
1270 3201 1436 3261 avide
1464 3210 1754 3279 tamquam
1786 3200 2009 3261 iterum
2040 3207 2189 3259 natae

197 3281 481 3356 accipiunt
523 3294 581 3343 et
624 3304 750 3345 cum
783 3285 1132 3344 venientium
1162 3285 1311 3344 flore
1340 3288 1765 3358 maturescunt,
1800 3282 2008 3344 alieno
2038 3300 2137 3364 pra

201 3378 379 3420 coces
410 3381 588 3439 anno,
622 3369 680 3427 in
712 3377 897 3427 tractu
924 3369 1021 3427 vel
1050 3368 1428 3445 gelidissimo.
2111 3395 2118 3402 ·

334 3442 497 3523 (20.)
542 3449 656 3509 Sed
689 3467 721 3510 a
754 3448 976 3512 Catone
1001 3451 1296 3532 appellata
1335 3452 1445 3511 iam
1476 3459 1591 3512 tum
1619 3448 1905 3512 Africana
1936 3450 2182 3512 admone!
2223 3487 2232 3496 -
