2320 3650
532 117 693 165 NAT.
722 115 902 164 msw.
932 115 1009 163 11.
1053 111 1358 168 101—103.
1393 104 1760 183 (104—196.)
1946 146 1956 156 .
2080 105 2197 168 117

205 271 430 334 insulas
462 277 522 328 et
542 268 795 329 Aradum
824 276 883 327 et
911 269 967 327 in
1003 266 1279 328 Gaditano
1310 285 1553 329 oceano.
1605 269 2001 331 Patavinorum
2031 273 2196 350 aquis

210 356 413 418 calidis
444 352 664 412 herbae
691 354 946 412 virentes
976 352 1362 428 innascuntur,
1394 352 1725 413 Pisanorum
1755 371 1952 430 ranae,
1986 355 2057 417 ad
2079 356 2193 415 Ve-

206 439 466 500 tulonios
512 438 570 495 in
611 435 838 496 Etruria
876 452 992 495 non
1025 437 1239 515 'procul
1279 455 1314 498 a
1358 436 1499 496 mari
1541 438 1758 515 pisces,
1819 438 1883 499 In
1925 436 2196 499 Casinate

205 524 420 585 fluvius
450 519 778 599 appellatur
806 518 1106 594 Scatebra,
1138 520 1403 597 frigidus,
1441 519 1816 580 abundantior
1844 531 2087 582 aestate.
2137 524 2197 582 in

163 625 281 672 seo
326 614 388 666 ut
432 604 493 662 in
536 603 825 663 Arcadiae
868 603 1185 682 Stymphali
1238 613 1546 664 nascuntur
1596 605 1877 683 aquatiles
1930 606 2190 666 musculi.

200 691 280 753 In
288 688 546 750 Dodone
581 685 736 746 Iovis
768 687 898 747 fons
932 704 1058 746 cum
1084 687 1158 747 sit
1189 686 1416 764 gelidus
1449 696 1510 747 et
1552 688 1830 750 inmersas
1862 689 2005 748 facis
2054 707 2151 748 ex·
2174 700 2279 754 228

203 776 495 851 stinguat,
526 771 577 829 si
608 771 926 831 exstinctae
965 770 1406 869 admoveantur,
1438 771 1722 832 accendit.
1782 772 1933 833 idem
1950 773 2193 853 meridie

203 874 446 936 semper
476 853 703 930 delicit,
737 872 848 933 qua
879 855 952 915 de
986 863 1158 915 causa
1190 844 1640 933 ἀναπαυόμενον
1664 865 1894 916 vocant.
1946 872 2081 916 mox
2112 857 2193 915 in-

205 955 491 1001 crescens
536 937 608 998 ad
657 938 903 998 medium
943 938 1133 998 noctis
1181 937 1491 1014 exuberat,
1544 939 1615 1000 ab
1648 957 1721 1000 eo
1751 959 1949 1001 rursus
1981 941 2195 999 sensim

133 1045 185 1087 ιο
209 1024 429 1085 delicit.
491 1020 557 1082 Iu
585 1021 834 1097 Illyricis
884 1039 1059 1100 supra
1099 1023 1317 1082 fontem
1356 1019 1623 1100 frigidum
1653 1042 1946 1103 expansae
1993 1032 2195 1096 vestes

202 1105 618 1168 accenduntur.
682 1103 838 1165 Iovis
866 1104 1193 1165 Hammonis
1221 1114 1481 1183 stagnum
1513 1107 1758 1168 interdiu
1793 1108 2059 1186 frigidum
2089 1124 2191 1167 no-

203 1191 396 1251 ctibus
432 1188 641 1248 fervet.
700 1186 764 1248 In
800 1188 1148 1266 Trogodytis
1188 1189 1318 1249 fons
1360 1190 1514 1250 Solis
1547 1192 1873 1270 appellatur
1916 1192 2101 1255 dulcis
2132 1199 2194 1250 et

203 1276 365 1335 circa
395 1272 692 1332 meridiem
720 1273 962 1332 maxime
997 1273 1257 1350 frigidus.
1303 1290 1439 1333 mox
1473 1275 1742 1351 paulatim
1771 1284 2086 1354 tepescens
2119 1274 2191 1335 ad

199 1358 394 1418 noctis
438 1355 628 1416 media
672 1354 905 1416 fervore
948 1365 1007 1417 et
1049 1358 1418 1419 amaritudine
1459 1357 1774 1417 infestatur.
1833 1359 1971 1419 Padi
2018 1359 2147 1418 fons
2171 1365 2274 1422 229

131 1453 186 1504 1⁸
202 1441 412 1502 mediis
445 1438 650 1499 diebus
681 1441 918 1500 aestivis
960 1440 1120 1501 velut
1152 1442 1611 1521 interquiescens
1653 1459 1886 1520 semper
1925 1450 2070 1502 aret.
2135 1442 2192 1501 in

203 1523 451 1586 Tenedo
481 1522 667 1583 insula
692 1522 825 1583 fons
853 1541 1085 1602 semper
1114 1542 1146 1584 a
1185 1526 1353 1584 tertia
1383 1525 1570 1584 noctis
1598 1524 1741 1585 hora
1777 1528 1836 1584 in
1864 1534 2086 1585 sextam
2117 1523 2192 1584 ab

201 1608 433 1669 aestivo
458 1606 708 1666 solstitio
740 1607 1009 1684 exundat,
1043 1616 1102 1667 et
1129 1609 1187 1668 in
1208 1607 1360 1668 Delo
1385 1608 1568 1669 insula
1590 1607 1800 1688 Inopus
1830 1609 1959 1668 fons
1982 1608 2191 1668 eodem

202 1709 321 1772 quo
345 1689 512 1750 Nilus
534 1689 704 1750 modo
730 1708 799 1750 ac
820 1692 1035 1770 pariter
1066 1709 1193 1752 cum
1216 1709 1289 1751 eo
1321 1692 1610 1752 decrescit
1639 1702 2017 1772 augeturque.
2053 1709 2188 1751 con-

201 1786 292 1837 tra
328 1773 623 1835 Timavom
668 1791 889 1835 amnem
917 1775 1099 1837 insula
1139 1793 1318 1854 parva
1362 1776 1419 1837 in
1458 1777 1598 1837 mari
1635 1785 1724 1838 est
1769 1794 1897 1838 cum
1937 1776 2191 1838 fontibus

127 1883 183 1924 zo
203 1859 431 1934 calidis,
466 1859 563 1937 qui
592 1860 806 1936 pariter
830 1878 956 1920 cum
978 1868 1141 1920 aestu
1166 1861 1338 1920 maris
1363 1870 1629 1922 crescunt
1645 1862 2097 1940 minuunturque.
2132 1862 2189 1918 in

201 1960 349 2021 agro
373 1942 617 2002 Pitinate
642 1951 797 2002 trans
824 1943 1225 2022 Appenninum
1254 1944 1457 2004 fluvius
1480 1944 1750 2005 Novanus
1783 1941 2045 2006 omnibus'
2069 1944 2183 2004 sol-

200 2027 375 2088 stitiis
418 2033 647 2085 torrens
681 2025 877 2087 bruma
914 2029 1183 2088 siccatur.
1242 2025 1305 2087 In
1348 2027 1578 2088 Falisco
1613 2031 1793 2093 omnis
1826 2046 1971 2108 aqua
2005 2037 2141 2106 pota
2164 2034 2271 2089 230

201 2109 482 2172 candidos
523 2108 710 2169 boves
749 2110 904 2170 facit.
962 2111 1019 2170 in
1060 2110 1302 2171 Boeotia
1348 2113 1533 2171 amnis·
1568 2111 1751 2173 Melas
1795 2115 1921 2173 ovis
1948 2114 2185 2189 migras,

201 2192 495 2273 Cephisus
526 2211 603 2252 ex
633 2193 840 2253 eodem
881 2194 1012 2254 lacu
1046 2194 1340 2273 profluens
1376 2195 1568 2272 albas,
1615 2215 1813 2256 rursus
1856 2198 2051 2274 nigras
2080 2195 2186 2255 Pe·

129 2277 362 2352 zsnius,
394 2276 669 2356 rufasque
700 2277 852 2338 iuxta
885 2277 1048 2338 Ilium
1075 2278 1355 2355 Xanthus,
1385 2280 1538 2339 unde
1573 2289 1630 2340 et
1657 2280 2058 2340 nomenamni.
2124 2276 2187 2338 In

198 2362 384 2422 Ponto
429 2359 634 2420 fluvius
665 2360 911 2420 Astaces
957 2362 1108 2440 rigat
1152 2379 1387 2441 campos
1429 2362 1487 2422 in
1531 2363 1735 2442 quibus
1783 2373 1984 2443 pastae
2018 2363 2185 2440 nigro

197 2445 352 2506 lacte
382 2461 574 2523 equae
604 2452 835 2521 gentem
866 2445 1040 2505 alunt.
1101 2445 1165 2506 In
1195 2445 1437 2507 Reatino
1469 2447 1597 2506 fons
1628 2447 1890 2508 Neminie
1926 2446 2184 2526 appella-

197 2538 288 2589 tus
320 2527 438 2587 alio
473 2536 647 2606 atque
691 2528 805 2587 alio
840 2527 974 2589 loco
1021 2530 1280 2611 exoritpr
1316 2547 1577 2591 annonae
1611 2533 1978 2592 mutationem
2010 2530 2183 2607 signi-

197 2613 398 2672 ficans.
458 2609 724 2671 Brundisi
754 2613 810 2672 in
835 2622 1010 2691 portu
1040 2614 1169 2674 fons
1205 2614 1563 2693 incorruptas
1593 2624 1850 2693 praestat
1880 2632 2059 2712 aquas
2087 2630 2182 2672 na·

131 2693 544 2773 sovigantibus.
606 2693 907 2770 Lyncestis
947 2714 1093 2775 aqua
1131 2716 1278 2777 quae
1323 2707 1564 2758 vocatur
1603 2698 1825 2758 acidula
1864 2699 1979 2757 vini
2009 2697 2183 2757 modo

195 2778 548 2839 temulentos
578 2777 734 2838 facit.
768 2780 902 2839 item
926 2782 982 2839 in
1005 2781 1396 2861 Paphlagonia
1421 2784 1553 2842 etin
1577 2799 1718 2858 agro
1745 2780 1983 2841 Caleno.
2027 2779 2143 2839 An·
2164 2787 2267 2843 231

196 2863 302 2949 dro
337 2863 397 2921 in
436 2861 656 2939 insula,
708 2864 928 2942 templo
959 2863 1150 2924 Liberi
1197 2866 1407 2943 patris,
1453 2864 1670 2924 fontem
1710 2866 1876 2924 nonis
1908 2864 2182 2924 Ianuariis

196 2940 436 3024 se'mper
475 2946 592 3004 vini
639 2964 851 3025 sapore
886 2947 1067 3009 fluere
1099 2948 1396 3009 Mucianus
1437 2958 1525 3009 ter
1568 2949 1768 3008 consul
1800 2948 2001 3008 credit.
2057 2948 2184 3008 dies

197 3028 484 3090 Θεοδοσία
502 3039 763 3089 vocatur.
820 3031 980 3092 quta
1008 3030 1315 3092 Nonacrim
1339 3033 1394 3091 in
1415 3032 1665 3093 Arcadia
1689 3033 1832 3106 Styx
1856 3049 1967 3092 nec
1997 3032 2185 3092 odore

127 3136 178 3180 35
197 3112 471 3172 differens
502 3130 615 3172 nec
644 3113 846 3174 colore
878 3125 1050 3194 epota
1079 3116 1239 3176 illico
1272 3124 1458 3176 necat.
1491 3118 1625 3176 item
1652 3117 1709 3175 in
1729 3115 2010 3177 Liberoso
2037 3115 2181 3175 Tau-

194 3213 389 3255 rorum
422 3196 577 3256 colle
613 3198 955 3259 tresfontes
988 3200 1112 3258 sine
1142 3200 1433 3276 remedio,
1486 3201 1609 3259 sine
1640 3200 1844 3261 dolore
1878 3199 2178 3260 mortiferi.

195 3277 257 3339 In
301 3278 633 3340 Carrinensi
665 3281 973 3359 Hispaniae
1011 3299 1155 3359 agro
1200 3282 1311 3342 duo
1352 3283 1543 3343 fontes
1585 3285 1739 3346 iuxta
1783 3285 1990 3359 fluunt,
2033 3282 2181 3341 alter

196 3364 386 3424 omnia
412 3381 721 3444 respuens,
756 3365 905 3427 alter
934 3364 1277 3427 absorbens.
1322 3366 1381 3426 in
1411 3367 1615 3431 eadem
1640 3377 1817 3448 gente
1845 3368 1991 3429 alius
2020 3363 2179 3426 aurei

2232 3534 2306 3564 Δ
