2320 3650
546 140 707 186 NAT.
741 139 924 215 nls'r.
957 140 1052 185 xl.
1091 136 1335 191 26-«29.
1377 128 1687 205 (32—35.)
2014 129 2132 188 175

89 292 461 376 quibusdam·
486 294 724 353 muscis.
812 292 1073 354 omnibns
1111 301 1302 353 autem
1346 292 1435 353 his
1476 296 1534 352 in
1567 310 1672 353 ore
1706 303 1769 353 et
1798 309 1907 371 pro
1939 294 2132 372 lingua

65 387 237 443 ‚sunt
264 378 330 437 hi
360 377 573 437 aculei.
627 377 967 457 quibusdam
997 376 1268 452 hebetes,
1291 395 1485 455 neque
1517 377 1588 437 ad
1619 386 1892 456 punctum
1924 380 2030 440 sed
2060 382 2131 440 ad

90 472 357 535 summ,
394 471 462 521 ut
483 479 809 521 muscarum
833 462 1057 538 generi,
1086 462 1142 518 in
1176 478 1290 538 quo
1315 463 1512 539 lingua
1535 462 1774 522 evidens
1801 463 1991 523 fistula
2019 473 2126 523 est.

88 563 220 607 nee
247 553 386 605 sunt
415 545 632 605 talibus
667 546 893 606 dentes.
948 545 1092 605 aliis
1124 546 1423 606 cornicula
1454 554 1588 606 ante
1623 548 2131 625 oculosvpraeten-

47 633 315 694 5duntur
347 632 590 706 ignava,
637 638 700 689 ut
734 628 1142 708 papilionibus.
1208 630 1490 708 quaedam
1519 633 1744 690 insecta
1778 642 1977 691 carent
2007 635 2142 710 pin—

87 719 209 791 nis,
250 723 316 774 ut
349 714 789 791 scolopendra..

229 798 339 859 29.
375 797 543 877 (35.)
576 797 939 858 Insectormn
963 798 1148 875 pedes
1182 796 1391 875 quibus
1419 769 1630 858 suntin
1652 765 1950 877 obliquom
1973 818 2093 860 mo·
2110 812 2210 865 101

85 892 335 951 ventur
406 882 764 960 quorundam
799 883 1045 942 extremi
1076 883 1379 959 longiores
1407 881 1555 942 foris
1586 892 1914 960 curvantur,
1946 895 2010 944 ut
2041 885 2125 944 lo·

88 969 307 1031 castis.
375 965 501 1028 Hae
533 968 809 1044 periunt‘
792 984 850 1026 m
882 976 1100 1026 terram
1128 966 1383 1026 demisso
1406 968 1616 1045 spinae
1653 967 1822 1026 caule
1848 984 1958 1028 ova
1989 986 2126 1029 con·

30 1077 72 1118 m
86 1051 286 1115 densa
318 1052 568 1112 autumni
593 1061 884 1129 tempore.
918 1068 995 1110 ea
1010 1051 1216 1110 durant
1245 1050 1457 1110 hieme.
1505 1069 1541 1110 e
1562 1061 1719 1111 terra
1748 1051 2127 1131 subsequenti

87 1154 253 1199 anno
288 1136 449 1195 exitu
483 1137 643 1194 veris
679 1133 937 1194 emittunt
973 1152 1218 1213 parvas,
1262 1136 1542 1211 nigrantis
1585 1144 1647 1195 et
1682 1136 1806 1195 sine
1839 1138 2126 1212 cruribus,

85 1222 418 1302 pinnisque
450 1222 751 1298 reptantis.
816 1220 1011 1297 itaque
1041 1220 1237 1278 vernis
1269 1220 1435 1296 aquis
1465 1221 1755 1279 intereunt
1789 1238 1933 1296 ova,
1966 1224 2129 1282 sicco

87 1323 252 1367 vere
271 1305 828 1383 maiorproventus.
866 1303 986 1362 Alii
1010 1302 1302 1381 duplicem
1331 1321 1528 1362 earum
1551 1304 1752 1378 fetum,
1775 1308 2090 1380 geminum·
2113 1315 2211 1368 102

89 1409 218 1470 que
239 1389 481 1448 exitium
510 1389 759 1463 tradunt,
785 1387 1157 1464 vergiliarum
1191 1395 1398 1446 exortu
1422 1405 1658 1464 parere,
1688 1387 1899 1448 deinde
1930 1390 2000 1449 ad
2034 1408 2126 1448 ca-

30 1478 186 1538 snis
228 1481 420 1532 ortam
457 1471 621 1531 obire
656 1480 714 1531 et
744 1472 891 1531 alias
930 1472 1179 1533 renasci.
1235 1470 1475 1568 ‘quidam
1521 1473 1732 1530 arcturi
1777 1478 1997 1536 occasu
2035 1491 2126 1531 re-

88 1558 287 1634 nasci.
354 1553 502 1614 Mori
531 1564 778 1629 matres,
807 1573 939 1614 cum
969 1555 1344 1633 pepererint,
1390 1563 1612 1614 certum
1644 1564 1768 1631 est,
1804 1557 2125 1616 vermiculo

89 1643 298 1708 statim
331 1641 490 1699 circa
521 1640 726 1700 faucis
738 1642 1073 1699 innascente
1104 1640 1200 1716 qui
1228 1656 1336 1698 eas
1364 1639 1703 1716 strangulat.
1742 1640 1951 1701 eodem
1982 1651 2124 1700 tem·

87 1744 253 1807 pore
285 1741 481 1784 mares
517 1724 752 1783 obeunt
814 1722 953 1783 Tam
988 1723 1200 1783 frivola
1241 1723 1466 1783 ratione
1515 1724 1832 1785 morientes
1881 1742 2125 1803 serpen·

89 1821 254 1886 tem,
307 1825 441 1869 eum
479 1806 680 1883 libuit,
710 1817 920 1868 necant
949 1808 1245 1908 singulae,
1288 1806 1556 1871 faucibus
1584 1809 1715 1869 eius
1743 1809 2127 1889 adprehensis

30 1921 69 1961 ιο
88 1894 421 1956 mordiens.
483 1909 616 1952 non
629 1902 943 1953 nascuntur
969 1894 1079 1952 nisi
1114 1894 1345 1953 rimosis
1378 1893 1546 1954 locis.
1585 1892 1651 1953 In
1680 1893 1839 1954 India
1867 1904 2092 1954 ternum
2109 1903 2212 1958 103

94 1974 728 2060 pedumlongitudinis
753 1995 891 2037 esse
922 1978 1240 2053 traduntur,
1275 1978 1539 2038 cruribus
1575 1989 1633 2037 et
1663 1979 1968 2038 feminibus
2001 1997 2123 2039 ser-

89 2081 299 2126 rarum
346 2080 508 2122 usum
551 2061 876 2140 praebere,
925 2080 1054 2121 cum
1091 2062 1426 2122 inaruerint.
1510 2061 1618 2122 Est
1661 2073 1720 2122 et
1749 2064 1895 2123 alius
1929 2081 2125 2122 earum

93 2149 322 2210 obitus.
384 2148 676 2223 gregatim
693 2145 956 2206 sublatae
984 2155 1162 2206 vento
1192 2149 1250 2205 in
1280 2149 1458 2206 maria
1482 2156 1580 2206 aut
1602 2157 1807 2223 stagna
1831 2147 2122 2206 decidunt.

91 2236 257 2294 ferte
289 2231 701 2309 hoccsanne
735 2231 949 2306 evenit,
982 2248 1118 2306 non,
1150 2239 1214 2289 ut
1243 2231 1423 2308 prisci
1455 2231 1898 2305 existimavere,
1927 2229 2122 2289 made-

34 2341 65 2379 5
89 2317 274 2378 factis
307 2325 594 2376 nocturno
625 2331 828 2374 umore
859 2314 986 2374 alis.
1050 2314 1225 2374 iidem
1259 2315 1473 2392 quippe
1501 2328 1614 2373 nec
1649 2315 1854 2374 volare
1887 2332 1988 2373 eas
2021 2330 2123 2373 no-

94 2400 297 2462 ctibus
343 2409 600 2479 propter.
626 2400 854 2476 frigora
898 2399 1292 2474 tradiderunt,
1351 2399 1536 2474 ignari
1584 2399 1755 2458 etiam
1807 2398 2122 2476 longinqua

89 2486 281 2545 marie
314 2483 387 2544 ab
418 2485 489 2542 iis
523 2485 755 2543 transiri
797 2485 1124 2543 continuata
1152 2483 1403 2561 plurium
1446 2482 1668 2542 dierum
1697 2492 1784 2528 —-'-
1815 2484 2120 2561 quodma-

88 2587 273 2629 xime
305 2567 838 2627 miremur—fame
875 2584 1132 2647 quoque,
1158 2584 1329 2645 quam
1362 2575 1608 2646 propter
1638 2577 1880 2627 externa
1909 2566 2121 2645 pabula

89 2663 315 2735 petere
351 2653 558 2712 sciunt.
615 2652 874 2714 Deorum
915 2654 1041 2712 irae
1082 2652 1266 2729 pestis
1288 2647 1361 2710 ‘ea
1397 2651 1785 2728 intellegitur.
1838 2669 2083 2728 namque
2104 2659 2208 2710 104

30 2760 62 2799 o
93 2749 160 2800 et
181 2737 544 2815 grandiores
574 2745 885 2799 cernuntur
909 2745 973 2795 et
999 2745 1154 2797 tanto
1185 2736 1386 2795 volant
1425 2737 1724 2814 pinnarum
1756 2736 2028 2808 stridore,
2061 2743 2121 2792 ut

89 2824 251 2884 aliae
288 2822 461 2882 alites
493 2822 838 2897 credantur,
886 2821 1190 2898 solemque
1235 2820 1576 2880 obumbrant
1618 2819 1882 2879 sollicitis
1915 2822 2118 2895 suspe-

90 2907 396 2967 ctantibus
426 2906 691 2984 populis,
728 2923 802 2965 ne
836 2923 971 2964 suas
1008 2906 1276 2982 operiant
1306 2915 1514 2966 terras.
1577 2905 1869 2964 sufficiunt
1900 2904 2118 2982 quippe
2231 2964 2235 2979 ,

86 2994 260 3051 vires
297 3000 379 3066 et,
410 2999 696 3068 tamquam
723 3007 922 3068 parum
949 2990 1027 3049 sit
1048 2990 1226 3050 maria
1250 2991 1551 3065 transisse,
1583 2991 1876 3065 inmensos
1902 2995 2120 3048 tractus

88 3085 409 3155 permeant
440 3076 682 3153 diraque
712 3074 1002 3134 messibus
1035 3073 1187 3133 nube
1226 3083 1574 3152 contegunt,
1628 3075 1803 3133 multa
1848 3079 2119 3131 contactu

30 3177 61 3216 3
83 3161 450 3234 adurentes,
497 3161 685 3218 omnia
727 3176 871 3219 vero
895 3176 1097 3217 morsu
1133 3158 1450 3219 erodentes
1476 3167 1542 3224 et
1578 3158 1740 3218 fores
1770 3172 2004 3237 quoque
2033 3165 2118 3215 te-

88 3255 347 3304 ctorum.
416 3243 633 3303 Italiam
672 3262 748 3302 ex
770 3244 970 3303 Africa
1000 3261 1263 3302 maxume
1292 3252 1533 3302 coortae
1562 3243 1856 3317 infestant,
1894 3259 2076 3319 saepe
2104 3250 2202 3304 105

86 3329 325 3408 populo
366 3327 628 3388 Romano
672 3328 742 3387 ad
786 3327 1064 3402 Sibyllina
1111 3337 1318 3386 coacto
1362 3327 1620 3387 remedia
1665 3329 1987 3404 confugere
2035 3327 2119 3383 in-.

85 3415 278 3493 opiae
313 3421 491 3472 metu.
566 3411 631 3471 In
667 3411 990 3486 Cyrenaica
1038 3413 1282 3488 regione
1336 3412 1433 3470 lex
1485 3413 1654 3472 etiam
1694 3423 1785 3472 est
1830 3422 1921 3472 ter
1968 3425 2115 3470 anno
