2320 3650
169 77 290 142 130
875 85 934 135 c,
973 86 1165 136 pum
1195 87 1493 137 suenum

166 246 311 306 fessi
342 244 713 323 proferuntur
744 244 814 303 ad
847 244 1085 319 primos,
1110 243 1186 300 ita
1222 244 1404 301 ceteri
1433 246 1744 322 stipatione
1768 248 2014 307 naturali
2044 267 2171 326 pro-

167 329 391 407 pellunt
420 345 543 388 eos.
610 324 994 388 Candidorum
1021 326 1263 384 alterum
1293 328 1547 404 vectigal
1588 330 1646 387 in
1680 329 1893 407 pluma.
1951 332 2173 392 vellun-

165 422 255 471 tur
294 411 631 489 quibusdam
675 410 826 470 locis
869 408 959 468 bis
1002 426 1168 467 anne.
1241 428 1440 472 rursus
1482 411 1792 490 plumigeri
1832 416 2171 476 vestiuntur.

165 495 418 570 mollior,
452 513 602 574 quae
633 494 869 572 corpori
909 509 1213 571 proxuma,
1266 504 1324 553 et
1358 512 1391 553 e
1423 493 1727 555 Germania
1761 497 2174 559 laudatissima.

84 590 151 642 54
169 579 396 642 candidi
425 578 524 653 ibi,
549 596 752 637 verum
781 578 1058 651 minores,
1087 586 1298 652 gantae
1324 587 1623 638 vocantur.
1672 582 1924 677 pretium
1948 582 2215 660 plumaes

164 682 365 723 eorum
406 665 464 721 in
505 661 684 722 libras
727 659 945 724 denarii
991 662 1167 737 quini.
1244 669 1306 719 et
1341 662 1473 721 inde
1534 664 1768 724 crimina
1828 665 2177 745 plerumque

165 747 436 807 auxilium
469 745 786 824 praefectis
818 762 849 803 a
882 744 1041 821 vigili
1074 745 1325 804 statione
1358 745 1430 806 ad
1461 745 1609 805 haec
1647 749 1894 825 aucupia
1926 749 2177 812 dimissis

165 830 503 892 cohortibus
536 830 689 889 totis.
756 845 968 906 eoque
988 828 1237 888 deliciae
1281 846 1636 906 processere
1685 840 1748 889 ut
1785 833 1915 892 sine
1947 832 2114 893 hoc
2099 852 2174 892 m·

164 924 477 976 strumento
511 913 720 972 durare
749 914 860 972 iam
896 930 968 970 ne
1001 913 1252 970 virorum
1289 913 1519 990 quidem
1554 915 1822 974 cervices
1858 919 2108 993 possint.

78 1011 147 1063 55
288 996 457 1075 (28.)
506 994 680 1058 Aliud
722 997 946 1074 reperit
977 995 1181 1070 Syriae
1220 1014 1356 1073 pars
1388 1014 1535 1074 quae
1572 995 1968 1075 Commagene
2003 1017 2232 1062 voca-10

65 1119 68 1122 ι
161 1092 272 1156 tur,
306 1082 536 1160 adipem
567 1097 767 1140 eorum
792 1080 849 1137 iu
879 1096 1018 1139 vase
1053 1097 1231 1139 aereo
1258 1098 1386 1140 cum
1410 1081 1671 1141 cinnamo
1694 1083 1826 1141 nive
1861 1084 2045 1143 multa
2078 1084 2175 1143 ob-

161 1175 345 1224 rutum
376 1183 445 1224 ac
489 1164 687 1239 rigore
733 1162 931 1239 gelido
983 1172 1335 1223 maceratum
1374 1164 1446 1223 ad
1475 1182 1641 1226 usum
1672 1166 1969 1242 praeclari
2004 1168 2175 1228 medi·

162 1248 396 1308 caminis
427 1243 583 1327 quod
612 1245 683 1306 ab
712 1256 889 1323 gente
922 1235 1129 1305 dicitur
1158 1244 1623 1324 Commagenum.

77 1343 146 1397 56
288 1331 457 1411 (29.)
503 1331 774 1391 Anserini
803 1332 1039 1407 generis
1074 1340 1206 1389 sunt
1245 1330 1680 1410 chenalopeces
1721 1341 1781 1391 et
1812 1325 2033 1410 quibus
2060 1336 2174 1395 lau-

162 1418 343 1475 tiores
396 1416 600 1494 epulas
654 1431 769 1473 non
817 1415 977 1473 novit
1016 1412 1339 1489 Britannia,
1384 1415 1735 1476 chenerotes
1781 1416 1914 1476 fere
1965 1437 2174 1479 ansere
2193 1439 2234 1477 ιε»

163 1502 434 1560 minoreS.
495 1500 687 1560 Decet
736 1507 1028 1559 tetraonas
1083 1516 1223 1557 suus
1280 1499 1434 1558 nitor
1489 1499 1876 1578 absolutaque
1922 1503 2174 1579 nigritia,

161 1587 218 1643 in
250 1583 577 1662 superciliis
623 1584 789 1646 cocci
837 1580 1032 1641 rubor.
1126 1582 1370 1642 alterum
1415 1600 1613 1642 eorum
1662 1602 1849 1660 genus
1887 1586 2176 1646 voltarum

161 1668 608 1745 magnitudinem
644 1665 909 1741 excedit,
963 1683 1201 1744 quorum
1237 1675 1294 1725 et
1326 1665 1587 1726 colorem
1621 1667 1835 1732 reddit.
1901 1688 2022 1728 nec
2062 1669 2175 1730 ulla

163 1751 287 1811 ales
333 1749 1081 1830 exceptostruthocamelo
1123 1751 1310 1810 maius
1357 1766 1609 1830 corpore
1651 1752 1899 1829 inplens.
1922 1754 2173 1832 pondus,

161 1838 217 1894 in
262 1845 473 1895 tantum
515 1844 680 1894 aucta
725 1845 784 1894 ut
823 1836 877 1893 in
937 1845 1090 1893 terra
1146 1852 1378 1913 quoque
1424 1834 1710 1895 inmobilis
1759 1837 2173 1934 prehendatur.
2190 1852 2232 1890 20

161 1921 402 1995 gignunt
430 1935 536 1978 eos
570 1918 758 1997 Alpes
794 1927 852 1978 et
882 1918 1352 1997 septentrionalis
1399 1920 1586 1996 regio.
1649 1921 1706 1977 in
1734 1921 1972 1981 aviariis
2005 1939 2172 2000 sapo-

79 2012 145 2067 57
166 2021 286 2062 rem
335 2002 596 2096 perdunt.
659 2004 976 2062 moriuntur
1019 2003 1377 2063 contumacia
1412 2004 1618 2081 spiritu
1660 2012 1966 2064 revocato.
2039 2005 2174 2065 Pro—

167 2105 372 2145 xumae
409 2078 502 2146 eis
534 2095 663 2145 sunt
699 2104 840 2164 quas
882 2086 1158 2164 Hispania
1196 2088 1318 2146 avis
1368 2087 1561 2146 tardas
1593 2087 1878 2165 appellat,
1928 2087 2176 2148 Graecia

166 2160 437 2245 ὠτίδας,
483 2170 775 2231 damnatas
824 2171 879 2228 in
933 2169 1100 2229 cibis.
1167 2172 1375 2229 emissa
1424 2171 1574 2233 enim
1633 2171 1866 2236 ossibus
1923 2171 2177 2231 medulla

166 2255 362 2313 odoris
405 2255 654 2314 taedium
694 2253 989 2332 extemplo
1027 2255 1306 2332 sequitur.
2189 2275 2231 2315 ω

83 2348 152 2401 58
293 2337 392 2397 23.
429 2338 597 2418 (30.)
644 2334 910 2397 Inducias
943 2336 1118 2397 habet
1148 2356 1294 2414 gens
1317 2336 1605 2416 Pygmaea
1629 2337 1913 2398 abscessu
1942 2356 2176 2415 gruum,

81 2430 248 2483 mout
282 2421 556 2498 diximus,
603 2441 727 2481 cum
774 2421 841 2480 iis
873 2421 1273 2483 dimicantium.
1337 2421 1630 2485 inmensus
1679 2430 1770 2485 est
1808 2431 2034 2482 tractus
2065 2439 2176 2501 quo

167 2504 434 2579 veniunt,
483 2507 531 2563 si
565 2507 691 2584 quis
722 2514 973 2583 reputet,
1007 2523 1038 2563 a
1073 2505 1214 2564 mari
1248 2503 1398 2564 Eoo.
1467 2505 1695 2583 quando
1728 2505 2178 2583 proficiscantur

172 2589 566 2665 consentiunt,
619 2589 815 2648 volant
855 2589 926 2648 ad
957 2588 1423 2667 prospiciendum
1465 2588 1602 2663 alte,
1643 2588 1849 2649 ducem
1883 2607 2067 2666 quern
2088 2607 2179 2649 se·

171 2681 412 2750 quantur
449 2672 685 2750 eligunt,
718 2674 775 2731 in
809 2682 1068 2732 extremo
1110 2672 1335 2749 agmine
1372 2690 1478 2750 per
1516 2672 1661 2731 vicis
1706 2673 1806 2751 qui
1851 2672 2232 2749 adclamentto

88 2765 157 2818 59
179 2758 493 2834 dispositos
512 2755 726 2815 habent
762 2765 820 2815 et
852 2757 947 2833 qui
986 2774 1230 2833 gregem
1270 2773 1419 2816 voce
1473 2756 1822 2819 contineant.
1900 2752 2180 2817 excubias

172 2840 382 2900 habent
425 2841 721 2898 nocturnis
766 2840 1122 2918 temporibus
1169 2838 1422 2917 lapillum
1476 2839 1627 2917 pede
1670 2841 2036 2916 sustinentis,
2085 2840 2179 2919 qni

173 2925 396 2984 laxatus
434 2940 636 2982 somno
669 2933 727 2983 et
779 2922 1055 2984 decidens
1086 2922 1499 3000 indiligentiam
1542 2932 1842 3000 coarguat.
1942 2933 2179 2984 ceterae

176 3007 457 3067 dormiunt
499 3008 689 3085 capite
735 3006 931 3069 subter
973 3008 1117 3067 alam
1183 3008 1414 3067 condito
1460 3006 1697 3067 alternis
1744 3006 1999 3086 pedibus
2048 3006 2178 3069 insi-

179 3097 414 3147 stentes.
454 3092 566 3149 dux
593 3099 792 3149 erecto
825 3091 1093 3168 providet
1123 3090 1277 3150 collo
1304 3109 1372 3150 ac
1406 3090 1705 3168 praedicit.
1754 3090 2006 3151 eaedem
2030 3107 2229 3157 man-³³

185 3170 477 3229 suefactae
510 3174 832 3250 lasciviunt,
880 3192 1179 3252 gyrosque
1214 3175 1492 3252 quosdam
1530 3174 1812 3234 indecoro
1864 3192 2043 3235 cursu
2086 3171 2180 3233 vei

96 3258 167 3311 60
186 3250 444 3322 singulae
489 3267 788 3332 peragunt.
867 3265 1084 3316 certum
1128 3267 1218 3316 est
1274 3258 1511 3318 Pontum
1558 3259 2026 3319 transvolaturas
2072 3254 2177 3337 pri·

184 3346 330 3386 mum
380 3336 620 3393 omnium
653 3342 943 3415 angustias
988 3351 1191 3419 petere
1229 3344 1378 3401 inter
1422 3343 1532 3402 duo
1574 3344 1978 3420 promontoria
2025 3337 2180 3401 Criu·
