2320 3650
47 113 78 212 Ν
349 164 371 184 ¹
523 111 685 157 NAT.
735 109 918 158 ms'r.
965 110 1034 156 X.
1080 105 1320 161 33—37.
1371 98 1678 176 (51—53.)
1994 100 2110 161 139

62 267 384 348 imprium
431 265 666 343 generis
711 266 838 324 eius
883 274 943 323 et
988 274 1299 340 turturum,
1349 285 1476 325 cum
1521 264 1753 341 bibant,
1807 267 1960 326 colla
2000 285 2115 327 non

69 354 463 430 esupinare‚
504 350 787 427 largeque
819 349 1024 409 bibere
1056 350 1437 409 iumentorum
1465 350 1663 409 modo.

176 436 297 496 35.
359 435 590 494 Vivere
621 432 906 511 palumbis
932 433 1005 493 ad
1034 448 1202 493 xxx.
1220 452 1468 508 annum,
1495 433 1721 511 aliquas
1754 443 1811 493 et
1836 434 1907 493 ad
1928 437 2040 493 XL.
2059 481 2077 512 ,
2097 448 2200 502 106

58 522 357 584 labemus
401 528 698 592 auctore8‚
732 536 844 576 uuo
871 528 1085 577 tantum
1112 519 1481 580 incommodo
1507 520 1776 595 unguium
1814 518 2022 578 eodem
2058 532 2116 581 et

56 613 434 683 irgumento
476 610 787 676 senectae,
832 604 929 681 qui
962 604 1105 662 citra
1138 604 1456 681 perniciem
1488 603 1841 663 reciduntur.
1911 614 2115 664 cantus

54 691 344 750 »mnibus
391 687 597 746 similis
627 695 801 765 atque
834 687 985 764 idem
1027 689 1178 746 trino
1215 688 1517 747 conficitur
1546 703 1720 747 versu
1759 697 2115 766 praeterque

54 795 92 833 n
130 773 440 834 clausula
470 772 723 848 gemitu,
759 771 949 830 hieme
975 773 1180 847 mutiS‚
1225 790 1258 831 a
1290 792 1433 831 vere
1462 772 1785 832 vocalibus.
1849 771 2113 848 Nigidius

50 868 214 938 putat
235 904 253 934 ‚
302 875 448 917 cum
482 874 595 915 ova
619 855 853 915 incubet
878 855 982 914 sub
1006 864 1189 932 tect0‚
1223 858 1566 916 nominatam
1588 855 1917 934 palumbem
1941 857 2113 916 relin—

49 962 238 1023 {uere
288 941 497 1001 nidos.
567 942 794 1017 pariunt
835 949 1025 1000 autem
1069 951 1205 1019 post
1240 942 1566 1001 solstitium.
1654 939 1971 1000 Columbae
2016 951 2074 1001 et
2099 949 2199 1004 107

48 1038 334 1087 turtures
385 1025 617 1084 octonis
662 1026 823 1083 annis
867 1026 1084 1085 vivont.
1178 1026 1277 1086 36.
1327 1035 1529 1085 contra
1557 1026 1785 1103 passeri
1813 1027 2116 1085 minumum

49 1115 252 1187 vitae,
299 1111 406 1170 cui
439 1110 712 1168 salacitas
748 1127 871 1187 par.
933 1127 1125 1168 mares
1157 1119 1442 1186 negantur
1473 1127 1622 1169 anno
1659 1111 1868 1169 diutius
1904 1111 2115 1170 durare

47 1203 454 1273 argument0‚
489 1194 621 1271 quia
645 1193 801 1252 nulla
824 1195 982 1253 veris
1007 1195 1173 1252 initio
1194 1194 1472 1272 adpareat
1493 1194 1784 1271 nigritudo
1811 1197 1867 1253 in
1896 1204 2114 1271 rostr0‚

51 1299 209 1358 quae
245 1279 338 1339 ab
377 1287 602 1337 aestate
634 1279 854 1355 incipit.
914 1278 1142 1336 feminis
1178 1278 1606 1354 longiusculum
1639 1281 1901 1356 spatium.
1957 1279 2074 1338 Ve-
2096 1287 2201 1342 108

48 1384 177 1424 rum
214 1361 529 1424 columbis
561 1363 711 1421 inest
744 1362 975 1440 quidam
1007 1372 1066 1421 et
1098 1363 1326 1439 gloriae
1358 1362 1709 1422 intellectus.
1769 1380 1947 1422 nosse
1986 1381 2113 1442 cre-

52 1450 159 1509 das
212 1465 379 1508 suos
423 1448 662 1507 colores
708 1448 1166 1524 varietatemque
1210 1447 1568 1525 dispositam.
1642 1448 1777 1525 quin
1825 1449 1996 1506 etiam
2038 1466 2115 1506 ex

51 1534 271 1594 volatu
325 1533 648 1609 quaeritur.
722 1531 1007 1607 plaudere
1051 1534 1107 1589 in
1142 1530 1311 1590 caelo
1354 1525 1633 1608 variequ!
1677 1531 1927 1590 sulcare.
2000 1550 2115 1609 qua

50 1619 109 1676 in
139 1616 566 1677 ostentatione
591 1625 657 1673 ut
686 1616 914 1674 vinctae
948 1615 1302 1694 praebentur
1332 1616 1616 1693 accipitri,
1650 1616 1942 1694 inplicatis
1966 1625 2112 1675 stre·

53 1705 180 1780 pitu
211 1700 447 1780 pinum,
482 1701 579 1777 qui
601 1717 717 1758 non
739 1701 847 1758 uisi
878 1699 1034 1777 ipsis‘
1057 1701 1274 1760 alarum
1308 1702 1520 1759 umeris
1560 1701 1816 1776 eliditur,
1854 1701 2112 1778 alioquin

54 1788 266 1847 soluto
294 1784 506 1844 volatu
531 1784 587 1843 in
608 1784 1220 1845 multumvelociores.
1252 1786 1593 1864 speculatur
1616 1785 1883 1845 occultus
1905 1785 2114 1846 fronde

60 1872 215 1932 latro
257 1880 325 1931 et
357 1870 715 1946 gaudentem
745 1872 801 1929 in
836 1873 963 1948 ipsa
999 1872 1190 1947 gloria
1222 1873 1389 1949 rapit.
1482 1871 1583 1931 37.
1632 1870 1719 1931 Ob
1751 1871 1809 1930 id
1843 1889 1969 1930 cum
2006 1872 2077 1930 iis
2096 1878 2198 1932 109

59 1956 352 2015 habenda
405 1963 495 2013 est
539 1956 664 2014 avis
714 1972 863 2031 quae
910 1956 1275 2014 tinnunculus
1317 1965 1575 2015 vocatur.
1661 1955 1921 2015 defendit
1963 1957 2113 2015 enim

63 2040 196 2100 illas
229 2048 553 2117 terretque
589 2039 901 2117 accipitres
932 2039 1178 2099 naturali
1212 2043 1470 2118 potentia
1502 2042 1558 2098 in
1590 2049 1804 2099 tantum
1835 2048 1895 2097 ut
1925 2042 2114 2098 visum

60 2142 414 2203 vocemque
466 2125 589 2182 eius
622 2123 865 2199 fugiant.
942 2124 1051 2183 hac
1098 2125 1171 2183 de
1217 2142 1390 2183 causa
1432 2126 1783 2202 praecipuus
1831 2123 2113 2183 columbis

62 2227 230 2268 amor
273 2225 514 2281 eorum,
546 2207 892 2285 feruntque,
927 2209 974 2265 si
1009 2210 1064 2266 in
1096 2218 1366 2287 quattuor
1397 2208 1624 2284 angulis
1658 2206 2022 2267 defodiantur
2056 2207 2113 2264 in

67 2293 205 2353 ollis
243 2293 425 2352 novis
459 2291 679 2367 oblitis,
714 2309 826 2351 non
856 2301 1077 2351 mutare
1112 2292 1313 2350 sedem
1340 2291 1671 2365 columbas,
1698 2290 1852 2367 quod
1879 2301 1937 2351 et
1968 2308 2111 2350 auro

64 2379 330 2438 inseetis
369 2375 585 2435 alarum
622 2376 879 2436 articulis
910 2378 1261 2454 quaesivere
1296 2377 1470 2454 aliqui
1507 2393 1621 2434 non
1659 2375 1830 2434 aliter
1863 2376 2113 2434 innoxiis

69 2461 460 2535 volneribuS‚
508 2460 819 2537 multivaga
862 2460 1117 2539 alioquin
1158 2479 1287 2519 ave.
1367 2469 1457 2520 est
1498 2462 1648 2520 enim
1680 2478 1776 2518 ars
1815 2461 1929 2522 illis
1963 2463 2112 2520 inter

70 2565 135 2606 se
164 2545 435 2607 blandiri
468 2554 526 2603 et
557 2562 935 2623 corrumpere
960 2546 1102 2604 alias
1135 2546 1408 2623 furtoque
1445 2546 1839 2604 comitatiores
1871 2546 2109 2605 reverti.

201 2630 387 2707 (53.)
438 2627 589 2701 Quin
621 2639 679 2688 et
708 2631 1086 2688 internuntiae
1113 2631 1172 2688 in
1188 2632 1410 2708 magnis
1435 2630 1613 2690 rebus
1634 2630 1822 2706 fuere,
1859 2632 2074 2708 epistu-
2096 2640 2199 2691 110

48 2715 158 2775 *las
192 2715 468 2775 adnexas
501 2731 696 2773 earum
725 2714 971 2791 pedibus
1004 2714 1309 2775 obsidione
1341 2714 1648 2774 Mutinensi
1672 2716 1726 2773 in
1751 2724 1941 2773 castra
1974 2730 2110 2772 con-

75 2799 272 2859 sulum
318 2798 583 2857 Decumo
632 2798 809 2858 Bruto
841 2801 1122 2858 mittente.
1189 2801 1324 2877 quid
1359 2800 1570 2859 vallum
1615 2809 1674 2858 et
1702 2800 1846 2875 vigil
1882 2797 2110 2856 obsidio

76 2892 258 2963 atque
295 2884 472 2941 etiam
508 2883 654 2941 retia
686 2898 849 2942 amne
895 2893 1199 2960 praetenta
1234 2886 1512 2962 profuere
1549 2882 1801 2943 Antonio
1833 2902 1941 2962 per
1977 2900 2109 2941 cae-

77 2967 194 3028 lum
248 2976 424 3026 eunte
471 2964 711 3025 nuntio?
787 2966 861 3027 Et
903 2968 1101 3028 harum
1145 2985 1342 3028 amore
1380 2970 1663 3029 insaniunt
1692 2967 1872 3027 multi.
1935 2978 2112 3045 super

78 3060 242 3113 tecta
277 3051 666 3110 exaedificant
689 3054 862 3110 turris
894 3053 983 3127 iis,
1013 3051 1492 3133 nobilitatemque
1526 3052 1877 3129 singularum
1909 3062 1965 3111 et
1998 3052 2109 3111 ori-

50 3138 258 3213 sgines
294 3144 528 3196 narrant
560 3145 767 3195 vetere
804 3138 911 3195 iam
943 3137 1238 3213 exemplo.
1296 3137 1356 3196 L.
1392 3137 1575 3198 Axius
1606 3155 1791 3214 eques
1821 3136 2112 3196 Romanus

86 3230 222 3280 ante
271 3219 492 3279 bellum
529 3220 709 3280 civile
755 3220 1165 3298 Pompeianum
1217 3222 1467 3280 denariis
1515 3222 1953 3300 quadringentis
1998 3222 2108 3281 siu-

83 3305 225 3381 gula
285 3306 444 3381 paria
487 3305 836 3379 venditavit,
887 3315 946 3364 ut
992 3304 1067 3363 M.
1105 3305 1293 3375 Varro
1334 3306 1522 3365 tradit.
1593 3309 1729 3385 quin
1777 3317 1836 3366 et
1872 3309 2113 3386 patriam

85 3387 473 3451 nobilitavere
496 3390 553 3446 in
579 3386 889 3466 Campania
919 3389 1336 3465 grandissimae
1370 3392 1682 3468 provenire
1709 3393 2109 3452 existumatae.

2182 3502 2228 3542 A
