2320 3650
172 80 296 144 208
852 90 914 139 e.
952 47 1143 167 emm
1192 62 1548 140 snounmj‘
1606 66 1610 71 ’

92 259 193 315 116
210 249 430 308 Dianae
464 245 737 324 conplexi
771 262 805 307 e
850 244 1094 305 diversis
1123 243 1459 320 reg-ionibus
1491 244 1603 303 duo
1636 245 2004 304 Selenuntes.
2079 244 2176 307 Ab

174 329 673 410 EphesoMatium
707 328 858 388 aliud
891 326 1478 406 Colophoniorum‘et
1503 328 1651 387 intus
1683 329 1807 406 ipsa
1840 327 2176 407 Colophon,

174 414 392 475 Haleso
424 413 736 479 adfluente.»
792 411 926 471 inde
949 410 1240 489 Apollinis
1273 408 1449 470 Clarii
1478 410 1691 485 fanum,
1722 411 2012 491 Lebedos.
2066 413 2177 473 fuit

177 507 236 558 et
265 496 496 557 Notium
528 496 821 574 oppidum.
883 495 1334 573 promontorium
1367 492 1745 569 Cyrenaeum,
1777 511 1942 554 mons
1972 494 2173 556 Mimas

179 580 269 643 CL
296 579 353 639 Μ
387 597 655 659 passuum
698 596 1014 639 excurrens
1047 587 1219 656 atque
1265 579 1320 635 in
1361 577 1785 636 continentibus
1828 581 2047 656 campis
2078 597 2172 638 re·
2196 599 2220 639 5

174 664 393 725 sidens.
466 679 580 741 quo
626 663 682 720 in
726 662 860 720 loco
903 660 1142 736 Magnus
1190 659 1527 720 Alexander
1568 661 1842 721 intercidi,
1876 661 2176 739 planitiem

176 764 302 809 eam
342 746 589 806 iusserat
617 744 733 804 VII·
770 742 921 803 MD
970 750 1242 821 passuum
1286 743 1674 820 longitudine,
1726 753 1786 803 ut
1829 743 1974 804 duos
2014 746 2175 805 sinus

93 839 191 896 117
211 833 477 907 iungeret
515 827 913 904 Erythrasque
960 842 1086 886 cum
1120 826 1398 907 Mimante*
1436 827 1941 888 circumfunderet.
2006 826 2173 889 quta

177 932 279 976 eas
311 915 539 973 fuerunt
569 912 781 989 oppida
812 910 1089 985 Pteleon,
1131 909 1344 984 Helos,
1381 909 1636 985 Dorion,
1682 928 1831 968 nunc
1864 910 1953 969 est
1977 910 2173 971 Aleon

175 999 413 1072 fluvius,
472 994 834 1070 Corynaeum
883 993 1167 1053 Mimantis
1222 995 1702 1071 promontorium,
1760 991 2242 1069 Clazomenae51o

175 1080 479 1142 Parthenie
529 1087 587 1138 et
628 1077 829 1156 Hippi,
885 1075 1309 1154 Chytrophoria
1363 1076 1723 1155 appellatae,
1778 1093 1906 1136 cum
1947 1076 2171 1139 insulae

179 1171 395 1224 essent.
470 1160 806 1221 Alexander
846 1161 996 1219 idem
1037 1178 1146 1238 per
1198 1160 1309 1220 duo
1352 1160 1536 1219 stadia
1577 1161 1893 1219 continenti
1935 1158 2167 1220 adiecit.

175 1247 456 1307 Inter-iere
503 1246 651 1307 intus
683 1243 958 1322 Daphnus
991 1252 1050 1302 et
1078 1243 1380 1305 Hermesta
1422 1251 1480 1301 et
1511 1244 1768 1321 Sipylum
1804 1244 1958 1320 quod
2000 1252 2170 1303 antea

177 1329 430 1391 Tantalis
461 1327 812 1402 vocabatur,
858 1336 1031 1404 caput
1059 1326 1393 1401 Maeoniae,
1437 1326 1533 1386 ubi
1572 1345 1720 1385 nunc
1764 1336 1856 1386 est
1903 1335 2169 1402 stagnum
2211 1352 2214 1353 ⁷
2292 1347 2300 1354 ·

177 1413 333 1474 Sale.
418 1412 561 1472 obiit
615 1421 673 1470 et
719 1410 1147 1488 Archaeopolis
1198 1408 1503 1468 substituta
1545 1410 1749 1487 Sipylo
1798 1418 1857 1482 et
1901 1409 2034 1469 inde
2075 1409 2164 1469 illi
2188 1423 2239 1464 15

94 1507 194 1561 118
214 1495 401 1574 Colpe
445 1505 504 1554 et
542 1494 675 1554 huic
715 1493 950 1554 Libade.
1045 1491 1527 1570 Regredientibus
1570 1492 1703 1552 inde
1746 1492 1915 1553 abest
1954 1491 2062 1551 XII
2104 1491 2166 1552 M

176 1598 445 1659 passuum
477 1577 549 1637 ab
578 1577 873 1636 Amazone
904 1576 1153 1651 condita,
1184 1576 1445 1635 restituta
1479 1576 1556 1635 ab
1580 1575 1942 1651 Alexandro,
1969 1578 2027 1635 in
2061 1591 2167 1634 ora

178 1663 456 1738 Zmyrna,
511 1679 675 1735 amne
719 1659 936 1719 Melete
978 1659 1239 1736 gaudens
1282 1676 1398 1718 non
1443 1659 1651 1737 procul
1697 1668 1845 1718 orto.
1937 1658 2165 1718 Montes

175 1747 352 1806 Asiae
382 1744 721 1805 nobilissimi
756 1745 813 1802 in
842 1743 956 1802 hoc
996 1752 1183 1802 tractu
1226 1743 1351 1802 fere
1396 1742 1688 1820 explicant
1717 1760 1802 1801 se.
1863 1741 2161 1817 Mastusia,

178 1848 211 1889 a
249 1839 417 1905 tergo
452 1828 744 1903 Zmyrnae·
779 1836 836 1886 et
870 1824 1187 1900 Termetis,
1215 1869 1218 1872 -
1242 1823 1469 1904 Olympi
1513 1825 1810 1885 radicibus*
1848 1828 2053 1885 iunctis
2101 1822 2161 1885 in
2178 1843 2234 1886 20

175 1912 445 1972 Dracone
480 1911 717 1985 desinit,
747 1909 937 1969 Draco
958 1910 1033 1968 'in
1067 1908 1301 1985 Tmolo,
1336 1908 1569 1969 Tmolus
1599 1912 1656 1969 in
1688 1907 1931 1985 Cadmo,
1970 1910 2070 1969 ille
2105 1910 2164 1969 in

96 2004 196 2059 119
219 1993 426 2054 Taum.
488 1994 541 2051 A
581 1992 823 2067 Zmyrna
857 1992 1099 2052 Hermus
1131 2010 1366 2070 campos
1411 1992 1549 2051 facit
1581 2002 1638 2051 et
1674 1993 1883 2052 nomini
1924 2009 2030 2052 suo
2060 1992 2160 2052 ad-

178 2086 358 2156 optat.
387 2080 567 2136 oritur
583 2077 735 2135 iuxta
751 2075 1065 2151 Dorylaum
1078 2076 1363 2153 Phrygiae
1376 2076 1679 2150 civitatem,
1698 2076 2023 2154 multosque
2037 2076 2164 2136 col·

178 2162 306 2238 ligit
331 2160 558 2236 ssuvios,
585 2162 734 2219 inter
759 2159 1205 2236 quosPhrygem
1230 2160 1327 2237 qui
1351 2160 1755 2234 nomineffgenti
1780 2159 1913 2219 dato
1940 2156 2164 2219 aCaria
2254 2194 2260 2200 -

178 2262 305 2304 eam
336 2245 719 2318 disterminat,
770 2242 995 2317 Hyllum
1039 2252 1096 2302 et
1132 2240 1358 2317 Cryon,
1408 2252 1466 2301 et
1493 2244 1655 2320 ipsos
1684 2241 2229 2318 Phrygiae,'My-·2s

177 2329 334 2403 siae,
388 2326 602 2401 Lydiae
659 2326 915 2386 amnibus
962 2327 1243 2403 repletos
1326 2326 1432 2385 fuit
1480 2327 1536 2384 in
1578 2342 1682 2384 ore
1725 2326 1845 2384 eius
1888 2325 2163 2403 oppidum

179 2409 457 2487 Temnos,
503 2429 650 2469 nunc
684 2412 741 2469 in
782 2418 1041 2468 extremo
1073 2411 1202 2469 sinu
1230 2408 1553 2483 Myrmeces
1585 2410 1841 2486 scopuli,
1887 2408 2162 2487 oppidum

179 2494 405 2554 Leucae
441 2494 496 2552 in
525 2494 918 2571 promontorio
951 2493 1104 2569 quod
1139 2493 1325 2551 insula
1371 2492 1475 2551 fuit
1506 2492 1747 2569 finisque
1790 2492 1983 2551 Ioniae
2012 2490 2159 2553 Pho-

95 2587 198 2640 120
220 2594 380 2637 caea.
472 2576 847 2651 Zmyrnaeum
899 2584 1241 2635 conventum
1290 2592 1495 2652 magna
1536 2593 1669 2652 pars
1711 2573 1955 2636 Aeoliae
2007 2590 2161 2652 quae

177 2677 313 2722 mox
345 2660 567 2719 dicetur
594 2660 957 2738 frequentat,
1005 2668 1355 2737 praeterque
1384 2657 1734 2718 Macedones
1772 2658 1906 2732 ng
1939 2669 1952 2701 ⁵
1994 2658 2038 2716 -ῐ,
2062 2663 2232 2717 c'o-ao
2316 2715 2320 2723 ⁴

177 2744 489 2821 gnominati
532 2752 592 2802 et
633 2742 934 2819 Magnetes
966 2760 999 2802 a
1048 2742 1271 2820 Sipylo,
1338 2760 1537 2801 verum
1585 2740 1876 2820 Ephesum
1921 2741 2163 2801 alterum

179 2826 370 2887 lumen
407 2825 587 2886 Asiae
625 2827 969 2885 remotiores
999 2826 1343 2885 conveniunt
1379 2822 1820 2900 CaesarienseS,
1857 2820 2164 2901 Metropo-

179 2909 336 2987 litae,
372 2906 617 2969 cilbiani
648 2908 954 2968 inferiores
994 2917 1051 2967 et
1080 2909 1439 2986 superiores,
1471 2908 2014 2983 Mysomacedones,
2045 2905 2164 2966 Ma-

178 3001 545 3068 staurenses,
579 2992 880 3066 Briulitae,
917 2991 1288 3069 Hypaepeni,
1318 2991 1722 3052 Dioshieritae.

98 3086 196 3139 121
364 3073 466 3136 30.
515 3074 680 3154 (32.)
724 3074 928 3134 Aeolis
962 3092 1239 3153 proxuma
1287 3084 1411 3150 est,
1468 3074 1749 3151 quondam
1794 3071 2018 3132 Moesia
2051 3090 2163 3151 *ap-
2182 3085 2237 3131 as

179 3158 429 3237 pellata,
481 3167 540 3219 et
580 3176 729 3237 quae
762 3157 1142 3239 Hellesponto
1179 3158 1403 3219 adiacet
1437 3157 1639 3217 Troas.
1715 3156 1793 3215 ibi
1835 3174 1867 3216 a
1897 3155 2166 3217 Phocaea

178 3241 460 3301 Ascanius
510 3250 730 3320 portus.
818 3241 949 3301 dein
989 3242 1179 3302 fuerat
1215 3241 1464 3315 Larisa,
1497 3249 1628 3300 sunt
1672 3237 1881 3314 Cyme,
1946 3238 2166 3313 Myrina

181 3340 329 3403 quae
362 3324 792 3403 Sebastopolim
823 3342 888 3385 se
916 3335 1105 3386 vocat.
1166 3325 1313 3385 intus
1344 3323 1654 3400 Aegaeae,
1689 3321 1864 3400 Itale,
1893 3321 2165 3400 Posidea,
