2320 3650
545 105 718 152 NAT.
752 103 932 151 msr.
969 103 1072 151 111.
1110 98 1282 153 5—7.
1322 76 1619 175 (ιο-413.)
2038 94 2155 155 139
2222 107 2241 158 .·

74 260 240 321 ostio
268 258 554 333 Metina,
591 274 734 316 mox
764 275 916 335 quae
938 256 1187 316 Blascon
1211 266 1470 332 vocatur,
1507 267 1566 317 et
1591 266 1711 317 tres
1735 258 2103 319 Stoechades·
2123 278 2157 319 a

76 347 305 404 vicinis
343 340 852 402 Massiliensibus
884 341 1071 400 dictae
1105 349 1350 418 propter
1384 341 1642 401 ordinem
1678 350 1793 419 'quo
1830 343 1973 402 sitae
2006 353 2153 402 sunt.

76 430 335 488 nomina
392 425 669 502 singulis
713 424 919 498 Prote,
967 422 1130 482 Mese
1182 442 1332 501 quae
1379 432 1438 483 et
1469 422 1860 500 Pomponiana
1891 436 2153 501 vocatur,

79 513 263 572 tertia
297 510 615 588 Hypaea.
657 507 731 567 ab
763 507 855 566 his
888 507 1157 582 Sturium,
1191 507 1520 582 Phoenice,
1554 507 1745 582 Phila,
1776 507 1926 568 Lero
1959 519 2018 568 et
2047 508 2154 568 Le·

34 623 61 661 ⁵
81 597 220 655 rina·
249 595 619 655 adversum
645 590 988 667 Antipolim,
1021 591 1079 648 in
1111 608 1224 668 qua
1252 589 1550 667 Vergoani
1581 592 1782 669 oppidi
1812 594 2110 651 memoria.

208 679 282 740 6.
324 675 531 755 (12.)
572 673 642 734 In
671 673 968 750 Ligustico
997 675 1141 733 mari
1175 683 1265 733 est
1298 671 1539 733 Corsica
1570 693 1737 753 quam
1771 675 1978 734 Graeci
2012 672 2240 748 Cyr-sso

77 780 201 821 non
235 760 716 840 appellavere,
768 757 875 817 sed
904 756 1095 816 Tusco
1133 759 1411 835 propior,
1446 776 1480 816 a
1515 760 1911 835 septentrione
1945 761 2002 817 in
2035 776 2152 817 me-

75 846 310 906 ridiem
366 844 701 922 proiecta,
752 840 928 917 longa
972 859 1243 918 passuum
1291 839 1381 899 CL
1423 841 1614 916 milia,
1659 841 1774 902 lata
1816 843 2032 901 maiore
2081 860 2156 900 ex

80 939 267 1007 parte
306 926 785 1006 quinquaginta,
819 925 1055 984 circuitu
1088 920 1405 983 CCCXXV
1433 924 1508 984 Μ.
1563 924 1731 984 abest
1764 943 1796 985 a
1826 924 2006 984 Vadis
2035 924 2154 985 Vo-

7 1038 62 1078 ω
82 1013 444 1072 later-ranis
467 1007 650 1069 ssLXII
683 1007 741 1066 M
774 1026 929 1085 pasS.
950 1021 974 1082 ,·
1018 1008 1281 1067 civitates
1326 1007 1502 1067 habet
1532 1006 1755 1068 XXXII
1801 1018 1859 1068 et
1894 1008 2157 1068 colonias

78 1096 444 1157 Marianam
487 1111 526 1151 a
565 1089 634 1149 C.
672 1090 852 1150 Mario
889 1091 1224 1166 deductam,
1269 1090 1527 1151 Aleriam
1574 1110 1607 1151 a
1651 1092 1935 1152 dictatore
1970 1092 2150 1152 Sulla.

81 1178 260 1239 Citra
301 1187 412 1238 est
455 1174 722 1252 Oglasa,
771 1176 915 1234 intra
943 1192 1119 1249 vero,
1170 1183 1230 1234 et
1276 1176 1576 1251 sexaginta
1619 1176 1774 1235 milia
1816 1194 2086 1253 passuum
2120 1194 2154 1234 a

82 1262 388 1335 Corsica,
430 1258 714 1319 Planaria
744 1276 777 1317 a
806 1258 1009 1334 specie
1044 1258 1216 1334 dicta,
1250 1260 1512 1335 aequalis
1542 1258 1693 1318 freto
1719 1258 1970 1337 ideoque
1993 1260 2152 1320 navi-

83 1348 207 1425 giis
239 1344 486 1406 fallax.
543 1341 812 1419 Amfflior
831 1340 991 1417 Urgo
1028 1350 1087 1400 et
1110 1338 1409 1419 Capraria,
1444 1360 1614 1420 quam
1644 1340 1855 1402 Graeci
1879 1342 2232 1419 Aegilionffl

15 1431 355 1504 afflixere,
418 1429 576 1486 item
619 1423 842 1501 Igilium
885 1434 943 1484 et
983 1424 1246 1484 Dianium
1291 1443 1459 1503 quam
1502 1424 1901 1500 Artemisiam,
1948 1426 2150 1485 ambae

87 1523 317 1574 contra
369 1508 687 1569 Cosanum
734 1507 896 1584 litus,
945 1517 1001 1567 et
1043 1507 1337 1587 Barpana,
1381 1508 1706 1582 Maenaria,
1760 1506 2151 1582 Columbaria,

83 1596 420 1669 Venaria,
471 1592 602 1651 Ilva
643 1609 771 1651 cum
811 1592 953 1651 ferri
991 1592 1276 1667 metalliS,
1329 1594 1569 1652 circuitu
1616 1601 1843 1651 centum
1883 1592 2070 1666 milia,
2119 1608 2153 1649 a

84 1679 470 1759 Populonio
519 1675 759 1750 decem,
809 1693 840 1734 a
878 1673 1117 1735 Graecis
1148 1675 1417 1736 Aethalia
1453 1677 1622 1736 dicta.
1678 1675 1751 1735 ab
1784 1693 1855 1736 ea
1886 1675 2152 1736 Planasia

86 1761 377 1828 XXVIII
412 1758 500 1818 Μ.
569 1757 662 1816 Ab
697 1758 785 1817 his
825 1758 974 1819 ultra
1017 1759 1287 1819 Tiberina
1332 1761 1480 1819 ostia
1523 1760 1582 1817 in
1623 1759 1870 1819 Antiano
1914 1759 2149 1834 Astura,

14 1865 248 1910 eomox
284 1844 624 1919 Palmaria,
660 1842 889 1911 Sinonia
922 1853 979 1902 et
1009 1844 1314 1903 adversum
1342 1843 1602 1904 Formias
1632 1842 1889 1903 Pontiae.
1952 1843 2016 1904 In
2044 1842 2236 1903 Pu-82

89 1931 368 1993 teolauo
406 1937 610 1987 autem
640 1927 762 1985 sinu
794 1926 1155 2003 Pandateria,
1194 1927 1500 2003 Ptochyta,
1534 1945 1650 1988 non
1679 1927 1752 1987 ab
1777 1927 2017 1988 Aeneae
2049 1945 2147 1986 nu-

93 2018 264 2078 trice
303 2012 429 2071 sed
477 2010 612 2088 quia
658 2010 894 2087 profusa
932 2009 1004 2071 ab
1040 2009 1291 2070 Aenaria
1323 2021 1477 2085 erat,
1523 2010 1774 2071 Aenaria
1810 2012 1939 2088 ipsa
1972 2030 2004 2071 a
2037 2019 2148 2070 sta-

93 2100 279 2160 tione
309 2094 562 2155 navium
585 2093 845 2169 Aeneae,
878 2092 1130 2153 Homero
1156 2094 1400 2153 Inarime
1425 2095 1600 2169 dicta,
1624 2094 1950 2168 Pithecusa,
1979 2111 2094 2153 non
2117 2111 2150 2153 a

99 2183 438 2242 simiarum
483 2177 837 2237 multitudine
881 2178 974 2255 (ut
1008 2177 1183 2254 aliqui
1216 2179 1650 2256 existimavere)
1696 2179 1801 2238 sed
1834 2196 1865 2237 a
1902 2177 2151 2254 figulinis

17 2291 79 2332 25
100 2266 457 2326 doliorum.
498 2259 659 2319 Inter
687 2261 1032 2340 Pausilipum
1060 2269 1118 2319 et
1147 2260 1454 2338 Neapolim
1485 2259 1760 2337 Megaris,
1792 2278 1928 2320 mox
1958 2279 1990 2320 a
2014 2262 2147 2320 Sur·

96 2356 297 2409 rento
347 2353 498 2405 octo
537 2343 773 2403 *milibus
818 2362 1088 2422 passuum
1131 2345 1407 2404 distantes
1452 2343 1648 2415 Tiberi
1694 2345 1969 2423 principis
2011 2360 2147 2403 arce

100 2430 374 2492 nobiles
421 2425 697 2504 Capreae
744 2429 980 2487 circuitu
1009 2425 1093 2486 XI
1133 2426 1193 2486 M
1234 2445 1523 2504 passuum.
1592 2427 2143 2507 (13.)7Leucothea,
2160 2435 2230 2489 83

104 2523 431 2591 extraque
482 2520 893 2588 conspectum,
951 2510 1197 2589 pelagus
1226 2510 1483 2570 Africum
1515 2513 1835 2588 attingens,
1887 2502 2148 2571 Sardin'ia

106 2600 323 2659 miuus
359 2603 506 2654 octo
545 2594 775 2653 milibus
807 2610 1076 2671 passuum
1107 2613 1138 2654 a
1177 2591 1455 2654 Corsicae
1493 2597 1800 2670 extremis,
1849 2596 2149 2654 etiamnum

26 2701 90 2745 so
111 2681 449 2758 *angustias
486 2696 589 2736 eas
625 2677 939 2738 artantibus
972 2678 1172 2737 insulis
1204 2680 1399 2755 parvis
1435 2696 1584 2756 quae
1617 2675 2015 2738 Cuniculariae
2048 2695 2147 2754 ap-

113 2763 442 2843 pellantur
471 2763 727 2839 itemque
751 2760 1044 2821 Phintonis
1076 2771 1134 2821 et
1163 2760 1407 2836 Fossae,
1440 2780 1474 2821 a
1506 2762 1710 2839 quibus
1734 2762 1942 2822 fretum
1963 2761 2150 2838 ipsum

113 2845 419 2926 Taphros
452 2846 793 2903 nominatur.

257 2932 324 2989 ’1.
360 2928 630 2988 Sardinia
655 2927 729 2986 ab
758 2929 981 2987 oriente
1006 2936 1212 3005 patens
1238 2925 1632 2987 CLXXXVIII
1665 2927 1818 2988 milia
1858 2938 2235 3003 passuum,84
2275 2927 2293 2949 ¹

115 3013 216 3075 ab
239 3011 566 3072 occidente
601 3009 1072 3085 chxvmilia,
1117 3031 1148 3071 a
1185 3011 1423 3071 meridie
1459 3010 1719 3070 LXXVII
1762 3010 1948 3083 milia,
1995 3027 2026 3068 a
2059 3027 2150 3068 se·

28 3122 100 3164 3³-
115 3096 484 3178 p‘tentrione
516 3091 749 3168 CXXV,
784 3096 1021 3154 circuitu
1050 3094 1259 3156 DLXV
1287 3094 1472 3169 milia,
1506 3094 1673 3155 abest
1703 3093 1775 3154 ab
1807 3092 2003 3152 Africa
2041 3090 2149 3152 Ca·

115 3178 395 3242 runcano
421 3179 819 3255 promontorio
844 3180 1088 3238 ducenta
1111 3178 1286 3252 milia,
1313 3196 1345 3237 a
1371 3176 1624 3237 Gadibus
1643 3177 2151 3255 quattuordeciens

119 3271 421 3324 centena.
470 3260 738 3321 habetet
768 3280 800 3320 a
827 3260 1136 3321 Gorditano
1171 3261 1564 3338 promontorio
1592 3262 1733 3321 duas
1759 3260 1972 3319 insulas
1998 3277 2148 3337 quae

117 3353 436 3410 voantur
461 3343 753 3422 Herculis,
787 3362 821 3406 a
845 3344 1115 3406 Sulcensi
1143 3343 1402 3419 Enosim,
1439 3362 1472 3403 a
1497 3341 1824 3406 Caralitano
1845 3342 2144 3404 Ficariam.
