<?xml version="1.0" encoding="UTF-8"?>
<!DOCTYPE html PUBLIC "-//W3C//DTD XHTML 1.0 Transitional//EN"
    "http://www.w3.org/TR/xhtml1/DTD/xhtml1-transitional.dtd">
<html xmlns="http://www.w3.org/1999/xhtml" xml:lang="en" lang="en">
 <head>
  <title>
</title>
<meta http-equiv="Content-Type" content="text/html;charset=utf-8" />
  <meta name='ocr-system' content='tesseract 3.04.00' />
  <meta name='ocr-capabilities' content='ocr_page ocr_carea ocr_par ocr_line ocrx_word'/>
</head>
<body>
  <div class='ocr_page' id='page_1' title='image "./cplinisecundina00eldegoog_0433.png"; bbox 0 0 2320 3650; ppageno 0'>
   <div class='ocr_carea' id='block_1_1' title="bbox 191 66 1500 128">
    <p class='ocr_par' dir='ltr' id='par_1_1' title="bbox 191 66 1500 128">
     <span class='ocr_line' id='line_1_1' title="bbox 191 66 1500 128; baseline -0.003 0"><span class='ocrx_word' id='word_1_1' title='bbox 191 66 273 128; x_wconf 80' lang='lat'><strong>92</strong></span> <span class='ocrx_word' id='word_1_2' title='bbox 882 78 942 125; x_wconf 79' lang='grc' dir='ltr'><strong>ο.</strong></span> <span class='ocrx_word' id='word_1_3' title='bbox 974 79 1167 126; x_wconf 65' lang='lat' dir='ltr'><strong>emm</strong></span> <span class='ocrx_word' id='word_1_4' title='bbox 1201 77 1500 127; x_wconf 62' lang='lat' dir='ltr'><strong>sssomsm</strong></span> 
     </span>
    </p>
   </div>
   <div class='ocr_carea' id='block_1_2' title="bbox 84 230 2308 3420">
    <p class='ocr_par' dir='ltr' id='par_1_2' title="bbox 190 230 2209 394">
     <span class='ocr_line' id='line_1_2' title="bbox 190 230 2209 312; baseline 0 -18"><span class='ocrx_word' id='word_1_5' title='bbox 190 235 362 312; x_wconf 86' lang='lat' dir='ltr'><strong>pinae</strong></span> <span class='ocrx_word' id='word_1_6' title='bbox 409 241 582 311; x_wconf 84' lang='lat' dir='ltr'><strong>atque</strong></span> <span class='ocrx_word' id='word_1_7' title='bbox 623 233 698 292; x_wconf 89' lang='lat' dir='ltr'><strong>ita</strong></span> <span class='ocrx_word' id='word_1_8' title='bbox 745 249 780 291; x_wconf 87' lang='lat' dir='ltr'><strong>e</strong></span> <span class='ocrx_word' id='word_1_9' title='bbox 819 240 974 291; x_wconf 83' lang='lat' dir='ltr'><strong>terra</strong></span> <span class='ocrx_word' id='word_1_10' title='bbox 1013 249 1046 290; x_wconf 89' lang='lat' dir='ltr'><strong>a</strong></span> <span class='ocrx_word' id='word_1_11' title='bbox 1093 232 1358 310; x_wconf 81' lang='lat' dir='ltr'><strong>pluribus</strong></span> <span class='ocrx_word' id='word_1_12' title='bbox 1397 231 1563 292; x_wconf 87' lang='lat' dir='ltr'><strong>trahi.</strong></span> <span class='ocrx_word' id='word_1_13' title='bbox 1626 230 1682 290; x_wconf 92' lang='lat' dir='ltr'><strong>in</strong></span> <span class='ocrx_word' id='word_1_14' title='bbox 1709 232 2037 294; x_wconf 86' lang='lat' dir='ltr'><strong>Phoenicio</strong></span> <span class='ocrx_word' id='word_1_15' title='bbox 2074 240 2209 296; x_wconf 84' lang='lat' dir='ltr'><strong>mari</strong></span> 
     </span>
     <span class='ocr_line' id='line_1_3' title="bbox 193 316 2205 394; baseline 0 -17"><span class='ocrx_word' id='word_1_16' title='bbox 193 317 328 377; x_wconf 87' lang='lat' dir='ltr'><strong>haut</strong></span> <span class='ocrx_word' id='word_1_17' title='bbox 369 318 487 377; x_wconf 90' lang='lat' dir='ltr'><strong>ulla</strong></span> <span class='ocrx_word' id='word_1_18' title='bbox 530 316 870 377; x_wconf 82' lang='lat' dir='ltr'><strong>difficultate</strong></span> <span class='ocrx_word' id='word_1_19' title='bbox 915 317 1248 394; x_wconf 87' lang='lat' dir='ltr'><strong>capiuntur,</strong></span> <span class='ocrx_word' id='word_1_20' title='bbox 1294 316 1563 393; x_wconf 86' lang='lat' dir='ltr'><strong>ultroque</strong></span> <span class='ocrx_word' id='word_1_21' title='bbox 1604 318 1840 376; x_wconf 83' lang='lat' dir='ltr'><strong>veniunt</strong></span> <span class='ocrx_word' id='word_1_22' title='bbox 1877 327 2037 378; x_wconf 82' lang='lat' dir='ltr'><strong>stato</strong></span> <span class='ocrx_word' id='word_1_23' title='bbox 2075 328 2205 378; x_wconf 86' lang='lat' dir='ltr'><strong>tem·</strong></span> 
     </span>
    </p>

    <p class='ocr_par' dir='ltr' id='par_1_3' title="bbox 106 399 2308 1152">
     <span class='ocr_line' id='line_1_4' title="bbox 106 399 2206 479; baseline -0 -15"><span class='ocrx_word' id='word_1_24' title='bbox 106 408 175 464; x_wconf 79' lang='lat'><strong>37</strong></span> <span class='ocrx_word' id='word_1_25' title='bbox 199 419 349 479; x_wconf 86' lang='lat' dir='ltr'><strong>pore</strong></span> <span class='ocrx_word' id='word_1_26' title='bbox 393 402 524 461; x_wconf 88' lang='lat' dir='ltr'><strong>anni</strong></span> <span class='ocrx_word' id='word_1_27' title='bbox 569 403 628 461; x_wconf 89' lang='lat' dir='ltr'><strong>in</strong></span> <span class='ocrx_word' id='word_1_28' title='bbox 668 417 888 460; x_wconf 86' lang='lat' dir='ltr'><strong>amnem</strong></span> <span class='ocrx_word' id='word_1_29' title='bbox 917 399 1293 460; x_wconf 82' lang='lat' dir='ltr'><strong>Eleutherum</strong></span> <span class='ocrx_word' id='word_1_30' title='bbox 1327 400 1508 460; x_wconf 83' lang='lat' dir='ltr'><strong>effusa</strong></span> <span class='ocrx_word' id='word_1_31' title='bbox 1538 400 1914 461; x_wconf 84' lang='lat' dir='ltr'><strong>multitudine.</strong></span> <span class='ocrx_word' id='word_1_32' title='bbox 1983 401 2206 465; x_wconf 80' lang='lat' dir='ltr'><strong>Dentes</strong></span> 
     </span>
     <span class='ocr_line' id='line_1_5' title="bbox 191 484 2204 566; baseline 0.003 -23"><span class='ocrx_word' id='word_1_33' title='bbox 191 501 307 544; x_wconf 90' lang='lat' dir='ltr'><strong>non</strong></span> <span class='ocrx_word' id='word_1_34' title='bbox 349 495 479 546; x_wconf 88' lang='lat' dir='ltr'><strong>sunt</strong></span> <span class='ocrx_word' id='word_1_35' title='bbox 519 485 825 559; x_wconf 79' lang='lat' dir='ltr'><strong>testudini,</strong></span> <span class='ocrx_word' id='word_1_36' title='bbox 869 484 974 544; x_wconf 88' lang='lat' dir='ltr'><strong>sed</strong></span> <span class='ocrx_word' id='word_1_37' title='bbox 1017 487 1190 546; x_wconf 84' lang='lat' dir='ltr'><strong>rostri</strong></span> <span class='ocrx_word' id='word_1_38' title='bbox 1233 486 1524 560; x_wconf 78' lang='lat' dir='ltr'>margines</span> <span class='ocrx_word' id='word_1_39' title='bbox 1568 486 1720 543; x_wconf 86' lang='lat' dir='ltr'><strong>acuti</strong></span> <span class='ocrx_word' id='word_1_40' title='bbox 1751 503 2012 564; x_wconf 81' lang='lat' dir='ltr'><strong>superna</strong></span> <span class='ocrx_word' id='word_1_41' title='bbox 2045 499 2204 566; x_wconf 77' lang='lat' dir='ltr'><strong>parte</strong></span> 
     </span>
     <span class='ocr_line' id='line_1_6' title="bbox 188 568 2230 647; baseline 0 -19"><span class='ocrx_word' id='word_1_42' title='bbox 188 568 525 629; x_wconf 77' lang='lat' dir='ltr'><strong>inferiorem</strong></span> <span class='ocrx_word' id='word_1_43' title='bbox 560 569 865 640; x_wconf 48' lang='lat' dir='ltr'><strong>claudente</strong></span> <span class='ocrx_word' id='word_1_44' title='bbox 899 570 1171 647; x_wconf 78' lang='lat' dir='ltr'><strong>pyxidum</strong></span> <span class='ocrx_word' id='word_1_45' title='bbox 1205 569 1398 629; x_wconf 85' lang='lat' dir='ltr'><strong>modo.</strong></span> <span class='ocrx_word' id='word_1_46' title='bbox 1432 577 1584 628; x_wconf 87' lang='lat' dir='ltr'><strong>tanta</strong></span> <span class='ocrx_word' id='word_1_47' title='bbox 1616 570 1736 628; x_wconf 89' lang='lat' dir='ltr'><strong>oris</strong></span> <span class='ocrx_word' id='word_1_48' title='bbox 1766 571 1976 630; x_wconf 86' lang='lat' dir='ltr'><strong>duritia</strong></span> <span class='ocrx_word' id='word_1_49' title='bbox 2029 582 2091 631; x_wconf 88' lang='lat' dir='ltr'><strong>ut</strong></span> <span class='ocrx_word' id='word_1_50' title='bbox 2128 573 2230 633; x_wconf 68' lang='lat' dir='ltr'><strong>lii-s</strong></span> 
     </span>
     <span class='ocr_line' id='line_1_7' title="bbox 187 653 2200 753; baseline 0.002 -41"><span class='ocrx_word' id='word_1_51' title='bbox 187 653 355 731; x_wconf 84' lang='lat' dir='ltr'><strong>pides</strong></span> <span class='ocrx_word' id='word_1_52' title='bbox 393 655 775 714; x_wconf 68' lang='lat' dir='ltr'><strong>conminuunt.</strong></span> <span class='ocrx_word' id='word_1_53' title='bbox 809 654 867 712; x_wconf 94' lang='lat' dir='ltr'><strong>in</strong></span> <span class='ocrx_word' id='word_1_54' title='bbox 897 655 1037 711; x_wconf 86' lang='lat' dir='ltr'><strong>mari</strong></span> <span class='ocrx_word' id='word_1_55' title='bbox 1071 653 1395 753; x_wconf 75' lang='lat' dir='ltr'><strong>conchyliis</strong></span> <span class='ocrx_word' id='word_1_56' title='bbox 1417 655 1636 726; x_wconf 82' lang='lat' dir='ltr'><strong>vivont,</strong></span> <span class='ocrx_word' id='word_1_57' title='bbox 1670 655 1967 713; x_wconf 81' lang='lat' dir='ltr'><strong>interram</strong></span> <span class='ocrx_word' id='word_1_58' title='bbox 2001 674 2200 733; x_wconf 79' lang='lat' dir='ltr'><strong>egres-</strong></span> 
     </span>
     <span class='ocr_line' id='line_1_8' title="bbox 187 737 2200 815; baseline 0.002 -18"><span class='ocrx_word' id='word_1_59' title='bbox 187 755 292 797; x_wconf 82' lang='lat' dir='ltr'><strong>sae</strong></span> <span class='ocrx_word' id='word_1_60' title='bbox 324 738 542 797; x_wconf 78' lang='lat' dir='ltr'><strong>herbis.</strong></span> <span class='ocrx_word' id='word_1_61' title='bbox 605 738 834 815; x_wconf 86' lang='lat' dir='ltr'><strong>pariunt</strong></span> <span class='ocrx_word' id='word_1_62' title='bbox 887 753 997 795; x_wconf 89' lang='lat' dir='ltr'><strong>ova</strong></span> <span class='ocrx_word' id='word_1_63' title='bbox 1042 738 1231 795; x_wconf 86' lang='lat' dir='ltr'><strong>avium</strong></span> <span class='ocrx_word' id='word_1_64' title='bbox 1275 739 1403 796; x_wconf 75' lang='lat' dir='ltr'><strong>ovis</strong></span> <span class='ocrx_word' id='word_1_65' title='bbox 1447 737 1654 796; x_wconf 77' lang='lat' dir='ltr'><strong>similia</strong></span> <span class='ocrx_word' id='word_1_66' title='bbox 1701 738 1772 797; x_wconf 88' lang='lat' dir='ltr'><strong>ad</strong></span> <span class='ocrx_word' id='word_1_67' title='bbox 1814 748 2072 800; x_wconf 86' lang='lat' dir='ltr'><strong>centena</strong></span> <span class='ocrx_word' id='word_1_68' title='bbox 2110 759 2200 799; x_wconf 88' lang='lat' dir='ltr'><strong>nu-</strong></span> 
     </span>
     <span class='ocr_line' id='line_1_9' title="bbox 186 821 2199 910; baseline 0.001 -29"><span class='ocrx_word' id='word_1_69' title='bbox 186 839 389 897; x_wconf 88' lang='lat' dir='ltr'><strong>mero,</strong></span> <span class='ocrx_word' id='word_1_70' title='bbox 444 839 632 899; x_wconf 83' lang='lat' dir='ltr'><strong>eaque</strong></span> <span class='ocrx_word' id='word_1_71' title='bbox 670 821 906 881; x_wconf 82' lang='lat' dir='ltr'><strong>defossa</strong></span> <span class='ocrx_word' id='word_1_72' title='bbox 955 830 1118 879; x_wconf 87' lang='lat' dir='ltr'><strong>extra</strong></span> <span class='ocrx_word' id='word_1_73' title='bbox 1164 839 1342 899; x_wconf 81' lang='lat' dir='ltr'><strong>aquas</strong></span> <span class='ocrx_word' id='word_1_74' title='bbox 1389 830 1450 880; x_wconf 86' lang='lat' dir='ltr'><strong>et</strong></span> <span class='ocrx_word' id='word_1_75' title='bbox 1492 831 1774 910; x_wconf 87' lang='lat' dir='ltr'><strong>cooperta</strong></span> <span class='ocrx_word' id='word_1_76' title='bbox 1805 832 1966 882; x_wconf 85' lang='lat' dir='ltr'><strong>terra</strong></span> <span class='ocrx_word' id='word_1_77' title='bbox 1998 842 2071 883; x_wconf 87' lang='lat' dir='ltr'><strong>ac</strong></span> <span class='ocrx_word' id='word_1_78' title='bbox 2109 843 2199 902; x_wconf 83' lang='lat' dir='ltr'><strong>pa·</strong></span> 
     </span>
     <span class='ocr_line' id='line_1_10' title="bbox 183 899 2308 984; baseline 0 -20"><span class='ocrx_word' id='word_1_79' title='bbox 183 907 302 966; x_wconf 81' lang='lat' dir='ltr'><strong>vita</strong></span> <span class='ocrx_word' id='word_1_80' title='bbox 328 907 578 984; x_wconf 82' lang='lat' dir='ltr'><strong>pectore</strong></span> <span class='ocrx_word' id='word_1_81' title='bbox 606 915 665 965; x_wconf 89' lang='lat' dir='ltr'><strong>et</strong></span> <span class='ocrx_word' id='word_1_82' title='bbox 698 905 1041 983; x_wconf 86' lang='lat' dir='ltr'><strong>conplanata</strong></span> <span class='ocrx_word' id='word_1_83' title='bbox 1098 904 1368 964; x_wconf 87' lang='lat' dir='ltr'><strong>incubant</strong></span> <span class='ocrx_word' id='word_1_84' title='bbox 1398 899 1702 964; x_wconf 89' lang='lat' dir='ltr'><strong>noctibus.</strong></span> <span class='ocrx_word' id='word_1_85' title='bbox 1750 906 2011 971; x_wconf 83' lang='lat' dir='ltr'><strong>educunt</strong></span> <span class='ocrx_word' id='word_1_86' title='bbox 2051 908 2197 967; x_wconf 83' lang='lat' dir='ltr'><strong>fetus</strong></span> <span class='ocrx_word' id='word_1_87' title='bbox 2305 901 2308 948; x_wconf 56' lang='lat' dir='ltr'><strong>i</strong></span> 
     </span>
     <span class='ocr_line' id='line_1_11' title="bbox 186 971 2242 1068; baseline -0.001 -19"><span class='ocrx_word' id='word_1_88' title='bbox 186 1007 374 1058; x_wconf 85' lang='lat' dir='ltr'><strong>annuo</strong></span> <span class='ocrx_word' id='word_1_89' title='bbox 407 991 617 1068; x_wconf 86' lang='lat' dir='ltr'><strong>spatio.</strong></span> <span class='ocrx_word' id='word_1_90' title='bbox 680 990 907 1066; x_wconf 88' lang='lat' dir='ltr'><strong>quidam</strong></span> <span class='ocrx_word' id='word_1_91' title='bbox 942 989 1128 1048; x_wconf 88' lang='lat' dir='ltr'><strong>oculis</strong></span> <span class='ocrx_word' id='word_1_92' title='bbox 1163 971 1601 1067; x_wconf 83' lang='lat' dir='ltr'><strong>spectandoque</strong></span> <span class='ocrx_word' id='word_1_93' title='bbox 1644 1006 1753 1049; x_wconf 85' lang='lat' dir='ltr'><strong>ova</strong></span> <span class='ocrx_word' id='word_1_94' title='bbox 1794 990 1991 1050; x_wconf 86' lang='lat' dir='ltr'><strong>foveri</strong></span> <span class='ocrx_word' id='word_1_95' title='bbox 2023 992 2098 1052; x_wconf 86' lang='lat' dir='ltr'><strong>ab</strong></span> <span class='ocrx_word' id='word_1_96' title='bbox 2136 994 2242 1051; x_wconf 69' lang='lat' dir='ltr'><strong>iisio</strong></span> 
     </span>
     <span class='ocr_line' id='line_1_12' title="bbox 185 1072 2198 1152; baseline 0.002 -21"><span class='ocrx_word' id='word_1_97' title='bbox 185 1082 405 1150; x_wconf 87' lang='lat' dir='ltr'><strong>putant,</strong></span> <span class='ocrx_word' id='word_1_98' title='bbox 441 1073 682 1133; x_wconf 83' lang='lat' dir='ltr'><strong>feminas</strong></span> <span class='ocrx_word' id='word_1_99' title='bbox 718 1073 931 1132; x_wconf 87' lang='lat' dir='ltr'><strong>coitum</strong></span> <span class='ocrx_word' id='word_1_100' title='bbox 967 1073 1206 1149; x_wconf 87' lang='lat' dir='ltr'><strong>fugere,</strong></span> <span class='ocrx_word' id='word_1_101' title='bbox 1261 1073 1451 1134; x_wconf 90' lang='lat' dir='ltr'><strong>donec</strong></span> <span class='ocrx_word' id='word_1_102' title='bbox 1480 1091 1601 1132; x_wconf 86' lang='lat' dir='ltr'><strong>mas</strong></span> <span class='ocrx_word' id='word_1_103' title='bbox 1631 1072 1917 1133; x_wconf 83' lang='lat' dir='ltr'><strong>festucam</strong></span> <span class='ocrx_word' id='word_1_104' title='bbox 1945 1075 2198 1152; x_wconf 79' lang='lat' dir='ltr'><strong>aliquam</strong></span> 
     </span>
    </p>

    <p class='ocr_par' dir='ltr' id='par_1_4' title="bbox 98 1156 2308 1823">
     <span class='ocr_line' id='line_1_13' title="bbox 98 1156 2197 1234; baseline 0 -17"><span class='ocrx_word' id='word_1_105' title='bbox 98 1158 428 1234; x_wconf 79' lang='lat' dir='ltr'><strong>38inponat</strong></span> <span class='ocrx_word' id='word_1_106' title='bbox 472 1175 737 1216; x_wconf 81' lang='lat' dir='ltr'><strong>aversae.</strong></span> <span class='ocrx_word' id='word_1_107' title='bbox 824 1156 1201 1234; x_wconf 76' lang='lat' dir='ltr'><strong>Trogodytae</strong></span> <span class='ocrx_word' id='word_1_108' title='bbox 1245 1160 1585 1234; x_wconf 84' lang='lat' dir='ltr'><strong>cornigeras</strong></span> <span class='ocrx_word' id='word_1_109' title='bbox 1619 1157 1831 1222; x_wconf 84' lang='lat' dir='ltr'><strong>habent</strong></span> <span class='ocrx_word' id='word_1_110' title='bbox 1861 1167 1924 1217; x_wconf 85' lang='lat' dir='ltr'><strong>ut</strong></span> <span class='ocrx_word' id='word_1_111' title='bbox 1972 1161 2032 1217; x_wconf 83' lang='lat' dir='ltr'><strong>in</strong></span> <span class='ocrx_word' id='word_1_112' title='bbox 2077 1160 2197 1234; x_wconf 84' lang='lat' dir='ltr'><strong>lyra</strong></span> 
     </span>
     <span class='ocr_line' id='line_1_14' title="bbox 186 1239 2196 1320; baseline 0.002 -22"><span class='ocrx_word' id='word_1_113' title='bbox 186 1239 429 1299; x_wconf 80' lang='lat' dir='ltr'><strong>adnexis</strong></span> <span class='ocrx_word' id='word_1_114' title='bbox 463 1240 732 1300; x_wconf 88' lang='lat' dir='ltr'><strong>cornibus</strong></span> <span class='ocrx_word' id='word_1_115' title='bbox 768 1242 898 1301; x_wconf 89' lang='lat' dir='ltr'><strong>latis</strong></span> <span class='ocrx_word' id='word_1_116' title='bbox 932 1242 1036 1300; x_wconf 89' lang='lat' dir='ltr'><strong>sed</strong></span> <span class='ocrx_word' id='word_1_117' title='bbox 1067 1240 1398 1316; x_wconf 77' lang='lat' dir='ltr'><strong>mobilibus,</strong></span> <span class='ocrx_word' id='word_1_118' title='bbox 1433 1258 1675 1320; x_wconf 83' lang='lat' dir='ltr'><strong>quorum</strong></span> <span class='ocrx_word' id='word_1_119' title='bbox 1722 1245 1778 1300; x_wconf 91' lang='lat' dir='ltr'><strong>in</strong></span> <span class='ocrx_word' id='word_1_120' title='bbox 1819 1244 2077 1302; x_wconf 85' lang='lat' dir='ltr'><strong>natando</strong></span> <span class='ocrx_word' id='word_1_121' title='bbox 2109 1263 2196 1303; x_wconf 87' lang='lat' dir='ltr'><strong>re·</strong></span> 
     </span>
     <span class='ocr_line' id='line_1_15' title="bbox 183 1325 2308 1401; baseline 0.002 -19"><span class='ocrx_word' id='word_1_122' title='bbox 183 1325 360 1401; x_wconf 87' lang='lat' dir='ltr'><strong>migio</strong></span> <span class='ocrx_word' id='word_1_123' title='bbox 392 1343 458 1384; x_wconf 87' lang='lat' dir='ltr'><strong>se</strong></span> <span class='ocrx_word' id='word_1_124' title='bbox 490 1326 776 1386; x_wconf 87' lang='lat' dir='ltr'><strong>adiuvant.</strong></span> <span class='ocrx_word' id='word_1_125' title='bbox 833 1326 1066 1386; x_wconf 89' lang='lat' dir='ltr'><strong>celtium</strong></span> <span class='ocrx_word' id='word_1_126' title='bbox 1099 1325 1154 1383; x_wconf 94' lang='lat' dir='ltr'><strong>id</strong></span> <span class='ocrx_word' id='word_1_127' title='bbox 1185 1336 1447 1400; x_wconf 70' lang='lat' dir='ltr'><strong>vocatum,</strong></span> <span class='ocrx_word' id='word_1_128' title='bbox 1485 1326 1731 1394; x_wconf 83' lang='lat' dir='ltr'><strong>eximiae</strong></span> <span class='ocrx_word' id='word_1_129' title='bbox 1760 1326 2072 1386; x_wconf 86' lang='lat' dir='ltr'><strong>testudinis</strong></span> <span class='ocrx_word' id='word_1_130' title='bbox 2095 1328 2196 1387; x_wconf 85' lang='lat' dir='ltr'><strong>se&#39;d</strong></span> <span class='ocrx_word' id='word_1_131' title='bbox 2307 1365 2308 1370; x_wconf 23' lang='grc' dir='ltr'><strong><em>κ</em></strong></span> 
     </span>
     <span class='ocr_line' id='line_1_16' title="bbox 179 1399 2238 1489; baseline 0.002 -22"><span class='ocrx_word' id='word_1_132' title='bbox 179 1399 370 1468; x_wconf 85' lang='lat' dir='ltr'><strong>rarae.</strong></span> <span class='ocrx_word' id='word_1_133' title='bbox 451 1428 698 1489; x_wconf 85' lang='lat' dir='ltr'><strong>namque</strong></span> <span class='ocrx_word' id='word_1_134' title='bbox 749 1410 978 1488; x_wconf 82' lang='lat' dir='ltr'><strong>scopuli</strong></span> <span class='ocrx_word' id='word_1_135' title='bbox 1029 1413 1332 1487; x_wconf 77' lang='lat' dir='ltr'><strong>praeacuti</strong></span> <span class='ocrx_word' id='word_1_136' title='bbox 1384 1408 1882 1487; x_wconf 85' lang='lat' dir='ltr'><strong>Chelonophagos</strong></span> <span class='ocrx_word' id='word_1_137' title='bbox 1944 1418 2189 1486; x_wconf 79' lang='lat' dir='ltr'><strong>terrent,</strong></span> <span class='ocrx_word' id='word_1_138' title='bbox 2210 1424 2238 1463; x_wconf 81' lang='lat'><strong>¹⁵</strong></span> 
     </span>
     <span class='ocr_line' id='line_1_17' title="bbox 181 1491 2195 1572; baseline 0.002 -22"><span class='ocrx_word' id='word_1_139' title='bbox 181 1491 559 1570; x_wconf 81' lang='lat' dir='ltr'><strong>Trogodytae</strong></span> <span class='ocrx_word' id='word_1_140' title='bbox 589 1502 800 1568; x_wconf 61' lang='lat' dir='ltr'><strong>alitem,</strong></span> <span class='ocrx_word' id='word_1_141' title='bbox 834 1511 981 1572; x_wconf 88' lang='lat' dir='ltr'><strong>quos</strong></span> <span class='ocrx_word' id='word_1_142' title='bbox 1015 1494 1258 1567; x_wconf 77' lang='lat' dir='ltr'><strong>adnant,</strong></span> <span class='ocrx_word' id='word_1_143' title='bbox 1292 1504 1352 1554; x_wconf 87' lang='lat' dir='ltr'><strong>ut</strong></span> <span class='ocrx_word' id='word_1_144' title='bbox 1385 1511 1585 1553; x_wconf 84' lang='lat' dir='ltr'><strong>sacras</strong></span> <span class='ocrx_word' id='word_1_145' title='bbox 1629 1494 1889 1553; x_wconf 85' lang='lat' dir='ltr'><strong>adorant.</strong></span> <span class='ocrx_word' id='word_1_146' title='bbox 1951 1495 2102 1554; x_wconf 85' lang='lat' dir='ltr'><strong>Sunt</strong></span> <span class='ocrx_word' id='word_1_147' title='bbox 2144 1505 2195 1554; x_wconf 85' lang='lat' dir='ltr'><strong>et</strong></span> 
     </span>
     <span class='ocr_line' id='line_1_18' title="bbox 179 1577 2192 1667; baseline 0.002 -31"><span class='ocrx_word' id='word_1_148' title='bbox 179 1585 519 1654; x_wconf 75' lang='lat' dir='ltr'><strong>terrestreS,</strong></span> <span class='ocrx_word' id='word_1_149' title='bbox 554 1597 705 1657; x_wconf 87' lang='lat' dir='ltr'><strong>quae</strong></span> <span class='ocrx_word' id='word_1_150' title='bbox 728 1577 805 1637; x_wconf 92' lang='lat' dir='ltr'><strong>ob</strong></span> <span class='ocrx_word' id='word_1_151' title='bbox 830 1578 926 1637; x_wconf 90' lang='lat' dir='ltr'><strong>id</strong></span> <span class='ocrx_word' id='word_1_152' title='bbox 911 1596 965 1636; x_wconf 90' lang='grc' dir='ltr'><strong>ιιι</strong></span> <span class='ocrx_word' id='word_1_153' title='bbox 987 1577 1266 1667; x_wconf 85' lang='lat' dir='ltr'><strong>operibus</strong></span> <span class='ocrx_word' id='word_1_154' title='bbox 1293 1577 1597 1638; x_wconf 83' lang='lat' dir='ltr'><strong>chersinae</strong></span> <span class='ocrx_word' id='word_1_155' title='bbox 1629 1586 1933 1652; x_wconf 80' lang='lat' dir='ltr'><strong>vocantur,</strong></span> <span class='ocrx_word' id='word_1_156' title='bbox 1958 1580 2022 1637; x_wconf 90' lang='lat' dir='ltr'><strong>in</strong></span> <span class='ocrx_word' id='word_1_157' title='bbox 2045 1579 2192 1640; x_wconf 84' lang='lat' dir='ltr'><strong>Afri·</strong></span> 
     </span>
     <span class='ocr_line' id='line_1_19' title="bbox 181 1661 2191 1740; baseline 0.002 -20"><span class='ocrx_word' id='word_1_158' title='bbox 181 1679 287 1720; x_wconf 90' lang='lat' dir='ltr'><strong>cae</strong></span> <span class='ocrx_word' id='word_1_159' title='bbox 319 1662 603 1738; x_wconf 90' lang='lat' dir='ltr'><strong>desertis,</strong></span> <span class='ocrx_word' id='word_1_160' title='bbox 636 1680 749 1740; x_wconf 82' lang='lat' dir='ltr'><strong>qua</strong></span> <span class='ocrx_word' id='word_1_161' title='bbox 782 1671 949 1740; x_wconf 82' lang='lat' dir='ltr'><strong>parte</strong></span> <span class='ocrx_word' id='word_1_162' title='bbox 986 1679 1250 1720; x_wconf 86' lang='lat' dir='ltr'><strong>maxume</strong></span> <span class='ocrx_word' id='word_1_163' title='bbox 1277 1661 1603 1721; x_wconf 87' lang='lat' dir='ltr'><strong>sitientibus</strong></span> <span class='ocrx_word' id='word_1_164' title='bbox 1633 1661 1865 1722; x_wconf 88' lang='lat' dir='ltr'><strong>harenis</strong></span> <span class='ocrx_word' id='word_1_165' title='bbox 1895 1664 2191 1739; x_wconf 83' lang='lat' dir='ltr'><strong>squalent,</strong></span> 
     </span>
     <span class='ocr_line' id='line_1_20' title="bbox 179 1745 2193 1823; baseline 0.002 -21"><span class='ocrx_word' id='word_1_166' title='bbox 179 1745 440 1820; x_wconf 89' lang='lat' dir='ltr'><strong>roscid0,</strong></span> <span class='ocrx_word' id='word_1_167' title='bbox 472 1755 535 1806; x_wconf 90' lang='lat' dir='ltr'><strong>nt</strong></span> <span class='ocrx_word' id='word_1_168' title='bbox 566 1746 842 1819; x_wconf 88' lang='lat' dir='ltr'><strong>creditur,</strong></span> <span class='ocrx_word' id='word_1_169' title='bbox 879 1763 1079 1804; x_wconf 87' lang='lat' dir='ltr'><strong>umore</strong></span> <span class='ocrx_word' id='word_1_170' title='bbox 1109 1747 1396 1805; x_wconf 80' lang='lat' dir='ltr'><strong>viventes.</strong></span> <span class='ocrx_word' id='word_1_171' title='bbox 1465 1763 1654 1823; x_wconf 87' lang='lat' dir='ltr'><strong>neque</strong></span> <span class='ocrx_word' id='word_1_172' title='bbox 1685 1746 1839 1805; x_wconf 89' lang='lat' dir='ltr'><strong>aliud</strong></span> <span class='ocrx_word' id='word_1_173' title='bbox 1868 1745 1949 1804; x_wconf 92' lang='lat' dir='ltr'><strong>ibi</strong></span> <span class='ocrx_word' id='word_1_174' title='bbox 1986 1747 2193 1808; x_wconf 84' lang='lat' dir='ltr'><strong>animal</strong></span> 
     </span>
    </p>

    <p class='ocr_par' dir='ltr' id='par_1_5' title="bbox 94 1830 2241 2075">
     <span class='ocr_line' id='line_1_21' title="bbox 94 1830 2241 1909; baseline 0.002 -23"><span class='ocrx_word' id='word_1_175' title='bbox 94 1832 465 1906; x_wconf 83' lang='lat' dir='ltr'><strong>39provenit.</strong></span> <span class='ocrx_word' id='word_1_176' title='bbox 540 1831 635 1890; x_wconf 89' lang='lat'><strong>11.</strong></span> <span class='ocrx_word' id='word_1_177' title='bbox 674 1831 842 1909; x_wconf 86' lang='lat'>(13.)</span> <span class='ocrx_word' id='word_1_178' title='bbox 891 1830 1261 1890; x_wconf 88' lang='lat' dir='ltr'><strong>Testudinum</strong></span> <span class='ocrx_word' id='word_1_179' title='bbox 1296 1833 1582 1909; x_wconf 87' lang='lat' dir='ltr'><strong>putamina</strong></span> <span class='ocrx_word' id='word_1_180' title='bbox 1613 1848 1821 1890; x_wconf 83' lang='lat' dir='ltr'><strong>secare</strong></span> <span class='ocrx_word' id='word_1_181' title='bbox 1857 1831 1919 1889; x_wconf 85' lang='lat' dir='ltr'><strong>in</strong></span> <span class='ocrx_word' id='word_1_182' title='bbox 1971 1831 2241 1891; x_wconf 71' lang='lat' dir='ltr'><strong>lamnas²¹&gt;</strong></span> 
     </span>
     <span class='ocr_line' id='line_1_22' title="bbox 180 1912 2193 1992; baseline 0.002 -21"><span class='ocrx_word' id='word_1_183' title='bbox 180 1912 489 1990; x_wconf 86' lang='lat' dir='ltr'><strong>lectosque</strong></span> <span class='ocrx_word' id='word_1_184' title='bbox 520 1922 580 1973; x_wconf 89' lang='lat' dir='ltr'><strong>et</strong></span> <span class='ocrx_word' id='word_1_185' title='bbox 609 1916 960 1992; x_wconf 87' lang='lat' dir='ltr'><strong>repositoria</strong></span> <span class='ocrx_word' id='word_1_186' title='bbox 992 1915 1080 1973; x_wconf 88' lang='lat' dir='ltr'><strong>his</strong></span> <span class='ocrx_word' id='word_1_187' title='bbox 1109 1918 1329 1974; x_wconf 86' lang='lat' dir='ltr'><strong>vestire</strong></span> <span class='ocrx_word' id='word_1_188' title='bbox 1392 1914 1678 1977; x_wconf 81' lang='lat' dir='ltr'><strong>Carvilius</strong></span> <span class='ocrx_word' id='word_1_189' title='bbox 1710 1915 1896 1974; x_wconf 90' lang='lat' dir='ltr'><strong>Pollio</strong></span> <span class='ocrx_word' id='word_1_190' title='bbox 1930 1916 2193 1991; x_wconf 87' lang='lat' dir='ltr'><strong>instituit,</strong></span> 
     </span>
     <span class='ocr_line' id='line_1_23' title="bbox 180 1996 1938 2075; baseline 0.001 -21"><span class='ocrx_word' id='word_1_191' title='bbox 180 1996 412 2074; x_wconf 83' lang='lat' dir='ltr'><strong>prodigi</strong></span> <span class='ocrx_word' id='word_1_192' title='bbox 443 2007 502 2057; x_wconf 90' lang='lat' dir='ltr'><strong>et</strong></span> <span class='ocrx_word' id='word_1_193' title='bbox 530 1999 762 2075; x_wconf 87' lang='lat' dir='ltr'><strong>sagacis</strong></span> <span class='ocrx_word' id='word_1_194' title='bbox 791 1999 862 2057; x_wconf 91' lang='lat' dir='ltr'><strong>ad</strong></span> <span class='ocrx_word' id='word_1_195' title='bbox 896 1998 1157 2059; x_wconf 86' lang='lat' dir='ltr'><strong>luxuriae</strong></span> <span class='ocrx_word' id='word_1_196' title='bbox 1187 2001 1564 2058; x_wconf 86' lang='lat' dir='ltr'><strong>instrumenta</strong></span> <span class='ocrx_word' id='word_1_197' title='bbox 1597 2001 1810 2075; x_wconf 89' lang='lat' dir='ltr'><strong>ingeni.</strong></span> <span class='ocrx_word' id='word_1_198' title='bbox 1931 2014 1938 2027; x_wconf 80' lang='grc'><strong><em>’</em></strong></span> 
     </span>
    </p>

    <p class='ocr_par' dir='ltr' id='par_1_6' title="bbox 91 2080 2306 2582">
     <span class='ocr_line' id='line_1_24' title="bbox 91 2080 2192 2162; baseline 0.002 -23"><span class='ocrx_word' id='word_1_199' title='bbox 91 2086 164 2139; x_wconf 83' lang='lat' dir='ltr'><strong>4o</strong></span> <span class='ocrx_word' id='word_1_200' title='bbox 309 2080 404 2139; x_wconf 85' lang='lat'><strong>12.</strong></span> <span class='ocrx_word' id='word_1_201' title='bbox 457 2082 625 2162; x_wconf 81' lang='lat'>(14.)</span> <span class='ocrx_word' id='word_1_202' title='bbox 686 2082 1039 2161; x_wconf 86' lang='lat' dir='ltr'><strong>Aquatilium</strong></span> <span class='ocrx_word' id='word_1_203' title='bbox 1086 2086 1401 2159; x_wconf 84' lang='lat' dir='ltr'><strong>tegimenta</strong></span> <span class='ocrx_word' id='word_1_204' title='bbox 1446 2084 1610 2160; x_wconf 83' lang='lat' dir='ltr'><strong>plura</strong></span> <span class='ocrx_word' id='word_1_205' title='bbox 1653 2092 1800 2142; x_wconf 89' lang='lat' dir='ltr'><strong>sunt.</strong></span> <span class='ocrx_word' id='word_1_206' title='bbox 1878 2083 1993 2142; x_wconf 87' lang='lat' dir='ltr'><strong>alia</strong></span> <span class='ocrx_word' id='word_1_207' title='bbox 2030 2085 2192 2143; x_wconf 89' lang='lat' dir='ltr'><strong>corio</strong></span> 
     </span>
     <span class='ocr_line' id='line_1_25' title="bbox 176 2164 2192 2246; baseline 0.002 -23"><span class='ocrx_word' id='word_1_208' title='bbox 176 2174 235 2225; x_wconf 90' lang='lat' dir='ltr'><strong>et</strong></span> <span class='ocrx_word' id='word_1_209' title='bbox 265 2164 401 2243; x_wconf 90' lang='lat' dir='ltr'><strong>pilis</strong></span> <span class='ocrx_word' id='word_1_210' title='bbox 432 2167 762 2243; x_wconf 82' lang='lat' dir='ltr'><strong>integuntur</strong></span> <span class='ocrx_word' id='word_1_211' title='bbox 790 2176 851 2225; x_wconf 90' lang='lat' dir='ltr'><strong>ut</strong></span> <span class='ocrx_word' id='word_1_212' title='bbox 880 2167 1041 2227; x_wconf 86' lang='lat' dir='ltr'><strong>vituli</strong></span> <span class='ocrx_word' id='word_1_213' title='bbox 1080 2177 1138 2227; x_wconf 89' lang='lat' dir='ltr'><strong>et</strong></span> <span class='ocrx_word' id='word_1_214' title='bbox 1170 2168 1591 2246; x_wconf 86' lang='lat' dir='ltr'><strong>hippopotami,</strong></span> <span class='ocrx_word' id='word_1_215' title='bbox 1635 2166 1744 2227; x_wconf 85' lang='lat' dir='ltr'><strong>alia</strong></span> <span class='ocrx_word' id='word_1_216' title='bbox 1778 2166 1943 2225; x_wconf 87' lang='lat' dir='ltr'><strong>corio</strong></span> <span class='ocrx_word' id='word_1_217' title='bbox 1974 2176 2192 2227; x_wconf 85' lang='lat' dir='ltr'><strong>tantum</strong></span> 
     </span>
     <span class='ocr_line' id='line_1_26' title="bbox 174 2249 2241 2331; baseline -0.002 -22"><span class='ocrx_word' id='word_1_218' title='bbox 174 2259 236 2309; x_wconf 89' lang='lat' dir='ltr'><strong>ut</strong></span> <span class='ocrx_word' id='word_1_219' title='bbox 267 2249 546 2328; x_wconf 89' lang='lat' dir='ltr'><strong>delphini,</strong></span> <span class='ocrx_word' id='word_1_220' title='bbox 582 2252 804 2310; x_wconf 88' lang='lat' dir='ltr'><strong>cortice</strong></span> <span class='ocrx_word' id='word_1_221' title='bbox 829 2261 890 2311; x_wconf 87' lang='lat' dir='ltr'><strong>ut</strong></span> <span class='ocrx_word' id='word_1_222' title='bbox 918 2252 1260 2331; x_wconf 23' lang='lat' dir='ltr'><strong>testudine-s,</strong></span> <span class='ocrx_word' id='word_1_223' title='bbox 1290 2252 1513 2311; x_wconf 89' lang='lat' dir='ltr'><strong>silicum</strong></span> <span class='ocrx_word' id='word_1_224' title='bbox 1536 2252 1738 2310; x_wconf 87' lang='lat' dir='ltr'><strong>duritia</strong></span> <span class='ocrx_word' id='word_1_225' title='bbox 1765 2259 1829 2308; x_wconf 89' lang='lat' dir='ltr'><strong>ut</strong></span> <span class='ocrx_word' id='word_1_226' title='bbox 1860 2260 2100 2311; x_wconf 84' lang='lat' dir='ltr'><strong>ostreae</strong></span> <span class='ocrx_word' id='word_1_227' title='bbox 2132 2261 2241 2312; x_wconf 74' lang='lat' dir='ltr'><strong>etts</strong></span> 
     </span>
     <span class='ocr_line' id='line_1_27' title="bbox 178 2334 2306 2415; baseline 0.002 -24"><span class='ocrx_word' id='word_1_228' title='bbox 178 2334 461 2410; x_wconf 88' lang='lat' dir='ltr'><strong>conchae,</strong></span> <span class='ocrx_word' id='word_1_229' title='bbox 498 2337 707 2394; x_wconf 87' lang='lat' dir='ltr'><strong>crustis</strong></span> <span class='ocrx_word' id='word_1_230' title='bbox 737 2345 798 2394; x_wconf 90' lang='lat' dir='ltr'><strong>ut</strong></span> <span class='ocrx_word' id='word_1_231' title='bbox 830 2336 1116 2411; x_wconf 89' lang='lat' dir='ltr'><strong>locustae,</strong></span> <span class='ocrx_word' id='word_1_232' title='bbox 1152 2338 1362 2394; x_wconf 89' lang='lat' dir='ltr'><strong>crustis</strong></span> <span class='ocrx_word' id='word_1_233' title='bbox 1396 2345 1455 2395; x_wconf 89' lang='lat' dir='ltr'><strong>et</strong></span> <span class='ocrx_word' id='word_1_234' title='bbox 1487 2337 1668 2413; x_wconf 87' lang='lat' dir='ltr'><strong>spinis</strong></span> <span class='ocrx_word' id='word_1_235' title='bbox 1697 2343 1757 2393; x_wconf 89' lang='lat' dir='ltr'><strong>ut</strong></span> <span class='ocrx_word' id='word_1_236' title='bbox 1781 2334 1995 2411; x_wconf 88' lang='lat' dir='ltr'><strong>echini,</strong></span> <span class='ocrx_word' id='word_1_237' title='bbox 2015 2353 2187 2413; x_wconf 83' lang='lat' dir='ltr'><strong>squa-</strong></span> <span class='ocrx_word' id='word_1_238' title='bbox 2277 2356 2306 2415; x_wconf 57' lang='grc' dir='ltr'>ις</span> 
     </span>
     <span class='ocr_line' id='line_1_28' title="bbox 176 2418 2306 2498; baseline 0.002 -24"><span class='ocrx_word' id='word_1_239' title='bbox 176 2418 281 2474; x_wconf 89' lang='lat' dir='ltr'><strong>mis</strong></span> <span class='ocrx_word' id='word_1_240' title='bbox 318 2427 379 2475; x_wconf 92' lang='lat' dir='ltr'><strong>ut</strong></span> <span class='ocrx_word' id='word_1_241' title='bbox 412 2420 633 2496; x_wconf 89' lang='lat' dir='ltr'><strong>pisces,</strong></span> <span class='ocrx_word' id='word_1_242' title='bbox 670 2437 878 2497; x_wconf 89' lang='lat' dir='ltr'><strong>aspera</strong></span> <span class='ocrx_word' id='word_1_243' title='bbox 913 2428 1045 2479; x_wconf 89' lang='lat' dir='ltr'><strong>cute</strong></span> <span class='ocrx_word' id='word_1_244' title='bbox 1077 2428 1137 2477; x_wconf 92' lang='lat' dir='ltr'><strong>ut</strong></span> <span class='ocrx_word' id='word_1_245' title='bbox 1170 2422 1452 2496; x_wconf 81' lang='lat' dir='ltr'><strong>squatina,</strong></span> <span class='ocrx_word' id='word_1_246' title='bbox 1506 2438 1617 2498; x_wconf 88' lang='lat' dir='ltr'><strong>qua</strong></span> <span class='ocrx_word' id='word_1_247' title='bbox 1660 2419 1876 2495; x_wconf 89' lang='lat' dir='ltr'><strong>lignum</strong></span> <span class='ocrx_word' id='word_1_248' title='bbox 1913 2428 1975 2479; x_wconf 82' lang='lat' dir='ltr'><strong>et</strong></span> <span class='ocrx_word' id='word_1_249' title='bbox 2007 2420 2189 2479; x_wconf 89' lang='lat' dir='ltr'><strong>ebora</strong></span> <span class='ocrx_word' id='word_1_250' title='bbox 2305 2444 2306 2451; x_wconf 48' lang='lat'>¹</span> 
     </span>
     <span class='ocr_line' id='line_1_29' title="bbox 176 2501 1784 2582; baseline 0.001 -24"><span class='ocrx_word' id='word_1_251' title='bbox 176 2501 487 2578; x_wconf 88' lang='lat' dir='ltr'><strong>poliuntur,</strong></span> <span class='ocrx_word' id='word_1_252' title='bbox 520 2502 680 2561; x_wconf 91' lang='lat' dir='ltr'><strong>molli</strong></span> <span class='ocrx_word' id='word_1_253' title='bbox 712 2513 771 2562; x_wconf 91' lang='lat' dir='ltr'><strong>ut</strong></span> <span class='ocrx_word' id='word_1_254' title='bbox 800 2521 1093 2577; x_wconf 88' lang='lat' dir='ltr'><strong>murenae,</strong></span> <span class='ocrx_word' id='word_1_255' title='bbox 1119 2505 1231 2563; x_wconf 86' lang='lat' dir='ltr'><strong>alia</strong></span> <span class='ocrx_word' id='word_1_256' title='bbox 1262 2504 1415 2563; x_wconf 87' lang='lat' dir='ltr'><strong>nulla</strong></span> <span class='ocrx_word' id='word_1_257' title='bbox 1445 2514 1506 2563; x_wconf 87' lang='lat' dir='ltr'><strong>ut</strong></span> <span class='ocrx_word' id='word_1_258' title='bbox 1539 2502 1784 2582; x_wconf 51' lang='lat' dir='ltr'><strong>polybi.¹</strong></span> 
     </span>
    </p>

    <p class='ocr_par' dir='ltr' id='par_1_7' title="bbox 90 2584 2304 3252">
     <span class='ocr_line' id='line_1_30' title="bbox 90 2584 2196 2666; baseline 0.001 -26"><span class='ocrx_word' id='word_1_259' title='bbox 90 2588 156 2641; x_wconf 82' lang='lat'><strong>41</strong></span> <span class='ocrx_word' id='word_1_260' title='bbox 250 2618 267 2643; x_wconf 71' lang='lat'><strong>,-</strong></span> <span class='ocrx_word' id='word_1_261' title='bbox 305 2584 400 2645; x_wconf 87' lang='grc'><strong>13.</strong></span> <span class='ocrx_word' id='word_1_262' title='bbox 442 2586 610 2665; x_wconf 88' lang='grc'>(15.)</span> <span class='ocrx_word' id='word_1_263' title='bbox 660 2586 823 2659; x_wconf 87' lang='lat' dir='ltr'><strong>Quae</strong></span> <span class='ocrx_word' id='word_1_264' title='bbox 857 2588 976 2666; x_wconf 90' lang='lat' dir='ltr'><strong>pilo</strong></span> <span class='ocrx_word' id='word_1_265' title='bbox 1008 2591 1332 2647; x_wconf 80' lang='lat' dir='ltr'><strong>vestiuntur</strong></span> <span class='ocrx_word' id='word_1_266' title='bbox 1362 2588 1568 2648; x_wconf 89' lang='lat' dir='ltr'><strong>animal</strong></span> <span class='ocrx_word' id='word_1_267' title='bbox 1613 2588 1839 2666; x_wconf 88' lang='lat' dir='ltr'><strong>pariunt</strong></span> <span class='ocrx_word' id='word_1_268' title='bbox 1870 2594 1931 2644; x_wconf 91' lang='lat' dir='ltr'><strong>ut</strong></span> <span class='ocrx_word' id='word_1_269' title='bbox 1966 2588 2196 2664; x_wconf 76' lang='lat' dir='ltr'><strong>pristis,</strong></span> 
     </span>
     <span class='ocr_line' id='line_1_31' title="bbox 173 2667 2238 2750; baseline -0.001 -23"><span class='ocrx_word' id='word_1_270' title='bbox 173 2667 440 2744; x_wconf 86' lang='lat' dir='ltr'><strong>balaena,</strong></span> <span class='ocrx_word' id='word_1_271' title='bbox 476 2670 708 2729; x_wconf 77' lang='lat' dir='ltr'><strong>vituluS.</strong></span> <span class='ocrx_word' id='word_1_272' title='bbox 744 2670 851 2729; x_wconf 88' lang='lat' dir='ltr'><strong>Hic</strong></span> <span class='ocrx_word' id='word_1_273' title='bbox 895 2674 1041 2749; x_wconf 87' lang='lat' dir='ltr'><strong>parit</strong></span> <span class='ocrx_word' id='word_1_274' title='bbox 1070 2676 1127 2730; x_wconf 87' lang='lat' dir='ltr'><strong>in</strong></span> <span class='ocrx_word' id='word_1_275' title='bbox 1158 2682 1336 2745; x_wconf 87' lang='lat' dir='ltr'><strong>terra,</strong></span> <span class='ocrx_word' id='word_1_276' title='bbox 1370 2672 1658 2750; x_wconf 79' lang='lat' dir='ltr'><strong>pecudum</strong></span> <span class='ocrx_word' id='word_1_277' title='bbox 1704 2688 1866 2729; x_wconf 90' lang='lat' dir='ltr'><strong>more</strong></span> <span class='ocrx_word' id='word_1_278' title='bbox 1897 2671 2238 2730; x_wconf 62' lang='lat' dir='ltr'><strong>secundas„</strong></span> 
     </span>
     <span class='ocr_line' id='line_1_32' title="bbox 172 2750 2180 2833; baseline -0 -20"><span class='ocrx_word' id='word_1_279' title='bbox 172 2761 371 2831; x_wconf 88' lang='lat' dir='ltr'><strong>partus</strong></span> <span class='ocrx_word' id='word_1_280' title='bbox 412 2753 622 2815; x_wconf 84' lang='lat' dir='ltr'><strong>reddit.</strong></span> <span class='ocrx_word' id='word_1_281' title='bbox 699 2756 837 2813; x_wconf 82' lang='lat' dir='ltr'><strong>initu</strong></span> <span class='ocrx_word' id='word_1_282' title='bbox 893 2769 1094 2814; x_wconf 88' lang='lat' dir='ltr'><strong>canum</strong></span> <span class='ocrx_word' id='word_1_283' title='bbox 1154 2757 1328 2817; x_wconf 83' lang='lat' dir='ltr'><strong>modo</strong></span> <span class='ocrx_word' id='word_1_284' title='bbox 1374 2750 1684 2830; x_wconf 83' lang='lat' dir='ltr'><strong>cohaeret,</strong></span> <span class='ocrx_word' id='word_1_285' title='bbox 1720 2757 1871 2833; x_wconf 87' lang='lat' dir='ltr'><strong>parit</strong></span> <span class='ocrx_word' id='word_1_286' title='bbox 1907 2771 2180 2813; x_wconf 89' lang='lat' dir='ltr'><strong>nonnum-</strong></span> 
     </span>
     <span class='ocr_line' id='line_1_33' title="bbox 170 2838 2180 2916; baseline 0.001 -20"><span class='ocrx_word' id='word_1_287' title='bbox 170 2855 341 2915; x_wconf 79' lang='lat' dir='ltr'><strong>quam</strong></span> <span class='ocrx_word' id='word_1_288' title='bbox 383 2839 626 2914; x_wconf 86' lang='lat' dir='ltr'><strong>geminis</strong></span> <span class='ocrx_word' id='word_1_289' title='bbox 672 2838 887 2916; x_wconf 88' lang='lat' dir='ltr'><strong>pluris,</strong></span> <span class='ocrx_word' id='word_1_290' title='bbox 927 2840 1134 2900; x_wconf 84' lang='lat' dir='ltr'><strong>educat</strong></span> <span class='ocrx_word' id='word_1_291' title='bbox 1164 2843 1419 2900; x_wconf 89' lang='lat' dir='ltr'><strong>mammis</strong></span> <span class='ocrx_word' id='word_1_292' title='bbox 1460 2840 1658 2899; x_wconf 81' lang='lat' dir='ltr'><strong>fetum.</strong></span> <span class='ocrx_word' id='word_1_293' title='bbox 1722 2854 1836 2898; x_wconf 87' lang='lat' dir='ltr'><strong>non</strong></span> <span class='ocrx_word' id='word_1_294' title='bbox 1873 2847 2010 2898; x_wconf 86' lang='lat' dir='ltr'><strong>ante</strong></span> <span class='ocrx_word' id='word_1_295' title='bbox 2048 2838 2180 2898; x_wconf 88' lang='lat' dir='ltr'><strong>duo·</strong></span> 
     </span>
     <span class='ocr_line' id='line_1_34' title="bbox 173 2920 2178 2999; baseline 0 -20"><span class='ocrx_word' id='word_1_296' title='bbox 173 2921 457 2981; x_wconf 86' lang='lat' dir='ltr'><strong>decimum</strong></span> <span class='ocrx_word' id='word_1_297' title='bbox 496 2920 645 2980; x_wconf 90' lang='lat' dir='ltr'><strong>diem</strong></span> <span class='ocrx_word' id='word_1_298' title='bbox 675 2922 910 2982; x_wconf 89' lang='lat' dir='ltr'><strong>deducit</strong></span> <span class='ocrx_word' id='word_1_299' title='bbox 941 2924 996 2982; x_wconf 88' lang='lat' dir='ltr'><strong>in</strong></span> <span class='ocrx_word' id='word_1_300' title='bbox 1031 2942 1211 2999; x_wconf 84' lang='lat' dir='ltr'><strong>mare,</strong></span> <span class='ocrx_word' id='word_1_301' title='bbox 1248 2943 1323 2984; x_wconf 88' lang='lat' dir='ltr'><strong>ex</strong></span> <span class='ocrx_word' id='word_1_302' title='bbox 1359 2942 1431 2984; x_wconf 87' lang='lat' dir='ltr'><strong>eo</strong></span> <span class='ocrx_word' id='word_1_303' title='bbox 1472 2924 1714 2983; x_wconf 88' lang='lat' dir='ltr'><strong>subinde</strong></span> <span class='ocrx_word' id='word_1_304' title='bbox 1751 2922 2178 2982; x_wconf 86' lang='lat' dir='ltr'><strong>adsuefaciens.</strong></span> 
     </span>
     <span class='ocr_line' id='line_1_35' title="bbox 170 3005 2179 3086; baseline 0.001 -25"><span class='ocrx_word' id='word_1_305' title='bbox 170 3005 591 3065; x_wconf 81' lang='lat' dir='ltr'><strong>interficiuntur</strong></span> <span class='ocrx_word' id='word_1_306' title='bbox 638 3005 952 3065; x_wconf 85' lang='lat' dir='ltr'><strong>difficulter</strong></span> <span class='ocrx_word' id='word_1_307' title='bbox 992 3010 1102 3066; x_wconf 89' lang='lat' dir='ltr'><strong>nisi</strong></span> <span class='ocrx_word' id='word_1_308' title='bbox 1149 3011 1341 3085; x_wconf 87' lang='lat' dir='ltr'><strong>capite</strong></span> <span class='ocrx_word' id='word_1_309' title='bbox 1376 3009 1544 3068; x_wconf 88' lang='lat' dir='ltr'><strong>elis0.</strong></span> <span class='ocrx_word' id='word_1_310' title='bbox 1607 3007 1759 3086; x_wconf 87' lang='lat' dir='ltr'><strong>lpsis</strong></span> <span class='ocrx_word' id='word_1_311' title='bbox 1794 3009 1849 3065; x_wconf 90' lang='lat' dir='ltr'><strong>in</strong></span> <span class='ocrx_word' id='word_1_312' title='bbox 1882 3022 2031 3065; x_wconf 90' lang='lat' dir='ltr'><strong>sono</strong></span> <span class='ocrx_word' id='word_1_313' title='bbox 2065 3024 2179 3064; x_wconf 87' lang='lat' dir='ltr'><strong>mu·</strong></span> 
     </span>
     <span class='ocr_line' id='line_1_36' title="bbox 169 3088 2304 3171; baseline 0.001 -25"><span class='ocrx_word' id='word_1_314' title='bbox 169 3088 343 3164; x_wconf 87' lang='lat' dir='ltr'><strong>gitus,</strong></span> <span class='ocrx_word' id='word_1_315' title='bbox 380 3089 533 3148; x_wconf 89' lang='lat' dir='ltr'><strong>unde</strong></span> <span class='ocrx_word' id='word_1_316' title='bbox 565 3105 776 3148; x_wconf 90' lang='lat' dir='ltr'><strong>nomen</strong></span> <span class='ocrx_word' id='word_1_317' title='bbox 806 3090 985 3149; x_wconf 87' lang='lat' dir='ltr'><strong>vituli.</strong></span> <span class='ocrx_word' id='word_1_318' title='bbox 1047 3095 1336 3171; x_wconf 88' lang='lat' dir='ltr'><strong>accipiunt</strong></span> <span class='ocrx_word' id='word_1_319' title='bbox 1366 3102 1555 3169; x_wconf 73' lang='lat' dir='ltr'><strong>tamen</strong></span> <span class='ocrx_word' id='word_1_320' title='bbox 1584 3091 1968 3169; x_wconf 85' lang='lat' dir='ltr'><strong>disciplinam,</strong></span> <span class='ocrx_word' id='word_1_321' title='bbox 2005 3099 2233 3149; x_wconf 74' lang='lat' dir='ltr'><strong>voce-⁸⁵</strong></span> <span class='ocrx_word' id='word_1_322' title='bbox 2303 3128 2304 3149; x_wconf 45' lang='lat'>1</span> 
     </span>
     <span class='ocr_line' id='line_1_37' title="bbox 172 3174 2177 3252; baseline 0.003 -25"><span class='ocrx_word' id='word_1_323' title='bbox 172 3186 285 3246; x_wconf 87' lang='lat' dir='ltr'><strong>que</strong></span> <span class='ocrx_word' id='word_1_324' title='bbox 316 3174 536 3248; x_wconf 85' lang='lat' dir='ltr'><strong>pariter</strong></span> <span class='ocrx_word' id='word_1_325' title='bbox 571 3182 630 3232; x_wconf 87' lang='lat' dir='ltr'><strong>et</strong></span> <span class='ocrx_word' id='word_1_326' title='bbox 659 3174 786 3231; x_wconf 82' lang='lat' dir='ltr'><strong>visu</strong></span> <span class='ocrx_word' id='word_1_327' title='bbox 823 3175 1100 3252; x_wconf 89' lang='lat' dir='ltr'><strong>populum</strong></span> <span class='ocrx_word' id='word_1_328' title='bbox 1139 3177 1419 3250; x_wconf 86' lang='lat' dir='ltr'><strong>salutant,</strong></span> <span class='ocrx_word' id='word_1_329' title='bbox 1464 3175 1759 3235; x_wconf 86' lang='lat' dir='ltr'><strong>incondito</strong></span> <span class='ocrx_word' id='word_1_330' title='bbox 1806 3175 2037 3234; x_wconf 80' lang='lat' dir='ltr'><strong>fremitu</strong></span> <span class='ocrx_word' id='word_1_331' title='bbox 2082 3189 2177 3232; x_wconf 91' lang='lat' dir='ltr'><strong>no·</strong></span> 
     </span>
    </p>

    <p class='ocr_par' dir='ltr' id='par_1_8' title="bbox 84 3252 2176 3420">
     <span class='ocr_line' id='line_1_38' title="bbox 84 3252 2176 3336; baseline 0.002 -24"><span class='ocrx_word' id='word_1_332' title='bbox 84 3252 320 3312; x_wconf 80' lang='lat' dir='ltr'><strong>42mine</strong></span> <span class='ocrx_word' id='word_1_333' title='bbox 351 3256 545 3312; x_wconf 85' lang='lat' dir='ltr'><strong>vocati</strong></span> <span class='ocrx_word' id='word_1_334' title='bbox 582 3257 959 3334; x_wconf 86' lang='lat' dir='ltr'><strong>respondent.</strong></span> <span class='ocrx_word' id='word_1_335' title='bbox 1021 3257 1253 3318; x_wconf 88' lang='lat' dir='ltr'><strong>Nullum</strong></span> <span class='ocrx_word' id='word_1_336' title='bbox 1277 3260 1483 3319; x_wconf 86' lang='lat' dir='ltr'><strong>animal</strong></span> <span class='ocrx_word' id='word_1_337' title='bbox 1516 3262 1789 3336; x_wconf 86' lang='lat' dir='ltr'><strong>graviore</strong></span> <span class='ocrx_word' id='word_1_338' title='bbox 1821 3275 2025 3317; x_wconf 89' lang='lat' dir='ltr'><strong>somno</strong></span> <span class='ocrx_word' id='word_1_339' title='bbox 2047 3275 2176 3335; x_wconf 84' lang='lat' dir='ltr'><strong>pre-</strong></span> 
     </span>
     <span class='ocr_line' id='line_1_39' title="bbox 168 3334 2175 3420; baseline 0.005 -29"><span class='ocrx_word' id='word_1_340' title='bbox 168 3334 354 3393; x_wconf 84' lang='lat' dir='ltr'><strong>mitur.</strong></span> <span class='ocrx_word' id='word_1_341' title='bbox 417 3337 605 3412; x_wconf 91' lang='lat' dir='ltr'><strong>pinnis</strong></span> <span class='ocrx_word' id='word_1_342' title='bbox 640 3340 847 3414; x_wconf 85' lang='lat' dir='ltr'><strong>quibus</strong></span> <span class='ocrx_word' id='word_1_343' title='bbox 891 3344 949 3399; x_wconf 86' lang='lat' dir='ltr'><strong>in</strong></span> <span class='ocrx_word' id='word_1_344' title='bbox 984 3345 1131 3400; x_wconf 79' lang='lat' dir='ltr'><strong>mari</strong></span> <span class='ocrx_word' id='word_1_345' title='bbox 1158 3351 1388 3402; x_wconf 84' lang='lat' dir='ltr'><strong>utuntur</strong></span> <span class='ocrx_word' id='word_1_346' title='bbox 1432 3343 1586 3401; x_wconf 91' lang='lat' dir='ltr'><strong>humi</strong></span> <span class='ocrx_word' id='word_1_347' title='bbox 1635 3360 1867 3420; x_wconf 89' lang='lat' dir='ltr'><strong>quoque</strong></span> <span class='ocrx_word' id='word_1_348' title='bbox 1912 3343 2045 3400; x_wconf 86' lang='lat' dir='ltr'><strong>vice</strong></span> <span class='ocrx_word' id='word_1_349' title='bbox 2077 3357 2175 3419; x_wconf 84' lang='lat' dir='ltr'><strong>pe·</strong></span> 
     </span>
    </p>
   </div>
   <div class='ocr_carea' id='block_1_3' title="bbox 2304 1251 2312 1776">
    <p class='ocr_par' dir='ltr' id='par_1_9' title="bbox 2304 1251 2312 1776">
     <span class='ocr_line' id='line_1_40' title="bbox 2304 1251 2312 1776; baseline 0 0"><span class='ocrx_word' id='word_1_350' title='bbox 2304 1251 2312 1776; x_wconf 95' lang='lat' dir='ltr'><strong> </strong></span> 
     </span>
    </p>
   </div>
   <div class='ocr_carea' id='block_1_4' title="bbox 33 3522 97 3555">
    <p class='ocr_par' dir='ltr' id='par_1_10' title="bbox 33 3522 97 3555">
     <span class='ocr_line' id='line_1_41' title="bbox 33 3522 97 3555; baseline 0 0"><span class='ocrx_word' id='word_1_351' title='bbox 33 3522 97 3555; x_wconf 44' lang='grc' dir='ltr'>μ</span> 
     </span>
    </p>
   </div>
  </div>
 </body>
</html>
