2320 3650
174 78 256 142 34
859 88 917 136 c.
960 89 1154 137 rum
1198 88 1495 137 smmum

174 255 327 307 mato
361 261 434 305 eo
465 243 674 304 inimici
706 243 802 321 qui
838 239 1221 303 Cantharidae
1255 242 1611 304 vocabantur
1651 225 1931 308 remeanti
1965 250 2208 316 animae

86 393 93 398 ι
176 330 355 390 veluti
392 329 657 406 vaginam
700 325 1035 398 ademerint.
1102 321 1402 386 Aristeae
1424 328 1591 387 etiam
1634 332 1818 392 visam
1858 332 2207 392 evolantem

179 433 254 474 ex
285 430 389 473 ore
425 415 479 472 in
513 412 889 472 Proconneso
923 411 1084 469 corvi
1131 411 1359 509 effigie,
1397 429 1600 487 magna
1640 416 1903 491 quaesita
1936 434 2086 476 cura
2135 434 2206 475 ac

94 507 197 562 175
216 497 606 558 fabulositate.
680 512 848 573 quam
892 494 1159 571 equidem
1202 504 1262 553 et
1301 497 1358 554 in
1391 492 1605 555 Gnosio
1639 497 1986 576 Epimenide
2024 499 2205 558 simili

172 581 346 642 modo
389 581 649 659 accipie,
701 596 941 657 puerum
976 587 1140 637 aestu
1179 586 1239 636 et
1282 580 1488 637 itinere
1522 579 1740 641 fessum
1773 584 1828 641 in
1871 600 2060 661 specu
2107 596 2243 642 sea-⁵

173 677 332 746 ptem
376 676 432 726 et
475 665 885 743 quinquaginta
918 662 1203 721 dormisse
1234 664 1427 737 annis,
1462 681 1653 723 rerum
1683 665 1894 726 faciem
1925 668 2198 726 mutatio·

175 768 423 828 nemque
456 751 755 808 mirantem
795 746 956 806 velut
999 755 1240 824 postero
1273 746 1367 805 die
1410 759 1853 825 experrectum,
1898 750 2034 809 hinc
2069 751 2199 828 pari

174 851 413 895 numero
459 831 678 892 dierum
725 831 889 890 senio
931 831 1267 907 ingruente,
1320 839 1381 888 ut
1434 841 1662 890 tamen.
1676 835 1730 891 in
1767 843 2096 912 septumum
2141 843 2199 892 et

173 917 708 998 quinquagesimum
742 923 915 992 atque
948 916 1318 974 centesimum
1349 914 1501 973 vitae
1534 915 1767 976 duraret
1798 935 2024 987 annum.
2084 916 2192 977 Fe-

170 1005 445 1062 minarum
487 1016 663 1058 sexus
707 997 841 1057 huic
880 998 1031 1057 malo
1072 998 1300 1058 videtur
1333 1016 1594 1058 maxume
1640 1007 2026 1079 opportunus
2048 1017 2186 1060 con-
2203 1011 2253 1052 ¹⁰

172 1087 446 1146 versione
481 1082 726 1157 volvae,
765 1099 913 1160 quae
946 1082 994 1140 si
1027 1084 1384 1157 corrigatur,
1416 1083 1650 1161 spiritus
1683 1085 2019 1144 restituitur.
2079 1084 2193 1144 huc

174 1170 427 1247 pertinet
458 1165 655 1226 nobile
670 1166 839 1244 xapud
870 1165 1131 1226 Graecos
1154 1165 1426 1225 volumen
1448 1164 1773 1238 Hemclidis
1805 1178 2034 1247 septem
2068 1168 2191 1229 die·

92 1260 192 1316 176
214 1251 322 1312 bus
362 1252 607 1312 feminae
652 1250 928 1311 exanimis
978 1250 1048 1311 ad
1092 1251 1266 1309 vitam
1308 1258 1640 1309 revocatae.
1719 1251 1908 1312 Varro
1953 1268 2193 1331 quoque

173 1345 377 1396 auctor
425 1346 517 1395 est
560 1336 786 1395 xxviro
831 1353 897 1394 se
944 1350 1119 1411 agros
1155 1333 1446 1394 dividente
1485 1331 1722 1413 Capuae
1767 1335 2051 1413 quendam
2098 1336 2194 1413 qui
2293 1365 2302 1400 ,ι

173 1422 481 1481 efferretur
522 1420 651 1479 foro
697 1419 923 1478 domum
966 1434 1265 1477 remeasse
1309 1415 1573 1493 pedibus.
1646 1418 1763 1478 hoc
1793 1420 1946 1480 idem
1975 1419 2191 1497 Aquini
2211 1433 2252 1472 1⁵
2301 1421 2302 1430 ’

175 1505 481 1565 accidisse.
542 1502 763 1564 Romae
808 1518 1038 1580 quoque
1091 1498 1401 1560 Corfidium
1444 1509 1795 1562 materterae
1843 1515 1984 1574 suae
2026 1505 2193 1564 mari·

172 1599 287 1649 tum
322 1589 526 1648 funere
574 1588 769 1647 locato
809 1585 1094 1645 revixisse
1131 1593 1190 1643 et
1240 1584 1558 1646 locatorem
1592 1586 1811 1646 funeris
1856 1588 1927 1648 ab
1961 1604 2036 1647 eo
2075 1587 2191 1648 ela·

89 1681 189 1736 177
208 1682 343 1732 tum.
409 1669 583 1732 adicit
620 1670 893 1730 miracula
926 1686 1074 1746 quae
1120 1676 1240 1728 tota
1284 1668 1574 1729 indicasse
1609 1673 1948 1731 conveniat:
1984 1690 2019 1731 e
2051 1670 2190 1731 duo·

171 1757 279 1815 bus
322 1754 597 1815 fratribus
646 1754 936 1833 equestris
984 1750 1505 1812 ordinis·Corfidio
1552 1755 1754 1814 maiori
1797 1756 2087 1817 accidisse
2135 1764 2193 1814 ut

171 1840 468 1899 videretur
500 1841 866 1916 exspirasse,
913 1846 1238 1915 apertoque
1283 1846 1631 1898 testamento
1670 1842 1973 1900 recitatum
2019 1840 2235 1901 here-²⁰

172 1924 305 1983 dem
333 1924 611 1983 minorem
643 1922 828 1981 funeri
861 1922 1175 1995 institisse,
1208 1922 1434 1980 interim
1466 1940 1595 1981 eum
1628 1925 1723 2001 qui
1753 1922 2061 1984 videbatur
2091 1942 2191 1985 ex·

172 2009 416 2067 stinctus
453 2004 783 2085 plaudendo
825 2005 1153 2065 concivisse
1197 2006 1508 2065 ministeria
1542 2016 1611 2066 et
1645 2025 1916 2067 narrasse
1947 2027 1980 2067 a
2010 2009 2190 2068 fratre

173 2110 237 2150 se
281 2091 554 2165 venisse,
609 2087 1059 2149 commendatam
1104 2088 1213 2148 sibi
1253 2089 1430 2149 filiam
1474 2088 1545 2149 ab
1581 2108 1691 2166 eo,
1742 2091 2192 2152 demonstratum

173 2185 482 2253 praeterea
515 2191 629 2253 quo
661 2176 718 2233 in
756 2173 891 2234 loco
922 2172 1249 2233 defodisset
1277 2191 1473 2233 aurum
1502 2174 1664 2235 nullo
1694 2177 1934 2235 conscio
1958 2221 1975 2251 ,
2007 2186 2191 2236 etro—

170 2277 348 2336 gasse
384 2270 445 2319 ut
490 2260 559 2317 iis
600 2257 936 2318 funebribus
971 2275 1120 2336 quae
1153 2267 1536 2335 conparasset
1570 2258 1898 2318 efferretur.
1962 2260 2080 2319 hoc
2109 2276 2249 2321 eoa

174 2352 441 2402 narrante
479 2342 674 2402 fratris
710 2342 1013 2402 domestici
1051 2357 1307 2419 propere
1352 2341 1763 2403 adnuntiavere
1812 2344 2193 2403 exanimatum

87 2437 191 2492 178
207 2426 397 2502 illum,
437 2435 495 2486 et
535 2440 729 2485 aurum
774 2425 870 2485 ubi
900 2426 1125 2485 dixerat
1174 2422 1468 2503 repertum
1500 2435 1607 2486 est.
1673 2425 1853 2486 Plena
1884 2436 2193 2505 prae-terea

170 2512 287 2569 vita
325 2519 417 2569 est
445 2510 534 2568 his
570 2511 875 2583 vaticiniiS,
909 2510 1015 2569 sed
1047 2525 1160 2568 non
1198 2509 1575 2583 conferenda,
1611 2528 1738 2569 cum
1770 2513 2005 2591 saepius
2043 2510 2189 2571 falsa

169 2597 314 2670 sint,
362 2594 512 2653 sicut
552 2594 768 2670 ingenti
809 2593 1080 2670 exemplo
1125 2592 1482 2652 docebimuS.
1543 2593 1713 2653 Bello
1744 2594 1945 2654 Siculo
1984 2594 2186 2655 Gabie-

173 2697 278 2737 nus
324 2675 594 2738 Caesaris
638 2678 906 2737 classium
951 2677 1297 2737 fortissimus
1345 2686 1547 2755 captus
1600 2695 1632 2736 a
1679 2678 1861 2738 Sexto
1908 2678 2246 2757 Pompeiow

173 2765 334 2822 iussu
381 2764 506 2821 eius
550 2763 730 2821 incisa
779 2762 1016 2820 cervice
1057 2769 1116 2821 et
1157 2762 1253 2820 vix
1295 2760 1653 2821 cohaerente
1695 2762 1872 2821 iacuit
1913 2763 1972 2821 in
2018 2763 2186 2822 litore

174 2856 296 2907 toto
328 2848 454 2908 die.
494 2845 725 2919 deinde,
762 2863 891 2904 cum
921 2844 1462 2922 advesperavisset,
1490 2862 1617 2904 cum
1644 2846 1862 2922 gemitu
1887 2845 2185 2924 precibus-

176 2948 290 3009 que
327 2938 683 3007 congregata
729 2928 1085 2988 multitudine
1119 2930 1289 3007 petiit
1314 2938 1375 2988 ut
1407 2927 1714 3013 Pompeius
1754 2927 1827 2988 ad
1858 2948 1924 2988 se
1961 2931 2188 2990 veniret

177 3023 270 3072 aut
302 3013 546 3092 aliquem
578 3031 654 3072 ex
685 3014 910 3073 arcanis
938 3014 1221 3088 mitteret,
1267 3032 1331 3072 se
1364 3014 1512 3071 enim
1545 2996 1619 3071 ab
1651 3012 1854 3072 inferis
1887 3014 2186 3074 remissum

94 3095 429 3160 179habere
483 3115 630 3174 quae
684 3097 987 3156 nuntiaret.
1067 3098 1217 3155 misit
1259 3096 1442 3174 pluris
1486 3094 1796 3173 Pompeius
1842 3114 1919 3156 ex
1966 3098 2244 3173 amiciam

181 3178 386 3256 quibus
430 3178 718 3240 Gabienus
760 3178 901 3239 dixit
943 3180 1143 3238 inferis
1190 3179 1277 3238 dis
1317 3178 1554 3256 placere
1595 3178 1835 3257 Pompei
1880 3196 2088 3241 causas
2132 3188 2189 3240 et

181 3264 363 3338 partis
396 3263 552 3340 pias,
600 3264 843 3341 proinde
889 3271 1153 3322 eventum
1199 3262 1446 3321 futurum
1478 3279 1647 3338 quem
1681 3271 1941 3340 optaret,
1970 3263 2090 3340 boc
2123 3280 2186 3323 se

182 3346 440 3404 nuntiare
466 3346 700 3420 iussum,
728 3356 1121 3422 argumentum
1146 3345 1275 3404 fore
1297 3345 1558 3404 veritatis
1584 3345 1738 3422 quod
1763 3348 2185 3423 peractisman-

39 3526 129 3556 Q
