2320 3650
278 131 349 179 tv
617 154 622 165 =
1053 127 1460 177 PRAEFATIO.

276 295 550 346 servatum
595 287 652 342 in
702 287 1040 345 bibliotheca
1091 287 1412 342 monasterii
1446 286 1653 357 Augiae
1691 285 1914 340 maioris
1951 285 2042 340 vel
2087 285 2227 340 divitie

276 368 651 447 (Reichenau)
669 414 686 442 ‚
713 371 970 442 quod-est
991 372 1046 426 in
1068 371 1222 427 lacus
1251 369 1554 440 Brigantini
1579 368 1756 422 insula
1775 409 1792 436 ‚
1817 385 1926 438 quo
1949 366 2136 424 statuit
2158 371 2230 425 isse

277 472 400 511 eum
422 471 608 509 secum
631 456 956 526 adportasse
987 455 1308 526 episcopum
1335 452 1601 522 quendam
1629 451 2026 506 veronensem.

398 537 628 593 Exstant
649 539 857 594 formae
894 537 1121 597 minoris
1156 537 1290 592 folia
1317 535 1533 595 CXXVI
1561 534 1774 590 codicis
1797 534 2029 591 Pliniani
2048 576 2065 604 ‚
2099 552 2232 607 quem

276 627 503 695 propter
559 621 820 676 rotundas
879 621 1095 676 litteras
1148 620 1397 676 unciales
1449 619 1676 675 Monens
1722 625 1916 673 censet
1968 627 2222 675 exaratum

277 722 404 762 esse
438 705 630 760 seculo
666 710 861 774 quarto
892 709 1126 758 exeunte
1162 704 1250 759 vel
1274 703 1497 757 ineunte
1522 701 1742 773 quinto;
1778 708 1834 758 at
1867 701 2058 756 eadem
2085 703 2230 758 forma

273 789 581 845 litterarum
615 787 778 843 etiam
820 787 965 842 sexti
997 786 1176 842 seculi
1209 786 1470 841 librarios
1508 801 1636 840 esse
1677 800 1811 841 usos
1847 800 1951 856 pro
1986 793 2135 842 certo
2166 791 2233 841 est

273 872 615 928 babendum.‘
635 871 866 926 Vetusta
892 875 1070 925 autem
1103 870 1201 925 illa
1232 869 1505 941 scriptura
1529 869 1711 924 deleta
1736 867 1791 922 in
1822 867 1911 922 his
1934 869 2231 924 membranis

275 956 516 1025 scriptus
549 959 634 1009 est
668 952 725 1008 S.
754 952 1072 1022 Hieronymi
1107 953 1526 1008 commentarius
1561 951 1617 1006 in
1639 950 2092 1007 Ecclesiasticnm
2115 953 2232 1007 Lon-

275 1036 822 1108 gobardicis‘litteris
838 1077 854 1105 ‚
875 1037 1065 1091 seculo
1086 1077 1104 1106 ‚
1127 1042 1188 1090 ut
1208 1028 1425 1091 videtur
1442 1076 1459 1104 ‚
1483 1040 1701 1090 octavo.

252 1104 268 1121 “
381 1119 784 1190 Compluribus
817 1119 960 1175 locis
992 1120 1100 1174 hoc
1135 1119 1332 1174 codice
1374 1118 1623 1173 homines
1658 1117 1808 1173 docti
1843 1119 1940 1189 qui
1974 1125 2093 1174 ante
2117 1119 2233 1174 Har-

167 1178 174 1185 ’
233 1229 239 1233 <
277 1203 494 1260 duinum
515 1202 678 1257 Plinii
705 1201 1018 1258 Naturalem
1037 1202 1326 1258 historiam
1346 1206 1677 1257 curaverunt
1696 1201 1848 1271 typis
1872 1203 2132 1267 edendam
2153 1204 2233 1256 de-

276 1286 570 1342 fenduntur
594 1302 624 1340 a
651 1286 808 1356 culpa
831 1285 1276 1357 interpolationis
1291 1326 1308 1354 ‚
1333 1301 1493 1356 quum
1516 1300 1655 1356 quae
1679 1284 1764 1338 illi
1795 1286 2130 1356 scripserunt
2153 1286 2235 1340 ad-

275 1370 382 1443 huc
403 1368 460 1425 in
492 1370 642 1424 nullo
666 1385 823 1423 manu
847 1368 1056 1439 scripto
1080 1369 1275 1424 codice
1300 1373 1519 1439 reperta
1540 1367 1634 1422 hic
1656 1384 1826 1438 saepe
1850 1369 2082 1431 referat:
2114 1369 2234 1424 alias

277 1452 560 1508 consentit*
573 1469 694 1508 oum
705 1452 1067 1507 Riccardiano
1080 1447 1185 1525 (R)
1202 1457 1257 1506 et
1269 1451 1571 1507 ParisinoI.
1592 1446 1709 1524 (a),
1736 1450 1874 1506 alias
1902 1468 2022 1507 cum
2036 1452 2234 1506 chiffle-

273 1537 427 1592 tiano
462 1532 616 1611 (Θ),
641 1537 779 1591 alias
814 1552 933 1591 cum
965 1535 1230 1591 Toletano
1252 1531 1356 1608 (T)
1391 1540 1446 1589 et
1467 1533 1717 1590 Parisino
1750 1535 1817 1589 Il.
1845 1531 1962 1609 (d).
2023 1535 2233 1607 Supple-

276 1624 454 1675 menta
478 1620 653 1675 adhuc
677 1624 884 1674 tantum
907 1636 938 1674 e
964 1619 1211 1689 margine
1233 1618 1446 1673 codicis
1467 1617 1720 1673 VatIcani
1742 1613 1853 1691 (D)
1875 1635 1907 1674 a
1929 1636 2015 1674 me
2038 1618 2231 1674 excussi

274 1708 403 1758 nota
426 1702 482 1757 in
507 1719 573 1758 eo
598 1718 814 1773 quoque
835 1703 1120 1772 legunturz
1145 1702 1435 1772 explentur
1457 1706 1746 1772 praetcrea
1767 1702 2000 1758 lacunae
2023 1702 2231 1758 nondum

279 1786 693 1843 animadversae
747 1785 843 1841 lib.
890 1785 1057 1841 XIIII.
1104 1781 1211 1858 ὃς.
1248 1790 1334 1845 36.
1385 1789 1468 1844 47.
1517 1789 1649 1854 140,
1683 1784 1779 1840 lib.
1817 1784 1935 1840 XV.
1972 1783 2034 1858 ὅ.
2070 1791 2158 1849 59;
2188 1790 2233 1839 et

277 1870 373 1940 lib.
404 1869 545 1924 XIII.
573 1867 633 1941 ἓ.
660 1876 744 1929 38.
771 1870 1028 1939 leguntur
1052 1886 1115 1925 ea
1138 1869 1311 1924 verba
1327 1909 1344 1938 ‚
1380 1885 1520 1939 quae
1538 1909 1556 1938 ‚
1582 1875 1742 1938 quum
1769 1868 1825 1923 in
1849 1870 2228 1942 exemplaribus

280 1959 404 2008 ante
431 1953 760 2008 Harduinum
783 1953 947 2008 editis
971 1953 1293 2023 legerentur
1316 1952 1499 2007 alieno
1522 1952 1650 2006 loco
1681 1948 1773 2026 (ὃ.
1799 1949 1937 2026 45),
1973 1954 2104 2008 illuc
2123 1969 2230 2024 per-

274 2036 452 2091 tinere
474 2037 684 2107 pridem
719 2036 969 2106 equidem
1005 2035 1350 2092 conieceram
1374 2027 1454 2107 *).
1501 2034 1675 2089 Etiam
1701 2035 1904 2092 multae
1940 2036 2080 2092 aliae
2113 2036 2230 2091 alio·

277 2135 393 2174 rum
428 2120 779 2176 coniecturae
825 2121 1241 2188 confirmantur,
1275 2118 1428 2173 multi
1471 2117 1584 2173 Ioci
1630 2135 1702 2173 ex
1749 2119 1860 2175 hoc
1902 2120 2026 2174 solo
2062 2119 2231 2175 codice

275 2208 505 2273 possunt
528 2202 823 2258 emendari.
869 2202 1021 2258 Unde
1045 2203 1232 2257 elucet
1254 2218 1375 2257 eum
1398 2217 1518 2256 cum
1542 2201 1790 2258 codicum
1816 2202 1912 2272 qui
1934 2203 2104 2258 adbuc
2123 2218 2232 2274 per·

272 2286 490 2340 lustrati
515 2292 640 2341 sunt
662 2287 811 2341 nullo
847 2286 1024 2343 eidem
1052 2302 1221 2357 posse
1246 2284 1487 2342 adscribi
1514 2284 1785 2354 familiae,
1821 2286 1924 2341 sed
1948 2286 2105 2342 nobis
2124 2301 2233 2341 esse

273 2369 448 2426 instar
465 2375 715 2424 vetustae
750 2367 1218 2425 cuiusdamcuius
1241 2368 1482 2438 vestigia
1514 2368 1570 2422 in
1596 2368 1827 2438 reliquis
1852 2369 2231 2441 exemplaribus

276 2452 668 2521 remanserint,
704 2453 806 2510 sed
837 2453 948 2522 ita,
983 2458 1044 2506 ut
1078 2452 1133 2507 in
1170 2452 1296 2508 aliis
1329 2451 1490 2507 libris
1522 2451 1631 2507 alia
1654 2452 1884 2523 propius
1920 2453 1988 2508 ad
2022 2469 2132 2508 eam
2158 2452 2231 2505 vi-

276 2534 504 2590 deantur
531 2536 817 2591 accedere.
837 2547 862 2553 “

401 2617 832 2690 Orthoyraphiae
874 2634 1032 2689 quam
1074 2618 1291 2690 recepit
1335 2618 1586 2689 Silligius
1633 2617 1989 2674 inveniuntur
2030 2618 2231 2675 aliarum

191 2689 206 2702 ’
273 2717 455 2756 rerum
487 2703 784 2772 permulta,
821 2703 1049 2757 aliarum
1083 2708 1236 2761 certe
1269 2702 1487 2772 singula
1523 2701 1789 2773 quaedam
1823 2703 2099 2773 exempla,
2128 2716 2230 2755 nam

273 2785 580 2856 scriptura,
612 2791 671 2840 ut
706 2786 794 2854 flt,
829 2800 938 2840 non
974 2785 1081 2839 sibi
1117 2791 1364 2855 constat,
1397 2786 1499 2841 sed
1531 2785 1738 2856 ubique
1769 2787 2030 2841 scribitur
2057 2785 2230 2839 aesti-

224 2903 229 2907 -
270 2883 427 2923 mare
451 2874 507 2923 et
526 2870 648 2923 extis
662 2870 710 2923 ci
720 2882 893 2923 mare.
932 2867 1103 2933 Quam
1125 2868 1196 2923 ob
1222 2885 1337 2924 rem
1355 2868 1483 2923 inde
1507 2886 1537 2924 a
1561 2868 1705 2924 libro
1718 2869 1811 2924 XI.
1832 2870 2088 2937 revocavi
2109 2869 2229 2922 banc

273 2952 631 3022 scripturam,
668 2952 812 3007 sicut
834 2952 1070 3006 litteram
1090 2951 1129 3005 h
1149 2958 1279 3022 post
1308 2969 1376 3005 rr
1414 2952 1470 3006 in
1494 2951 1721 3007 Graecis
1754 2952 2072 3021 vocabulis,
2113 2965 2228 3021 quo—

272 3032 418 3088 niam
450 3051 711 3105 nusquam
744 3036 801 3090 in
837 3036 945 3090 hoc
979 3035 1176 3090 codice
1210 3041 1296 3090 est
1317 3034 1521 3090 omissa
1546 3041 1602 3089 et
1632 3052 1759 3090 num
1792 3035 2092 3091 recte‘eam
2114 3032 2229 3089 omi-

274 3115 471 3170 sissem
500 3119 608 3172 iam
629 3119 842 3188 pridem
867 3112 1008 3189 (vid.
1041 3119 1135 3174 lib.
1162 3117 1203 3172 I.
1229 3118 1406 3189 praef.
1437 3134 1489 3189 p.
1518 3115 1618 3191 V.)
1645 3118 1776 3173 mihi
1813 3120 1991 3174 fuerat
2014 3118 2224 3173 dubium.

280 3194 479 3252 Contra
513 3202 586 3252 iet
597 3216 746 3278 unus,
783 3200 1050 3256 eiusmodi
1076 3202 1184 3256 alia
1208 3197 1350 3274 (vid.
1376 3201 1413 3255 l.
1442 3197 1524 3275 c.)
1540 3243 1557 3272 ,
1581 3202 1832 3272 quamvis
1854 3203 1911 3257 in
1932 3203 2038 3257 hoc
2058 3197 2227 3256 codice

410 3348 577 3437 *soe
615 3376 842 3445 Manena.
872 3379 968 3468 pei
1021 3382 1279 3446 Anzeigen
1321 3378 1469 3432 1836.
1531 3382 1633 3435 von
1672 3384 1772 3446 ιιι,
1809 3398 1862 3448 p.
1899 3384 2011 3436 285.
