2320 3650
627 106 784 153 NAT.
820 105 1000 154 ms'r.
1034 106 1214 154 x1111.
1246 103 1419 156 4—6.
1453 95 1687 172 (6—8.)
2057 95 2179 156 263

290 261 362 321 6.
402 259 499 338 (8.
527 259 613 338 1.)
659 259 886 320 Genera
911 269 1100 320 autem
1132 262 1248 319 vini
1291 259 1563 321 alia'aliis
1593 264 1853 338 gratiora
1886 276 2022 322 esse
2047 264 2173 340 quis
2197 271 2266 326 59

143 344 418 419 dubitet,
454 353 550 403 aut
580 360 693 402 non
719 363 794 403 ex
831 344 1041 404 eodem
1073 345 1202 404 lacu
1233 344 1386 405 aliud
1418 344 1804 424 praestantius
1828 348 2015 406 altero
2047 365 2178 422 ger-

141 430 491 489 manitatem
515 429 878 505 praecedere
909 431 1035 488 sive
1068 438 1217 488 testa
1248 430 1375 488 sive
1406 429 1643 489 fortuito
1685 429 1939 490 eventu?
1989 448 2181 509 quam-

147 513 365 592 qbrem
398 513 471 571 de
496 513 821 590 principatu
849 531 915 572 se
941 515 1185 592 quisque
1205 513 1451 576 iudicem
1474 523 1705 573 statuet.
1749 514 1895 574 Iulia
1914 515 2177 590 Augusta
2197 522 2269 577 60

91 627 118 668 5
146 610 413 658 LXXXII
461 612 640 655 annos
672 597 827 656 vitae
858 596 1072 656 Pucino
1114 600 1250 655 vino
1287 595 1508 660 rettulit
1550 608 1867 676 acceptos,
1919 615 2032 657 non
2064 598 2177 657 alio

144 699 286 742 usa.
349 682 606 758 gignitur
649 683 707 739 in
745 682 870 741 sinu
904 680 1222 741 Hadriatici
1266 682 1437 742 maris
1474 699 1589 741 non
1622 682 1828 760 procul
1877 700 1908 741 a
1938 681 2177 756 Timavo

144 767 354 843 fonte,
389 781 572 824 saxeo
597 764 788 840 colle,
824 768 1103 825 maritimo
1129 766 1337 826 adflatu
1367 783 1583 845 paucas
1612 775 1905 844 coquente
1943 764 2177 842 ampho-
2283 823 2288 829 ,

144 868 313 924 ηε,
344 866 454 907 nec
482 849 637 909 aliud
672 851 860 926 aptius
888 850 1322 909 medicamentis
1353 850 1652 910 iudicatur.
1725 851 1839 910 hoc
1872 867 2008 909 esse
2054 867 2179 906 cre-

146 933 404 994 diderim
436 933 593 1012 quod
625 932 832 992 Graeci
871 933 1243 994 celebrantes
1273 935 1431 994 miris
1463 934 1728 994 laudibus
1758 933 2180 993 Praetetianum

69 1045 128 1086 10
148 1016 592 1096 appellaverint
647 1035 722 1075 ex
761 1016 1092 1077 Hadriatico
1149 1019 1293 1077 sinu.
1366 1017 1550 1078 Divos
1590 1019 1886 1096 Augustus
1918 1017 2174 1076 Setinum
2195 1025 2263 1080 61

147 1101 436 1182 praetulit
481 1102 704 1162 cunctis
751 1110 809 1160 et
859 1101 988 1161 fere
1035 1103 1220 1163 secuti
1252 1103 1583 1180 principeS‚
1632 1102 1904 1162 confessa
1936 1109 2180 1178 propter

149 1187 594 1264 experimenta,
639 1200 754 1243 non
803 1194 1024 1244 temere
1071 1186 1447 1245 cruditatibus
1491 1187 1682 1245 noxiis
1735 1185 1807 1245 ab
1863 1203 1931 1244 ea
1975 1183 2174 1243 saliva.

145 1270 418 1329 nascitur
451 1287 624 1347 supra
655 1269 867 1329 Forum
897 1270 1073 1348 Appi.
1137 1269 1325 1328 Antea
1353 1268 1629 1329 Caecubo
1659 1279 1785 1329 erat
1810 1269 2177 1346 generositas

149 1352 549 1415 celeberrima
570 1356 626 1412 in
650 1352 1004 1430 palustribus
1029 1353 1332 1436 populetis
1349 1354 1475 1412 sinu
1489 1353 1872 1428 AmynclanO,
1897 1351 2049 1430 quod
2068 1352 2177 1408 iam

72 1437 129 1506 15
151 1438 457 1499 intercidit
487 1439 706 1497 incuria
737 1436 932 1496 coloni
966 1438 1202 1516 locique
1245 1438 1539 1513 angustia,
1581 1438 1763 1512 magis
1798 1446 1988 1494 tamen
2016 1434 2177 1493 fossa

149 1522 414 1584 Neronis
439 1539 608 1599 quam
631 1539 666 1580 a
688 1521 904 1581 Baiano
930 1521 1060 1580 lacu
1076 1521 1295 1581 Ostiam
1320 1538 1507 1599 usque
1528 1520 1915 1597 navigabilem
1939 1517 2171 1577 inchoa-

149 1615 346 1667 verat.
420 1606 525 1684 [2.]
581 1604 851 1665 Secunda
902 1604 1184 1664 nobilitas
1215 1604 1468 1664 Falerno
1519 1621 1663 1681 agro
1714 1613 1837 1664 erat
1880 1611 1937 1661 et
1980 1619 2051 1660 ex
2097 1618 2167 1658 eo
2193 1609 2263 1663 62

146 1707 423 1750 maxume
458 1689 846 1748 Faustiniano.
905 1707 1042 1749 eura
1087 1689 1427 1767 culturaque
1467 1689 1524 1747 id
1567 1687 1912 1764 collegerat.
1976 1683 2175 1744 exole-

153 1776 273 1836 scit
303 1772 454 1833 haec
478 1789 711 1853 quoque
747 1775 956 1853 copiae
984 1775 1181 1853 potius
1207 1788 1374 1852 quam
1398 1772 1640 1833 bonitati
1668 1771 2031 1832 studentium.
2070 1767 2176 1827 Fa-

73 1882 130 1924 20
157 1860 365 1921 l-ernus
398 1874 542 1934 ager
587 1876 620 1917 a
651 1867 829 1935 ponte
861 1857 1157 1936 Campano
1191 1858 1359 1918 laeva
1386 1856 1718 1936 petentibus
1753 1854 2043 1915 Urbanam
2078 1869 2175 1911 co·

150 1944 374 2004 Ioniam
414 1941 710 2002 Sullanam
750 1948 937 2021 nuper
977 1939 1216 2020 Capuae
1260 1941 1638 2001 contributam
1671 1941 1903 2015 incipit,
1955 1937 2176 1998 Fausti·

151 2029 363 2087 nianus
398 2027 630 2087 circiter
670 2038 780 2085 1111
814 2027 968 2085 milia
1004 2043 1275 2103 passuum
1306 2043 1339 2085 a
1368 2027 1504 2085 vico
1536 2024 1810 2084 Caedicio
1834 2068 1848 2096 ᾖ
1890 2024 1983 2096 qui
2015 2024 2173 2076 vicus

149 2130 191 2171 a
216 2111 501 2170 >Sinuessa
535 2122 610 2169 VI
632 2109 860 2170 milibus
885 2126 1159 2188 passuum
1182 2109 1367 2169 abest.
1402 2127 1514 2168 nec
1535 2108 1637 2168 ulli
1661 2126 1808 2165 nunc
1832 2108 1964 2160 vino
1993 2104 2173 2160 maior

160 2196 500 2255 auctoritas.
551 2194 682 2253 solo
707 2196 968 2254 vinorum
992 2193 1214 2252 flamma
1239 2192 1593 2252 accenditur.
1635 2194 1738 2249 tria
1772 2192 1892 2246 eius
1920 2204 2165 2262 genera.-
2195 2196 2263 2248 53

73 2297 131 2337 25
158 2287 479 2353 austerum,
511 2278 717 2354 dulce,
749 2288 944 2338 tenue.
1000 2276 1231 2354 quidam
1262 2278 1339 2335 ita
1369 2276 1710 2351 distingunt.
1748 2275 1981 2328 summis
2015 2270 2173 2327 colli-

153 2364 270 2423 bus
313 2360 627 2422 Caucinum
672 2362 864 2440 gigni,
911 2361 1117 2421 mediis
1169 2359 1622 2432 Faustinianum,
1680 2358 1802 2412 imis
1848 2356 2171 2414 Falernum.

151 2464 274 2507 non
324 2446 698 2507 omittendum
739 2456 928 2505 autem
971 2444 1111 2503 nulli
1155 2460 1354 2503 eorum
1391 2460 1540 2521 quae
1577 2440 1950 2500 celebrentur
1981 2442 2173 2496 iucun—

153 2532 294 2591 dum
325 2544 599 2608 saporem
629 2547 779 2589 uvae
820 2548 975 2590 esse.
1039 2528 1144 2606 [3.]
1208 2528 1300 2586 Ad
1331 2527 1557 2585 tertiam
1583 2525 1828 2604 palmam
1863 2524 2021 2581 varie
2069 2542 2165 2579 ve-
2193 2530 2261 2583 64

152 2633 304 2674 nere
338 2613 564 2673 Albana
597 2613 723 2673 urbi
757 2616 979 2688 vicina,
1025 2610 1360 2689 praedulcia
1392 2627 1462 2669 ac
1496 2627 1625 2669 rara
1655 2611 1710 2667 in
1740 2619 2005 2679 austere,
2043 2609 2173 2663 item

74 2719 130 2761 eo
158 2699 503 2758 Surrentina
559 2698 616 2756 in
673 2699 865 2757 vineis
928 2705 1140 2759 tantum
1204 2695 1500 2754 nascentia
1536 2738 1552 2769 ,
1628 2689 2175 2751 convalescentibus

149 2784 427 2842 *innume
471 2781 721 2860 probata
759 2790 1006 2859 propter
1036 2780 1366 2838 tenuitatem
1404 2776 1938 2851 salubritatemque.
2007 2773 2173 2829 Tibe-

156 2867 278 2925 rius
314 2862 536 2925 Caesar
579 2864 811 2926 dicebat
843 2860 1217 2923 consensisse
1263 2862 1525 2921 medicos
1557 2869 1619 2919 ut
1647 2861 2007 2917 nobilitatem
2043 2861 2171 2913 Sur-

105 3015 114 3024 ,
152 2950 388 3010 rentino
427 2949 672 3025 darent,
708 2948 927 3027 alioqui
959 2961 1485 3023 esse‘generosum
1515 2953 1760 3005 acetum.
1824 2942 1995 2999 Gaius
2033 2939 2175 2997 Cae-

52 3022 291 3108 *ffi'fffsan
340 3035 436 3111 qui
466 3034 757 3094 successit
786 3032 903 3107 illi,
950 3030 1204 3090 nobilem
1233 3047 1501 3108 vappam.
1559 3037 1780 3087 certant
1812 3025 2061 3083 Massica
2097 3033 2173 3081 at-

77 3139 135 3182 35
160 3135 275 3197 que
322 3134 356 3177 a
399 3127 596 3177 monte
633 3116 825 3179 Gauro
860 3115 1141 3175 Puteolos
1180 3114 1467 3191 Baiasque
1510 3111 1965 3191 prospectantia.
2044 3124 2171 3182 nau}
2192 3119 2289 3224 65⁴

157 3202 414 3262 Falerno
451 3202 803 3262 contermina
829 3202 1062 3260 Statana
1094 3200 1165 3259 ad
1188 3199 1570 3278 principatum
1592 3213 1813 3256 venere
1834 3210 1950 3254 non
1980 3192 2174 3265 dubie,

154 3287 474 3365 palamque
516 3285 722 3345 fecere
776 3302 879 3345 sua
927 3283 1253 3363 quibusque
1297 3283 1471 3341 terris
1511 3291 1774 3359 tempora
1805 3291 1994 3352 aesse,
2039 3292 2176 3337 suos

153 3386 352 3429 rerum
400 3379 718 3446 proventus
763 3386 1148 3447 occasusque.
1227 3369 1418 3427 iuncta
1456 3366 1546 3426 his
1585 3364 1868 3445 praeponi
1910 3360 2179 3426 mlehunt
2286 3450 2288 3486 ἲ

2220 3524 2289 3620 A
