2320 3650
640 112 803 159 NAT.
828 111 1011 159 ms'r.
1044 113 1141 161 xl.
1173 107 1259 161 37.
1302 98 1606 184 (45—52.)
1664 45 1679 68 Ι
2006 104 2118 168 181

106 267 229 327 bas.
289 267 436 327 hanc
468 266 682 327 habent
711 283 920 326 sensus
955 284 1185 343 arcem,
1216 268 1333 327 huc
1360 286 1635 328 venarum
1659 271 1843 330 omnis
1875 288 1909 331 a
1940 272 2120 342 corde

106 353 190 410 vis
220 351 437 426 tendit,
465 352 583 411 ›hic
615 351 865 425 desinit,
912 352 1326 412 hoccolumeu
1371 352 1740 426 altissimum,
1784 353 1882 415 hic
1915 359 2122 416 mentis

111 431 204 495 est
237 437 523 513 regimen.
604 434 865 496 omnibus
909 445 1103 506 autem
1151 437 1472 497 animalium
1514 439 1570 496 in
1615 439 1815 514 priora
1855 456 2119 518 pronum,

108 521 235 598 quia
266 529 329 580 et
355 535 566 580 seusus
595 518 730 581 'ante
758 535 866 578 nos
900 521 1158 581 tendunt.
1217 520 1288 580 ab
1333 538 1407 580 eo
1440 520 2120 601 proficiscunt-somnus,

58 622 74 660 5
99 605 225 664 hinc
248 606 724 683 capitisnutatio.
788 621 937 682 quae
964 604 1270 665 cerebrum
1298 623 1416 665 non
1437 604 1654 666 habent
1667 624 1790 668 non
1810 606 2118 669 dormiunt.

100 687 304 749 Cervis
352 690 410 748 in
459 689 655 767 eapite
703 690 901 748 inesse
943 688 1247 750 vermiculi
1296 690 1406 750 sub
1447 690 1683 767 linguae
1726 692 2001 752 inanitate
2062 702 2121 754 et

101 767 586 833 circasartioulum
617 791 728 852 qua
771 782 947 851 caput
980 775 1233 851 iungitur
1272 792 1510 835 numero
1541 775 1744 851 viginti
1779 775 2116 853 produntur.

219 858 393 938 (50.)
442 857 877 917 Aureshomini
905 866 1119 918 tantum
1141 858 1469 919 inmobiles·
1533 857 1609 918 ab
1640 860 1709 918 iis
1732 857 2077 920 Flaccorum
2102 870 2204 925 136

100 944 458 1020 cognomina.
507 955 638 1003 -uee
663 944 722 1002 in
762 942 874 1002 alia
904 952 1071 1021 parte
1112 942 1340 1003 feminis
1379 944 1561 1003 maius
1596 944 1926 1021 inpendium
1973 964 2118 1005 mar·

60 1028 295 1103 ogaritis
325 1027 816 1106 dependentibus.
855 1065 858 1066 ν
893 1029 952 1086 in
982 1025 1221 1100 Oriente
1252 1028 1483 1106 quidem
1518 1035 1577 1087 et
1618 1029 1758 1087 viris
1799 1046 2001 1090 aurum
2036 1046 2117 1089 >eo

101 1112 209 1170 loci
240 1119 489 1189 gestare
516 1112 698 1171 decus
733 1112 1117 1173 existimatur.
1178 1111 1523 1173 Animalium
1546 1112 1675 1172 aliis
1702 1114 1957 1194 maiores
1989 1114 2118 1174 aliis

99 1196 365 1255 minores
442 1198 635 1256 cervis
664 1204 880 1258 tantum
910 1196 1133 1256 scissae
1164 1213 1235 1256 ac
1263 1196 1428 1256 velut
1455 1196 1709 1272 divisae,
1755 1198 1933 1258 sorici
1968 1198 2119 1277 pilo-

100 1297 211 1339 sae.
277 1282 388 1340 sed
420 1280 674 1359 aliquae
682 1280 945 1340 omnibus
990 1279 1196 1340 animal
1242 1281 1535 1340 dumtaxat
1561 1281 1977 1357 generantibus
2015 1301 2116 1344 ex·

101 1374 265 1443 cepto
313 1365 500 1425 vitulo
546 1366 766 1426 marino
828 1373 1002 1443 atque
1054 1365 1332 1443 delphino
1390 1374 1451 1424 et
1510 1383 1658 1443 quae
1706 1367 2140 1443 cartilaginem»
2154 1388 2203 1422 vs

65 1449 519 1527 sappellavimus
581 1459 640 1509 et
694 1450 936 1527 viperis.
1027 1449 1176 1509 haec
1241 1467 1523 1522 cavernas
1582 1458 1798 1510 tautum
1858 1450 2203 1512 habent137

101 1534 306 1593 aurium
355 1534 518 1593 loco
543 1541 781 1611 praeter
814 1534 1195 1611 cartilaginea
1227 1544 1285 1593 et
1320 1533 1684 1613 delphinum,
1719 1552 1891 1617 quem
1924 1543 2118 1595 tamen

100 1617 287 1682 audire
318 1617 687 1678 manifestum
717 1626 829 1677 est.
892 1635 1024 1678 nam
1047 1627 1106 1678 et
1139 1628 1308 1678 cantu
1337 1618 1690 1694 mulcentur,
1725 1618 2117 1697 etcapiuntur

102 1705 312 1763 attoniti
344 1720 517 1761 sono.
572 1702 1077 1780 quanamaudiant
1104 1704 1353 1774 mirum„
1388 1703 1564 1766 iidem
1584 1721 1696 1768 nec
1728 1703 1980 1763 olfactus
2012 1720 2114 1762 ve·

102 1787 529 1864 stigiahabent,
568 1801 702 1847 cum
724 1787 1005 1849 olfaciant
1032 1788 1430 1864 sagacissime.
1505 1787 1875 1849 Pinnatorum
1905 1788 2115 1849 anima-

58 1887 84 1925 20
100 1870 223 1930 lium
244 1874 468 1933 buboni
493 1881 711 1932 tantum
742 1881 804 1932 et
833 1881 934 1932 oto
957 1873 1196 1950 plumae
1227 1874 1389 1933 velut
1420 1892 1593 1933 aures
1611 1917 1629 1948 ,
1664 1874 1881 1933 ceteris
1913 1890 2115 1934 caver·

98 1971 195 2015 nae
226 1958 297 2018 ad
331 1957 602 2017 auditum.
688 1956 856 2016 simili
890 1957 1066 2016 modo
1090 1959 1476 2036 squamigeris
1509 1968 1684 2036 atque
1721 1956 2114 2036 serpentibus,

99 2037 154 2097 ln
181 2044 349 2121 equis
396 2051 456 2100 et
489 2041 1148 2103 omniumiumentorum
1182 2059 1409 2119 genere
1440 2042 1650 2102 indicia
1681 2043 1852 2102 animi
1883 2041 2114 2119 praefe-

99 2133 251 2201 runt,
296 2126 590 2187 marcidae
629 2125 840 2200 fessis,
887 2127 1172 2185 micantes
1212 2127 1479 2203 pavidis,
1530 2126 1841 2186 subrectae
1875 2125 2113 2185 furenti·

100 2206 228 2285 bus,
256 2210 562 2270 resolutae
593 2210 808 2286 aegris.
1516 2250 1517 2253 κ

58 2306 87 2346 2⁵
215 2295 390 2374 (51.)
436 2292 650 2354 Facies
674 2294 888 2354 homini
915 2304 1162 2370 tantum,
1200 2296 1415 2355 ceteris
1439 2311 1508 2353 os
1531 2258 1626 2353 aut
1647 2256 1857 2353 restra.
1909 2293 2072 2353 frons
2094 2299 2202 2355 138

100 2384 150 2434 et
175 2377 337 2456 aliis,
377 2379 483 2438 sed
516 2379 734 2438 homini
770 2388 983 2439 tantum
1014 2379 1318 2455 tristitiae,
1376 2378 1712 2452 hilaritatis,
1745 2378 2113 2452 clementiae,

99 2463 419 2524 severitatis
465 2460 786 2522 iudex.1n
816 2463 1065 2539 adsensu
1105 2465 1234 2522 eius
1270 2461 1591 2541 supercilia
1626 2461 1848 2521 homini
1871 2471 1930 2521 et
1960 2462 2112 2540 pari·

96 2552 186 2603 ter*
225 2557 284 2606 et
337 2547 564 2607 alterna
618 2546 888 2623 mobilia,
943 2557 1004 2606 et
1054 2549 1113 2607 in
1153 2549 1225 2607 iis
1258 2565 1395 2626 pars
1440 2546 1630 2606 animi.
1694 2563 2001 2623 negamus
2042 2562 2114 2609 an

97 2629 425 2692 annuimus?
497 2631 648 2691 haec
693 2648 958 2692 maxume
1004 2633 1259 2692 iudicant
1310 2633 1544 2693 factum.
1616 2631 1890 2708 superbia
1936 2628 2137 2689 aliubi*

58 2716 605 2796 oconceptaculum,
639 2715 749 2775 sed
783 2714 879 2775 hic
907 2716 1109 2776 sedem
1140 2714 1337 2777 habet.
1397 2716 1455 2774 in
1479 2714 1659 2775 corde
1690 2716 1967 2788 nascitur,
1999 2713 2114 2773 huc

100 2797 269 2876 subit,
314 2801 413 2860 hic
454 2800 690 2880 pendet.
756 2800 895 2860 nihil
937 2801 1107 2861 altius
1148 2802 1314 2862 simul
1351 2798 1770 2929 abruptiusque
1810 2798 2028 2858 invenit
2057 2798 2114 2856 in

101 2896 341 2962 corpore
369 2884 468 2944 uhi
491 2884 751 2944 solitaria
778 2884 959 2944 esset.
1625 2925 1628 2927 Α

197 2969 385 3048 (52.)
433 2968 750 3029 Subiacent
800 2969 987 3044 oculi,
1043 2986 1182 3047 pars
1224 2970 1496 3047 corporis
1538 2967 1964 3046 pretiosissima
2008 2973 2068 3025 et
2090 2971 2197 3028 139

100 3067 237 3128 quae
281 3053 431 3115 lucis
471 3071 579 3113 usu
611 3054 784 3112 vitam
829 3053 1142 3130 distinguat
1182 3071 1215 3115 a
1249 3062 1459 3113 morte.
1520 3038 1658 3113 Non
1684 3051 1961 3112 omnibus
1990 3050 2109 3111 ani·

58 3135 316 3197 umanum
346 3137 425 3197 hi.
489 3138 703 3198 ostreis
729 3136 899 3212 nulli,
935 3137 1301 3216 quibusdam
1296 3137 1657 3198 concharum
1686 3135 1865 3197 dubii.
1924 3135 2109 3214 pecti·

98 3234 195 3279 nes
219 3224 411 3298 enim,
445 3223 494 3281 si
526 3223 655 3300 quis
685 3222 904 3299 digitos
941 3221 1249 3282 adversum
1280 3222 1491 3287 hiantis
1525 3239 1631 3281 eos
1661 3228 1930 3296 moveat,
1972 3237 2110 3279 con-
2258 3242 2259 3257 ¹

100 3305 386 3366 trahuntur
417 3314 482 3365 ut
507 3306 775 3366 videntes
792 3349 811 3381 ,
835 3342 836 3345 =
860 3315 922 3365 et
952 3306 1193 3366 solenes
1220 3306 1449 3382 fugiunt
1476 3306 1704 3367 admota
1738 3307 2109 3367 ferramenta.

100 3390 508 3471 quadripedum
535 3391 713 3470 talpis
744 3391 905 3450 visus
935 3408 1050 3452 non
1082 3398 1209 3466 est,
1242 3391 1810 3470 oculorumeffigies
1843 3391 2028 3465 inest,
2060 3386 2111 3446 si
2172 3264 2260 3580 j
