2320 3650
181 91 299 153 132
866 98 925 146 e.
961 98 1152 144 rum
1190 94 1489 149 suenum

174 277 307 333 non,
320 258 443 318 sine
478 252 742 333 periculo
773 252 1190 327 navigantium,
1237 266 1366 307 cum
1396 247 1948 327 adpropinquavere
1993 246 2183 305 terris.

175 344 390 421 quippe
433 338 583 398 velis
611 354 792 415 saepe
832 335 1105 409 incidunt,
1139 341 1199 391 et
1227 331 1341 391 hoc
1374 348 1607 408 semper
1651 338 1851 404 noctu,
1892 338 2186 407 mergunt-

89 436 157 490 66
176 443 288 502 que
329 423 598 499 navigia„
633 423 744 480 iter
779 428 868 479 est
908 419 997 477 his
1027 436 1135 495 per
1163 416 1414 496 hospitia
1451 424 1630 474 certa.
1698 422 1899 474 austro
1931 431 2054 472 non
2088 432 2186 473 vo-

173 510 312 584 lant,
344 506 538 565 umido
581 505 808 564 scilicet
842 512 901 562 et
933 503 1205 579 graviore
1247 507 1443 558 vento.
1508 516 1646 558 aura
1685 506 1881 574 tamen
1920 498 2063 557 vehi
2089 516 2188 558 vo-

173 592 295 652 lunt
329 598 571 669 propter
611 589 836 667 pondus
886 602 1197 663 corporum
1226 585 1486 661 virisque
1518 600 1748 660 parvas,
1796 582 1936 642 hinc
1988 583 2224 643 volan-s

171 678 307 736 tium
338 675 439 735 illa
463 673 821 751 ,conquestio
847 669 1051 731 labore
1085 685 1390 746 expressa.
1436 667 1710 745 aquilone
1744 684 1891 743 ergo
1924 685 2191 726 maxume

170 759 369 820 volant
409 765 807 834 ortygometra
845 755 1019 814 duce.
1096 754 1334 830 primam
1387 769 1583 810 earum
1625 759 1819 809 terrae
1875 751 2189 830 adpropin-

172 852 438 922 quantem
485 842 766 919 accipiter
810 839 978 917 rapit.
1043 854 1277 915 semper
1313 835 1444 894 hinc
1488 843 1819 896 remeantes
1855 838 2190 895 comitatum

173 928 506 999 sollicitant,
544 925 874 1001 abeuntque
905 939 1016 981 una
1046 937 1364 998 persuasae
1391 919 1607 996 glottis
1626 927 1686 977 et
1711 927 1843 977 otus
1868 928 1930 979 et
1949 920 2191 998 cychra·

88 1020 309 1076 67mus.
370 1010 571 1086 glottis
613 1008 992 1086 praelongam
1040 1005 1263 1063 exserit
1313 1003 1597 1080 linguam,
1650 1003 1803 1062 unde
1847 1006 1904 1062 ei
1958 1021 2244 1065 nomenoi
2286 1009 2287 1030 ³

171 1096 319 1155 hanc
351 1094 508 1151 initio
533 1091 785 1151 blandita
815 1089 1287 1168 peregrinatione
1318 1088 1486 1147 avide
1518 1085 1847 1164 profectam
1889 1091 2189 1167 paeniten-

170 1179 249 1238 tia
271 1179 328 1236 in
350 1176 548 1236 volatu
569 1193 694 1234 cum
712 1174 916 1251 labore
937 1173 1169 1232 scilicet
1182 1171 1355 1246 subit,
1378 1173 1595 1231 reverti
1617 1173 2017 1232 incomitatam
2035 1175 2192 1252 pIget
2286 1173 2287 1176 ’

172 1271 229 1321 et
257 1261 463 1339 sequi,
497 1277 608 1319 nec
647 1273 914 1338 umquam
957 1258 1089 1336 plus
1133 1273 1248 1314 uno
1282 1255 1377 1315 die
1409 1256 1623 1334 pergit,
1670 1256 1728 1313 in
1762 1273 2058 1334 proxumo
2089 1258 2187 1316 ho·
2286 1319 2287 1324 ,

171 1346 345 1424 spitio
384 1345 634 1412 deserit.
698 1360 900 1402 verum
947 1342 1233 1399 invenitur
1293 1340 1405 1400 alia
1459 1339 1846 1399 antecedente
1900 1359 2054 1400 anno
2101 1360 2187 1401 re·
2286 1359 2287 1412 ζ

86 1430 303 1493 681icta
335 1428 505 1487 simili
537 1426 707 1486 modo
740 1429 797 1485 in
830 1425 1092 1502 singulos
1127 1425 1273 1484 dies.
1337 1424 1678 1498 cychramus
1707 1427 2243 1502 perseveranssoris

168 1514 403 1573 festinat
457 1514 627 1571 etiam
685 1512 996 1589 pervenire
1058 1509 1130 1569 ad
1194 1510 1486 1585 expetitas
1540 1507 1649 1566 sibi
1703 1517 1914 1568 terras.
1993 1512 2187 1589 itaque

176 1606 352 1656 noctu
382 1597 430 1655 is
467 1614 569 1655 eas
600 1596 817 1654 excitat
847 1594 1236 1671 admonetque
1269 1592 1510 1652 itineris,
1574 1601 1703 1652 otus
1735 1592 1975 1656 bubone
2008 1596 2188 1654 minor

172 1691 281 1757 est,
319 1680 547 1739 noctuis
576 1677 779 1755 maior,
813 1677 1045 1739 auribus
1077 1677 1324 1756 plumeis
1369 1677 1776 1754 eminentibus,
1811 1679 1969 1738 unde
2004 1687 2063 1738 et
2092 1697 2185 1739 no·
2286 1723 2287 1786 1

172 1782 304 1824 men
332 1763 417 1823 illi
446 1796 533 1808 —-
570 1764 796 1843 quidam
835 1762 1034 1821 Latine
1081 1762 1350 1821 axionem
1383 1770 1594 1821 vocant
1621 1795 1707 1805 --
1733 1763 2011 1823 imitatrix
2050 1764 2188 1823 alias

170 1850 291 1908 avis
332 1866 402 1907 ac
444 1848 696 1926 parasita
740 1857 798 1907 et
853 1848 1098 1925 quodam
1140 1864 1363 1923 genere
1422 1847 1704 1906 saltatrix.
1777 1848 2012 1927 capitur
2053 1848 2243 1908 hauno

171 1931 481 1992 difficulter
510 1941 572 1990 ut
614 1941 884 2006 noctuae,
917 1933 1189 1990 intentam
1232 1931 1289 1989 in
1323 1931 1574 2009 aliquem
1617 1932 2019 1993 circumeunte
2051 1933 2183 1993 alio.

89 2024 157 2080 69
176 2015 345 2088 Quod
392 2017 441 2073 si
473 2025 681 2076 ventus
727 2034 934 2094 agmen
977 2015 1228 2074 adverso
1272 2014 1427 2074 flatu
1456 2016 1656 2093 coepit
1699 2015 2002 2092 inhibere,
2047 2035 2187 2097 pon-

175 2098 433 2160 dusculis
487 2099 738 2179 lapidum
794 2100 1175 2178 adprehensis
1240 2108 1336 2158 aut
1384 2108 1614 2176 gutture
1663 2099 1882 2159 harena
1949 2102 2182 2180 repleto

171 2182 459 2244 stabilitae
489 2184 705 2244 volant.
784 2182 1192 2243 coturnicibus
1219 2185 1428 2243 veneni
1457 2200 1662 2243 semen
1703 2185 2073 2260 gratissimus
2110 2186 2186 2245 ci-

169 2266 298 2342 bus,
331 2285 500 2346 quam
549 2268 624 2327 ob
658 2286 888 2330 causam
927 2286 1028 2327 eas
1061 2268 1411 2327 damnavere
1441 2285 1702 2342 mensae,
1752 2268 2046 2348 simulque
2089 2287 2235 2330 (ιο-υ

168 2351 440 2410 mitialem
470 2362 715 2431 propter
759 2351 1020 2411 morbum
1075 2351 1282 2430 despui
1335 2361 1589 2428 suetum,
1644 2368 1815 2428 quem
1862 2353 2035 2414 solae
2071 2355 2184 2414 ani·
2284 2412 2285 2433 χ

168 2434 396 2494 malium
431 2438 683 2495 sentiunt
720 2446 952 2514 praeter
980 2434 1288 2495 hominem.

84 2526 154 2582 70
292 2517 392 2578 24.
428 2518 597 2599 (34.)
649 2520 879 2580 Abeunt
918 2529 975 2579 et
1022 2519 1354 2580 hirundines
1400 2519 1657 2579 hibernis
1691 2519 2031 2597 mensibuS,
2063 2521 2186 2582 sola
2284 2496 2285 2571 l

171 2619 347 2662 carne
377 2620 630 2663 vescens
647 2605 785 2663 *avis
817 2623 891 2664 ex
924 2605 993 2663 iis
1029 2622 1179 2681 quae
1225 2605 1481 2665 aduncos
1528 2605 1734 2681 unguis
1786 2620 1904 2663 non
1950 2605 2182 2666 habent.

170 2688 275 2747 sed
309 2688 365 2745 in
397 2689 584 2747 vicina
636 2687 851 2748 abeunt
884 2688 1119 2766 apricos
1165 2698 1404 2748 secutae
1441 2690 1714 2749 montium
1746 2688 2065 2767 recessus,
2104 2693 2234 2752 iu-so

168 2780 494 2850 ventaeque
546 2773 656 2831 iam
700 2780 828 2832 sunt
882 2772 961 2831 ibi
1011 2773 1199 2851 nudae
1231 2782 1405 2852 atque
1436 2773 1766 2851 deplumeS.
1853 2772 2184 2853 Thebarum

166 2865 321 2915 tecta
345 2856 539 2914 subire
573 2866 876 2932 negantur,
905 2858 1173 2934 quoniam
1196 2856 1335 2916 urbs
1361 2857 1461 2917 illa
1489 2858 1725 2935 saepius
1755 2866 1931 2937 capta
1952 2859 2052 2936 sit,
2077 2879 2182 2921 uec

86 2940 373 3015 ⁷1Bizyes
403 2942 459 2998 in
505 2938 752 2999 Threcia
792 2950 1034 3019 propter
1065 2942 1295 3000 scelera
1339 2939 1534 3001 Terei.
1614 2939 1869 3002 Caecina
1911 2942 2182 3006 Volater-

168 3042 338 3082 ranus
378 3025 665 3101 equestris
723 3024 938 3084 ordinis
982 3025 1385 3103 quadrigarum
1435 3026 1696 3085 dominus
1740 3028 2181 3106 conprehensas

169 3106 227 3161 in
256 3105 457 3164 urbem
503 3126 700 3167 secum
750 3109 1020 3167 auferens
1064 3111 1344 3170 victoriae
1404 3112 1628 3170 nuntias
1674 3113 1877 3171 amicis
1918 3114 2227 3175 mittebas

167 3186 227 3241 in
266 3188 508 3247 eundem
551 3190 739 3251 nidum
786 3194 1093 3251 remeantis
1140 3195 1302 3253 inlito
1352 3186 1633 3253 victoriae
1680 3196 1907 3255 colore.
1990 3197 2179 3260 Tradit

171 3273 231 3359 et
259 3265 471 3325 Fabius
513 3271 705 3332 Pictor
746 3278 802 3334 in
834 3276 1134 3335 annalibus
1172 3279 1321 3353 suis,
1372 3282 1498 3338 cum
1545 3277 1918 3340 obsideretur
1954 3280 2177 3361 praed·

171 3345 322 3402 dium
353 3346 662 3412 Romanum
706 3375 738 3415 a
793 3358 1100 3437 Ligustinis
1139 3361 1497 3423 hirundinem
1539 3381 1571 3423 a
1602 3363 1776 3442 pullis
1813 3365 1886 3425 ad
1922 3383 1991 3427 se
2025 3354 2174 3429 adlass
