2320 3650
183 68 306 129 240
878 78 938 127 c.
968 78 1164 127 Phr-m
1194 72 1502 127 sacuam·

318 236 487 314 (15.)
527 234 675 294 Huic
696 233 896 294 similis
920 233 1330 312 quadamtenus
1357 246 1509 312 quae
1531 243 1784 293 vocatur
1799 233 2032 313 Cypria
2055 235 2206 294 fieus

54 356 57 361 ·
147 323 158 334 ‘
190 322 247 379 in
272 317 467 379 Creta.
522 336 652 378 nam
684 327 744 377 et
782 317 882 377 illa
904 317 1143 377 caudice
1176 319 1306 396 ipso
1339 319 1453 377 fert
1482 336 1718 397 pomum
1752 326 1811 378 et
1838 321 2044 393 ramiS,
2075 332 2208 377 ⁴cum

187 404 244 463 in
273 403 716 463 crassitudinem
739 401 1055 460 adulevere
1073 446 1089 476 ,
1125 400 1231 460 sed
1261 402 1411 462 baec
1440 416 1687 479 germen
1715 403 1928 463 emittit
1961 405 2098 462 sine
2123 403 2207 462 nl·

185 488 256 547 lis
287 487 446 546 foliis
472 487 652 547 radici
675 486 896 545 simile.
951 486 1178 546 caudex
1199 485 1438 547 'arboris
1472 487 1675 546 similis
1704 488 1972 565 populo,
2012 487 2210 546 folium

183 571 359 631 ulmo.
408 571 629 630 fructus
651 578 962 648 quaternos
985 569 1190 643 fundit,
1225 571 1440 629 totiens
1466 578 1525 629 et
1546 573 1855 648 germinat.
1905 572 2019 631 sed
2047 585 2246 647 gros-⁵

186 673 286 715 sus
319 652 444 715 eius
475 672 591 714 non
616 654 953 714 maturescit
991 655 1100 712 nisi
1139 654 1392 714 incisura
1436 655 1652 714 emisso
1697 655 1876 715 lacte.
1957 658 2210 715 suavitas

188 750 248 800 et
276 740 556 799 interiora
588 739 714 813 lici,
746 737 1078 814 magnitudo
1110 737 1290 798 sorbi.
2054 780 2076 795 .

100 834 172 888 59
322 822 381 883 8.
417 822 587 900 (16.)
622 822 834 881 Similis
856 829 918 880 et
940 838 1107 900 quam
1141 821 1313 882 lones
1354 825 1683 882 cerauniam
1711 833 1972 899 vocant,
2010 832 2206 883 trunco

189 918 250 967 et
289 909 416 985 ipsa
474 906 716 981 fertilis,
772 923 1003 985 pomum
1050 905 1280 983 siliqua.
1342 906 1418 965 ob
1460 907 1517 966 id
1575 908 1807 985 qnidam
1852 907 2205 986 Aegyptiam

188 992 359 1051 ficum
392 989 596 1050 dixere
639 1007 840 1049 errore
869 988 1196 1049 manifesto.
1261 1007 1376 1050 non
1422 992 1572 1050 enim
1612 993 1670 1050 in
1695 992 1987 1071 Aegypto
2030 992 2252 1051 nasci-¹⁹

178 1084 316 1149 tur,
350 1075 458 1133 sed
495 1076 551 1133 in
588 1074 760 1148 Syria
788 1073 1065 1150 Ioniaque
1102 1083 1164 1132 et
1199 1076 1354 1133 circa
1387 1072 1626 1134 Cnidum
1659 1085 1836 1153 atque
1887 1077 1948 1135 in
1979 1075 2204 1149 Rhodo,

188 1176 425 1236 semper
470 1158 830 1217 comantibus
891 1157 1090 1233 foliis,
1122 1157 1294 1217 *flore
1348 1158 1593 1218 candido
1655 1177 1785 1218 cnm
1836 1160 2204 1219 vehementia

112 1308 123 1315 ,
186 1243 422 1317 odoris,
455 1242 782 1321 plantigera
814 1242 943 1300 imis
972 1240 1233 1319 partibus
1266 1251 1323 1300 et
1343 1242 1477 1301 ideo
1504 1243 1821 1320 superficie
1852 1243 2201 1317 flavescens,

190 1344 393 1386 sucum
426 1326 729 1385 auferente
760 1324 990 1384 subole.
1043 1336 1220 1403 p'omo
1252 1325 1652 1386 antecedentis
1685 1328 1816 1387 anni
1852 1329 2018 1387 circa
2056 1329 2203 1388 canis

192 1420 357 1470 ortus
389 1409 653 1471 detracto
685 1411 876 1469 statim
905 1408 1149 1468 alterum
1182 1412 1367 1488 parit,
1412 1419 1625 1488 postea
1664 1410 1841 1471 floret
1877 1429 1991 1490 per
2024 1420 2248 1473 arcta-1³

189 1511 346 1567 rum,
380 1493 571 1553 bieme
597 1493 756 1552 setus
787 1494 912 1552 eius
943 1494 1251 1552 nutriente.

102 1587 176 1641 60
325 1578 384 1637 9.
433 1578 601 1654 (17.)
649 1577 954 1655 Aegyptus
986 1586 1046 1635 et
1076 1576 1369 1637 Persicam
1402 1577 1671 1637 arborem
1704 1580 1792 1637 sui
1833 1582 2086 1656 generis
2116 1581 2199 1639 ba·

188 1661 609 1736 bet,·similem
647 1662 809 1739 piro,
864 1660 1007 1720 folia
1034 1663 1396 1720 retinentem.
1458 1661 1728 1722 fertilitas
1776 1663 2025 1724 adsidua
2066 1665 2198 1737 eins,

191 1744 580 1804 subnascente
613 1745 864 1813 crastino
887 1744 1108 1820 fructu,
1140 1745 1434 1805 maturitas
1468 1747 1780 1806 etesiarum
1808 1746 2049 1807 adflat'u.
2106 1763 2197 1828 po·

189 1847 338 1887 mum
385 1828 613 1905 longius
655 1832 817 1907 piro,
876 1830 1162 1889 inclusum
1210 1824 1551 1907 amygdalae
1588 1831 1883 1909 putamine
1931 1842 1992 1892 et
2025 1833 2249 1905 corium

193 1909 397 1972 colore
429 1912 711 1989 herbido,
745 1913 853 1974 sed
887 1912 985 1972 ubi
1016 1932 1132 1973 nux
1164 1915 1280 1988 illi,
1316 1913 1449 1973 huic
1491 1933 1731 1993 prunum
1765 1916 2051 1976 differens
2080 1916 2198 1976 bre·

195 1998 373 2056 vitate
406 2013 477 2055 ac
506 1997 747 2057 mollitia
780 2006 871 2072 et,
909 1998 1169 2075 quamvis
1204 1998 1530 2058 blandiatur
1559 1999 1903 2077 praedulcis
1931 2002 2197 2074 suavitas,

105 2088 175 2141 61
198 2081 520 2140 innocuum.
593 2082 869 2141 materies
905 2080 1200 2156 bonitate,
1261 2083 1632 2158 firmitudine,
1687 2084 1925 2160 nigritia
1977 2101 2198 2164 quoqne

192 2165 330 2225 nihil
377 2165 654 2225 differens
689 2181 721 2224 a
768 2165 912 2224 loto.
983 2165 1290 2238 simulacra
1324 2174 1383 2225 et
1428 2184 1504 2225 ex
1543 2184 1613 2226 ea
1643 2166 2020 2228 factitavere.
2091 2181 2196 2228 noa

193 2248 396 2308 eadem
431 2250 657 2325 gratia,
688 2265 1028 2327 quamquam
1059 2249 1216 2309 fideli
1250 2253 1523 2326 materie,
1554 2268 1629 2309 ex
1659 2250 1878 2311 arbore
1914 2265 2082 2330 quam
2109 2251 2246 2311 ba·25

122 2356 174 2392 ιε
199 2332 387 2391 lanum
420 2332 868 2410 appellavimus,
917 2351 1121 2411 magna
1154 2352 1231 2393 ex
1261 2343 1426 2412 parte
1460 2344 1784 2397 contortae.
1848 2337 2075 2396 navalis
2105 2339 2193 2396 ita·

195 2432 308 2492 qne
338 2425 553 2475 tantum
587 2424 696 2475 est.
2008 2461 2015 2471 .

108 2507 179 2561 62
330 2499 500 2578 (18.)
544 2499 630 2559 At
668 2518 705 2558 e
736 2501 969 2561 diverso
1002 2503 1130 2561 cuci
1167 2502 1223 2560 in
1252 2519 1461 2579 magno
1491 2502 1748 2577 honore,
1793 2503 2031 2583 palmae
2062 2503 2194 2563 simi·

195 2583 269 2643 lis
287 2627 305 2658 ,
339 2584 565 2661 quando
604 2591 662 2642 et
693 2586 818 2644 eius
848 2585 1005 2646 foliis
1032 2594 1264 2645 utuntur
1291 2587 1364 2647 ad
1392 2586 1634 2646 textilia.
1700 2586 1934 2664 differt,
1971 2587 2122 2668 quod
2143 2588 2193 2646 in

196 2666 471 2727 bracchia
507 2684 793 2728 ramorum
829 2670 1140 2748 spargitur.
1204 2687 1380 2749 pomo
1420 2669 1751 2747 magnitudo
1794 2685 1956 2751 qnae
1989 2683 2245 2733 manua!

194 2750 450 2829 inpleat,
497 2752 664 2811 color
693 2752 924 2829 fulvos,
962 2754 1407 2814 commendabili
1449 2767 1592 2814 suco
1625 2771 1702 2813 ex
1745 2764 1995 2816 austero
2038 2756 2192 2818 dulci.

197 2835 413 2912 lignum
444 2836 594 2894 intus
631 2838 853 2912 grande
896 2838 1213 2916 firmaeque
1245 2839 1524 2913 duritiae,
1568 2856 1645 2896 ex
1693 2855 1812 2917 quo
1858 2841 2086 2901 velaria
2111 2841 2194 2903 de·

195 2927 425 2979 tornant
458 2919 682 2979 anulos.
761 2923 818 2981 in
856 2938 930 2981 eo
959 2921 1201 2981 nucleus
1238 2921 1459 2997 dulcis,
1513 2921 1642 2981 dnm
1670 2940 1892 2983 recens
1931 2935 2045 2986 est.
2102 2926 2195 2988 do·

199 3011 362 3062 catus
393 3003 650 3063 durescit
683 3004 757 3065 ad
790 3006 1065 3066 inlinitum
1096 3015 1158 3065 ut
1194 3006 1383 3065 mandi
1424 3021 1541 3064 non
1574 3008 1765 3085 possit
1797 3010 1916 3068 nisi
1952 3009 2194 3090 pluitur

201 3082 407 3143 diebus
451 3096 798 3148 maceratus.
866 3090 1139 3150 materies
1193 3089 1492 3168 crispioris
1536 3089 1873 3169 elegantiae
1932 3103 1996 3154 et
2043 3079 2240 3156 oviis

198 3161 395 3222 Persis
425 3171 770 3241 gratissima.
992 3191 998 3204 ·
1351 3195 1354 3200 ⁴
2147 3181 2154 3206 ²

114 3249 186 3304 63
337 3245 502 3341 (193)
547 3250 674 3312 Nec
715 3255 899 3314 minu-s
928 3257 1094 3334 spina
1138 3256 1472 3317 celebratur
1506 3259 1564 3317 in
1595 3255 1803 3320 eadem
1832 3271 2023 3339 gente
2063 3255 2192 3324 dii·

200 3330 361 3382 ‘³¹³⁸
393 3344 557 3401 ¹¹¹8*oe
577 3375 600 3408 ‚
635 3340 902 3411 quoniam
934 3341 1269 3419 incorrupta
1293 3341 1464 3401 etiam
1506 3343 1563 3401 in
1593 3340 1763 3421 aquis
1796 3337 2009 3425 durat,
2043 3341 2192 3408 *otti

96 245 171 300 ὃ
