2320 3650
480 133 641 182 NAT.
679 80 871 178 ms'r.⁴
889 127 1040 175 1111.
1073 124 1165 177 25.
1202 116 1383 193 (xm.
1417 124 1773 191 52.-÷x1111.
1808 112 1891 191 1.)
2050 110 2173 173 253

628 420 1066 537 ariis}
1130 449 1639 536 secuml

380 572 1984 700 NArnnAilsfllsroulls

446 814 447 819 ,
783 767 1177 832 LIBER
1245 765 1475 832 XIIII.
1869 802 1878 815 x

299 1026 492 1112 (Sect.
534 1036 622 1116 1.)
648 1034 942 1095 Externae
976 1033 1221 1095 arbores
1246 1033 1647 1112 indocilesque
1669 1032 1832 1092 nasei
1852 1030 1991 1092 alibi
2013 1014 2187 1109 quam
2210 1037 2236 1089 1

27 1161 28 1166 1
95 1136 123 1174 5
156 1120 269 1180 ubi
293 1135 587 1197 coepere,
614 1128 673 1178 et
694 1137 846 1199 quae
875 1121 931 1178 in
955 1119 1174 1179 alienas
1196 1135 1312 1178 non
1336 1126 1642 1178 conmeant
1665 1127 1874 1191 terras,
1901 1116 2182 1176 hactenus

146 1206 296 1266 fere
322 1212 485 1279 suut‘⁹
513 1204 765 1283 licetque
788 1205 899 1263 iam
925 1201 1415 1264 decomanibus
1447 1204 1639 1281 loqui,
1669 1201 2184 1280 quarum-omnium

146 1287 484 1370 peculiaris
510 1305 724 1366 parens
745 1288 932 1364 videri
952 1297 1151 1366 potest
1173 1287 1357 1348 Italia.
1403 1296 1719 1346 noscentes
1751 1295 1965 1345 tantum
1988 1284 2182 1344 memi-

149 1373 359 1433 nerint
382 1380 612 1433 naturas
644 1390 838 1432 earum
863 1389 896 1433 a
919 1372 1088 1432 nobis
1106 1373 1330 1432 interim
1354 1371 1467 1431 dici
1488 1414 1505 1445 ‚
1529 1387 1645 1429 non
1667 1369 1923 1429 culturas
1940 1414 1957 1443 ‚
1989 1386 2181 1446 quam·

152 1475 341 1541 quam
367 1465 425 1515 et
449 1456 681 1516 colendi
705 1474 967 1517 maxuma
992 1459 1048 1515 in
1067 1465 1267 1516 natura
1295 1456 1487 1534 portio
1511 1463 1620 1514 est.
1661 1453 1810 1514 Illud
1837 1455 1976 1514 satis
1995 1453 2188 1513 mirari
2207 1462 2240 1513 2

76 1558 130 1598 10
157 1557 288 1603 non
314 1550 501 1617 queo,
533 1543 803 1601 interisse
839 1542 1188 1619 quarundam
1217 1540 1549 1599 memoriam
1582 1547 1756 1616 atque
1791 1541 1965 1598 etiam
2003 1539 2181 1597 nomi-

155 1642 301 1685 num
329 1641 479 1703 quae
503 1635 776 1685 auctores
807 1625 1123 1703 prodidere
1140 1627 1426 1683 notitiam.
1470 1624 1599 1701 quis
1628 1625 1916 1682 enim-non
1932 1639 2181 1683 commu·

154 1711 360 1769 nicato
386 1707 534 1768 orbe
559 1718 838 1770 terraram
861 1712 1162 1770 maiestate
1178 1708 1418 1768 Romani
1435 1709 1640 1788 imperi
1653 1707 1984 1787 profecisse
2010 1709 2183 1767 vitam

155 1802 335 1875 putet
372 1796 721 1854 commercio
761 1811 954 1854 rerum
997 1795 1379 1855 aesocietate
1420 1793 1609 1853 festae
1639 1793 1838 1872 pacisg
1877 1794 2184 1871 omniaque

156 1880 345 1938 etiam
376 1893 526 1957 quae
562 1887 692 1938 ante
738 1880 970 1939 occulta
1000 1878 1229 1941 fuerant
1270 1881 1327 1938 in
1358 1880 1691 1957 promiscuo
1717 1897 1821 1938 usu
1853 1876 2049 1939 facta?
2105 1886 2182 1951 at,
2208 1887 2243 1940 3

27 2016 30 2049 ‡
77 1983 134 2025 15
157 1960 492 2038 Hercules,
537 1980 652 2022 non
698 1965 1068 2041 reperiuntur
1100 1966 1202 2043 qui
1239 1966 1431 2023 norint
1461 1963 1636 2024 multa
1667 1963 1739 2023 ab
1774 1965 2018 2042 antiquis
2049 1980 2183 2040 pro·

158 2049 306 2108 dita.
366 2055 524 2105 tanto
557 2049 883 2126 priscorum
916 2065 1054 2108 cura
1081 2049 1334 2109 fertilior
1365 2058 1462 2108 aut
1488 2047 1764 2108 industria
1792 2048 2026 2107 felicior
2054 2047 2180 2120 fuit,

157 2141 302 2194 ante
335 2131 488 2191 milia
529 2149 805 2192 annorum
839 2134 991 2191 inter
1035 2134 1318 2211 principia
1362 2132 1679 2191 litterarum
1710 2131 1970 2191 Hesiodo
2013 2148 2181 2207 prae-

160 2224 346 2293 cepta
381 2216 658 2292 agricolis
689 2215 945 2293 pandere
974 2232 1131 2275 orso
1165 2215 1616 2293 subsecutisque
1654 2232 1770 2273 non
1804 2215 2007 2292 paucis
2033 2214 2185 2272 hanc

27 2356 30 2381 s
160 2317 369 2361 curam
400 2302 559 2375 eius,
593 2301 744 2360 unde
770 2301 937 2360 nobis
970 2301 1154 2359 crevit
1190 2299 1388 2377 labor,
1421 2300 1638 2377 quippe
1673 2316 1802 2357 cum
1835 2297 2186 2376 requirenda

27 2384 30 2475 χ’
79 2399 136 2438 2⁰
162 2387 282 2446 sint
312 2401 426 2443 non
459 2384 645 2444 solum
676 2394 883 2463 postea
917 2385 1145 2444 inventa
1165 2429 1181 2459 ,
1230 2401 1431 2443 verum
1465 2385 1634 2443 etiam
1666 2400 1737 2442 ea
1769 2400 1919 2460 quae
1947 2384 2202 2450 invene-ff

160 2477 299 2529 rant
324 2470 501 2546 prisci
527 2469 744 2529 desidia
771 2485 962 2528 rerum
987 2469 1367 2539 internicione
1395 2468 1715 2527 memoriae
1745 2467 1973 2527 indicta.
2008 2465 2185 2526 Cuius
2209 2476 2242 2528 4

158 2555 271 2612 viti
320 2567 528 2612 causas
576 2554 705 2631 quis
749 2553 893 2613 allas
939 2569 1106 2633 quam
1158 2552 1424 2631 publicas
1475 2552 1667 2611 mundi
1706 2548 2033 2628 invenerit?
2103 2553 2183 2610 ni-

158 2638 372 2698 mirum
404 2635 502 2700 alii
542 2636 784 2696 subiere
821 2639 999 2711 rituS,
1041 2639 1314 2715 circaque
1354 2636 1476 2696 alia·
1509 2644 1735 2696 mentes
1767 2635 2056 2695 hominum
2086 2637 2186 2696 de·

104 2739 109 2748 ·
163 2724 425 2782 tinentur
477 2729 536 2779 et
588 2722 862 2780 avaritiae
907 2731 1120 2781 tantum
1172 2731 1327 2781 artes
1375 2722 1661 2781 coluntur.
1723 2730 1893 2781 antea
1945 2720 2185 2779 inclusis

29 2865 39 2894 =.
84 2806 430 2884 agentium
470 2805 730 2884 imperiis
773 2806 919 2864 intra
962 2807 1155 2883 ipsas,
1201 2806 1470 2883 adeoque
1513 2813 1571 2863 et
1613 2803 1892 2881 ingeniis,
1942 2804 2186 2881 quadam

164 2890 480 2950 sterilitate
510 2889 776 2948 fortunae
812 2906 1065 2949 necesse
1096 2899 1223 2948 erat
1255 2891 1424 2950 animi
1445 2889 1600 2951 bona
1626 2906 1946 2963 exercere,
1980 2905 2184 2965 reges·

165 2989 285 3054 qne
309 2974 590 3032 innumeri
626 2973 852 3032 honore
883 2974 1087 3032 artium
1119 2973 1463 3033 colebantur
1486 2975 1625 3034 etin
1653 2975 2043 3033 ostentatione
2081 2974 2185 3033 has

163 3055 587 3137 praeferebant
632 3073 805 3134 opum
825 3101 843 3132 ‚
894 3058 1359 3118 inmortalitatem
1410 3057 1519 3118 sibi
1550 3076 1660 3136 per
1699 3058 1831 3118 illas
1874 3059 2184 3136 prorogari

29 3205 36 3220 P
167 3143 540 3217 arbitrantes,
558 3156 737 3220 quare
756 3141 1120 3202 abundabant
1146 3151 1205 3201 et
1230 3145 1484 3221 praemia
1498 3151 1557 3202 et
1576 3159 1758 3222 opera
1784 3143 1957 3204 vitae.
1986 3153 2183 3222 poste·
2210 3156 2243 3206 5

29 3230 31 3238 “
90 3241 147 3282 30
169 3228 251 3287 ris
296 3225 507 3285 laxitas
537 3226 729 3286 mundi
765 3236 824 3285 et
864 3243 1056 3287 rerum
1097 3225 1413 3306 amplitudo
1446 3227 1654 3288 damno
1686 3228 1810 3287 fuit.
1876 3237 2186 3307 postquam

169 3320 414 3370 senator
449 3327 627 3369 censu
678 3311 797 3388 legi
826 3321 1113 3390 coeptus,
1155 3311 1334 3372 iudex
1376 3312 1499 3372 fleri
1527 3329 1741 3390 censu,
1788 3313 2182 3390 magistratum

168 3396 500 3471 ducemque
534 3394 671 3454 nihil
695 3397 878 3472 magis
912 3414 1201 3456 exornare
1232 3414 1401 3475 quam
1434 3415 1673 3476 census,
1708 3407 2014 3477 postquam
2047 3412 2181 3456 coe·

2237 3553 2295 3586 A
