2320 3650
566 108 728 154 NAT.
760 87 943 155 ms‘r.
977 107 1097 153 vn.
1141 103 1381 157 28-30.
1408 92 1713 177 ρει-31.)
2057 96 2132 158 21

132 279 246 343 per
281 271 367 322 tot
398 261 829 340 disciplinarum
859 278 1079 338 genera
1112 269 1172 320 et
1201 270 1414 320 tantam
1440 275 1631 322 renum
1655 273 2016 340 operumque
2042 274 2141 324 va-

132 349 422 421 rietatem,
455 347 564 404 nisi
599 345 750 405 forte
775 344 1028 404 Homero
1048 354 1188 404 vate
1216 343 2141 410 Graecoenullumffeliciusnexsti-

128 433 281 492 tisse
319 430 618 504 convenit,
666 431 793 488 sive
834 430 1032 507 operis
1063 428 1291 487 fortuna
1323 430 1446 487 sive
1479 430 1714 487 materia
1748 429 2144 494 aestumetur?

128 514 343 592 ltaque
355 512 692 574 Alexander
707 512 949 589 Magnus
961 545 1044 556 ——
1057 514 1270 571 etenim
1291 512 1608 589 insignibus
1619 511 1853 571 »iudiciis
1878 522 2109 591 optume
2128 524 2231 578 108

79 611 109 652 5
138 600 401 675 eitraque
449 595 716 655 invidiam
764 606 877 655 tam
930 595 1186 673 superba
1239 613 1490 662 censura
1522 606 1837 673 peragetur
1882 629 1964 644 --
2002 600 2149 657 inter

134 682 328 759 spol-ia
364 681 524 739 Darii
554 679 858 739 Persarum
888 680 1047 761 reg-is
1079 689 1495 755 unguentorum
1520 680 1731 738 scrinio
1766 690 1961 758 capto,
1994 682 2148 758 quod

134 774 262 824 erat
294 781 434 823 auro
469 765 794 840 margaritis
837 764 1197 841 gemmisque
1235 766 1586 841 pretiosum,
1624 764 1821 822 varios
1858 764 1981 822 eius
2012 781 2150 822 usus

128 850 349 909 -amicise
369 846 914 922 demonstrantibus,
948 848 1175 925 quando
1207 847 1481 907 taedebat
1501 847 2150 923 unguentibellatorem

136 931 430 992 etamilitia
474 931 799 1007 sordid-um,
848 932 1052 990 immo
1106 929 1467 1008 Hercule,
1528 933 1747 1008 inquit,
1795 930 2150 991 librorum

56 1015 303 1075 1⁰Hom
322 1016 432 1073 eri
464 1024 674 1074 custo
696 1015 856 1074 diae
883 1016 1125 1090 detur,
1151 1024 1213 1073 ut
1234 1016 1710 1092 pretiosissimum
1731 1015 1955 1074 humani
1982 1016 2149 1074 animi

136 1117 288 1177 opus
320 1116 489 1176 qnam
511 1116 775 1158 maxume
805 1099 965 1159 diviti
990 1116 1172 1174 opere
1205 1108 1557 1159 servaretur.
1610 1102 1747 1157 item
1769 1098 1996 1158 Pindari
2009 1117 2114 1157 va·
2136 1107 2235 1161 109

133 1187 211 1243 tis
241 1182 499 1242 familiae
531 1182 954 1260 penatibusque
995 1183 1162 1241 iussit
1203 1184 1397 1259 parci,
1442 1201 1570 1242 cum
1612 1181 1844 1242 Thebas
1889 1191 2148 1260 caperet.

137 1267 479 1326 Aristotelis
506 1266 840 1344 philosophi
871 1266 1111 1345 patriam
1143 1266 1430 1341 condidit,
1464 1275 1776 1343 tantaeque
1805 1284 1999 1325 rerum
2022 1266 2150 1325 cla-

82 1403 89 1409 ,
136 1352 291 1409 ritati
337 1359 449 1410 tam
490 1350 798 1427 benignum
830 1350 1216 1409 testimonium
1257 1351 1503 1408 miscuit.
1566 1349 1905 1409 Archilochi
1935 1359 2150 1427 poetae

60 1449 117 1489 15
137 1433 553 1495 interfectores
596 1434 815 1512 Apollo
857 1435 1043 1510 arguit
1083 1433 1348 1511 Delphis.
1423 1433 1782 1511 Sophoclem
1812 1435 2022 1509 tragici·
2053 1449 2150 1491 co-

136 1519 328 1577 thurni
359 1520 679 1596 principem
710 1518 1039 1577 defunctum
1068 1518 1326 1595 sepelire
1357 1516 1530 1575 Liber
1560 1526 1728 1594 pater
1759 1518 1960 1592 iussit,
1995 1517 2150 1575 obsi-

95 1601 407 1669 dentibus
463 1604 706 1662 moenia
741 1601 1245 1675 Lacedaemoniis,
1301 1598 1598 1675 Lysandro
1645 1618 1845 1659 eorum
1898 1619 2045 1676 rege
2098 1602 2154 1658 in

140 1687 341 1763 quiete
385 1689 620 1769 saepius
666 1687 958 1746 admonito
1010 1694 1069 1743 ιιι
1096 1693 1412 1763 pateretur
1450 1685 1670 1744 humari
1708 1684 1949 1745 delicias
1994 1702 2148 1743 suae.

136 1770 443 1848 requisivit
460 1788 595 1846 rex,
630 1772 758 1850 quis
791 1787 1117 1849 supremum
1151 1770 1301 1841 diem
1332 1768 1574 1829 Athenis
1608 1767 1872 1844 obiisset,
1903 1786 2016 1828 nec
2048 1767 2151 1827 dif-

58 1869 121 1909 20
136 1853 373 1914 fieulter
404 1873 479 1913 ex
501 1856 572 1914 iis
596 1864 767 1933 quem
791 1856 934 1915 dens
958 1854 1346 1931 significasset
1374 1854 1680 1929 intellexit,
1715 1870 2040 1931 pacemque
2065 1852 2149 1914 fu-

138 1939 267 1997 neri
301 1938 474 1998 dedit.

270 2021 389 2082 30..Ι
420 2021 629 2101 (31.·)
660 2022 887 2082 Platoni
940 2023 1259 2100 sapientiae
1301 2022 1537 2081 antistiti
1573 2019 1887 2096 Dionysius
1929 2029 2119 2095 tyran·
2140 2029 2241 2081 110

139 2125 249 2165 nus
284 2107 429 2165 alias
472 2107 752 2165 saevitiae
797 2105 1222 2184 superbiaeque
1265 2114 1434 2164 natus
1469 2106 1728 2164 vittatam
1757 2121 1965 2164 navem
2004 2103 2155 2161 misit

140 2188 406 2264 obviam,
442 2191 569 2267 ipse
608 2189 1095 2268 quadrigis-albis
1141 2189 1641 2265 egredientemrin
1680 2189 1852 2247 litore
1897 2187 2150 2262 excepit.

61 2286 122 2326 25
138 2273 357 2351 Viginti
403 2274 636 2333 talentis
677 2291 844 2332 unam
880 2274 1199 2332 orationem
1239 2271 1531 2339 Isocrates
1564 2271 1844 2332 vendidit.
1907 2269 2153 2328 Aeschi-

140 2376 248 2417 nes
279 2357 934 2417 Atheniensis-summus
965 2365 1183 2433 orator,
1211 2374 1337 2415 eum
1370 2357 1796 2414 accusationem
1827 2371 1937 2432 qua
1967 2353 2155 2413 fuerat

140 2459 282 2501 usus
313 2440 558 2502 Rhodiis
589 2442 868 2518 legisset,
902 2441 1047 2517 legit
1078 2449 1136 2498 et
1171 2439 1571 2499 defensionem
1600 2436 2153 2514 Demosthenis'qua

141 2526 201 2583 in
220 2524 364 2586 illud
382 2525 593 2602 pulsus
614 2526 804 2584 fuerat
830 2524 1115 2600 exsilium,
1137 2522 1589 2600 mirantibusque
1616 2531 1735 2581 tum
1761 2522 1944 2598 magis
1974 2521 2154 2581 tuisse

141 2609 453 2667 miraturos
498 2609 668 2683 dixit,
731 2610 781 2667 si
833 2609 1021 2707 ipsum
1074 2617 1333 2666 orantem
1384 2606 1767 2682 audivissent,
1830 2606 2174 2665 calamitate

62 2705 122 2747 30
143 2693 321 2751 testis
341 2694 547 2768 ingens
576 2692 764 2752 factus
800 2691 1032 2751 inimici.
1090 2690 1466 2766 Thucydiden
1494 2691 1905 2768 imperatorem
1938 2687 2119 2746 Athe·
2138 2697 2238 2748 111

142 2777 385 2835 irienses
402 2778 479 2835 in
490 2777 759 2836 exsilium
777 2794 984 2853 egere,
1016 2793 1210 2834 rerum
1235 2776 1595 2835 conditorem
1616 2789 2002 2846 revocavere,
2030 2770 2153 2829 elo·

143 2860 432 2959 quentiavm
462 2863 646 2920 mirati
680 2861 841 2920 euius
869 2861 1139 2918 virtutem
1170 2860 1593 2918 damnaverant.
1647 2857 1913 2934 Magnum
1946 2863 2005 2913 et
2033 2851 2153 2911 Me-

143 2942 412 3002 nandro·
395 2962 461 3002 ιιι
483 2945 711 3005 comico
732 2960 927 3003 socco
959 2944 1347 3001 testimoninm
1379 2960 1582 3019 regum
1602 2941 1860 3039 Aegypti
1884 2947 1941 2998 et
1963 2936 2156 2999 Mace·

144 3026 352 3086 deniae
382 3030 647 3105 contigit
680 3027 872 3087 classe
907 3036 974 3089 et
1011 3044 1135 3103 per
1162 3026 1390 3103 legatos
1431 3028 1648 3104 petito,
1695 3026 1875 3084 maius
1911 3040 2012 3082 ex
2025 3021 2157 3098 ipso

65 3124 122 3166 35
142 3111 355 3185 regiae
376 3111 646 3172 fortunae
680 3112 951 3190 praelata
972 3110 1298 3169 litterarum
1331 3111 1707 3169 conscientia.
1772 3105 2124 3167 Perhibuere
2142 3115 2242 3168 112

145 3203 213 3254 et
248 3193 491 3254 Romani
532 3212 816 3273 proceres
854 3205 1028 3253 etlam
1060 3195 1277 3252 exteris
1304 3195 1649 3252 testimonia.
1709 3190 1813 3251 Gn.
1823 3190 2157 3281 Pompeius

145 3278 421 3337 confecto
476 3278 865 3338 Mithridatico
912 3277 1072 3337 bello
1123 3280 1430 3336 intraturus
1481 3275 1775 3336 Posidonii
1823 3262 2158 3353 sapientiae

94 3360 551 3439 professione
579 3363 719 3422 clari
762 3362 990 3421 domum
1034 3361 1223 3421 forem
1265 3361 1490 3439 percu-ti
1531 3358 1605 3420 de
1662 3376 1825 3419 more
1872 3376 1906 3418 a
1949 3358 2157 3418 lictore
