2320 3650
589 166 749 214 NAT.
779 164 958 214 ms‘r.
987 165 1062 213 11.
1106 161 1347 219 26—37.
1379 151 1678 239 (24-37.)
2087 155 2167 219 85
2213 244 2218 249 Ι

307 315 477 399 (29.)
526 318 695 381 Circa
743 320 929 382 solem
974 338 1144 380 arcus
1186 319 1547 399 adparuityL.
1582 319 1807 400 Opimio
1856 321 1927 395 Q.
1960 321 2166 398 Fabio,

175 402 345 464 orbis
373 402 436 463 L.
473 404 682 465 Porcio
712 403 810 464 Μ’.
843 403 1034 464 Acilio
1053 448 1071 482 ,
1105 404 1354 465 circulus
1383 404 1543 465 rubri
1574 405 1791 465 coloris
1823 405 1886 466 L.
1925 406 2082 467 Iulio-
2103 408 2165 482 Ρ.

177 487 397 547 Rutilio
431 505 585 548 coss.
1603 528 1613 538 ·

303 570 406 631 30.
456 572 623 652 (30.)
673 572 838 633 Fiunt
880 571 1205 651 prodigiosi
1247 579 1307 632 et
1346 570 1831 649 longioresrsolis
1880 572 2167 653 defectus,

130 654 372 736 „qualis
425 657 623 716 occiso
677 657 956 717 dictatore
994 654 1251 717 Caesare
1302 663 1363 716 et
1410 655 1732 717 Antoniano
1784 655 1943 716 bello
1995 657 2170 717 totius

176 756 374 819 paene
408 741 541 800 anni
575 740 800 818 pallore
836 741 1125 800 continuo.

312 824 411 884 31.
450 823 619 904 (31.)
662 822 737 882 Et
779 841 973 884 rursus
1020 824 1218 902 plures
1262 822 1422 883 soles
1463 822 1628 883 simul
1675 832 2010 899 cernuntur,
2056 831 2254 887 nec99

180 925 362 986 supra
394 908 581 986 ipsum
609 926 719 967 nec
750 907 930 983 infra,
981 908 1087 967 sed
1120 925 1196 967 ex
1230 906 1502 986 obliqu0,
1543 925 1844 985 numquam
1873 909 2028 967 iuxta
2059 924 2172 966 uec

181 1000 386 1052 contra
416 1000 628 1051 terram
662 1008 772 1051 nec
802 1001 1007 1065 noctu,
1041 991 1147 1051 sed
1180 999 1273 1050 aut
1301 992 1524 1050 oriente
1557 1000 1651 1050 aut
1681 992 2006 1052 occidente.
2063 991 2168 1051 Se-

113 1093 165 1135 ιο
185 1074 304 1134 mel
336 1082 395 1133 et
422 1075 661 1136 meridie
695 1075 999 1153 conspecti
1042 1076 1098 1133 in
1127 1073 1395 1152 Bosporo
1428 1074 1773 1152 produntur,
1815 1076 1918 1153 qui
1953 1073 2022 1134 ab
2054 1091 2170 1133 ma-

182 1159 366 1220 tutino
398 1167 660 1236 tempore
693 1159 1040 1221 duraverunt
1072 1159 1130 1217 iu
1162 1175 1449 1217 occasum.
1517 1157 1723 1218 Trinos
1763 1159 1924 1219 soles
1954 1157 2171 1236 antiqui

181 1242 420 1320 saepius
465 1242 700 1318 videre,
752 1242 898 1301 sicut
940 1242 1042 1320 Sp.
1087 1241 1375 1301 Postumio
1408 1239 1478 1313 Q.
1511 1239 1701 1301 Mucio
1746 1251 1805 1301 et
1847 1240 2170 1314 Q..Marcio

181 1323 262 1386 M.
293 1323 502 1396 Porcio
535 1335 594 1386 et
624 1323 699 1385 M.
726 1326 976 1386 Antonio
1008 1325 1068 1384 Ρ.
1094 1323 1405 1384 Dolabella
1438 1334 1496 1384 et
1522 1324 1595 1383 M.
1619 1323 1837 1404 Lepido
1866 1324 1928 1385 L.
1955 1324 2170 1384 Planco

186 1426 369 1483 coss.,
407 1419 466 1469 et
497 1419 693 1470 nostra
724 1419 886 1470 aetas
917 1408 1059 1468 vidit
1089 1409 1221 1468 divo
1255 1404 1493 1468 Claudio
1529 1409 1826 1487 principe,
1874 1409 2172 1468 consulatu

117 1514 169 1557 15
188 1492 316 1552 eius
372 1490 646 1573 Cornelio
693 1492 874 1553 Orfito
926 1492 1174 1569 collega.
1237 1491 1435 1570 plures
1479 1509 1647 1572 quam
1688 1502 1809 1552 tres
1852 1492 2014 1552 simul
2061 1490 2172 1550 visi

184 1575 260 1637 ad
289 1576 403 1636 hoc
434 1578 563 1643 aevi
589 1595 889 1655 numquam
918 1577 1251 1655 produntur.

313 1659 414 1725 32.
450 1660 614 1739 (32.)
639 1658 828 1720 Lunae
854 1678 1091 1740 quoque¹
1120 1660 1333 1738 trinae,
1369 1667 1429 1721 ut
1460 1655 1563 1719 Cn.
1588 1658 1837 1721 Domitio
1863 1656 1928 1719 G.
1954 1657 2174 1719 Fannio

188 1743 558 1818 consulibus,
608 1744 950 1823 adparuere.

312 1827 410 1889 33.
447 1828 612 1909 (33.)
647 1827 814 1901 Quod
847 1828 1110 1907 plerique
1141 1825 1584 1907 appellaverunt
1614 1828 1774 1890 soles
1800 1836 2133 1903 nocturnos,
2160 1836 2260 1890 100

117 1911 382 1977 zolumen
414 1913 487 1973 de
519 1912 686 1973 caelo
721 1920 892 1970 noctu
924 1912 1111 1970 visum
1143 1920 1232 1969 est
1256 1909 1321 1971 C.
1349 1909 1607 1972 Caecilio
1641 1911 1744 1973 Cn.
1777 1911 2007 1991 Papirio
2040 1929 2176 1973 cou-

188 1995 410 2056 sulibus
441 2004 500 2055 et
531 2013 711 2073 saepe
745 1995 910 2071 alias,
942 2003 1004 2055 ut
1032 1993 1147 2054 diei
1182 1996 1420 2072 species
1453 2005 1627 2056 nocte
1661 1997 1905 2057 luceret.
2101 1991 2104 1996 ’

312 2078 412 2140 34.
449 2079 613 2158 (34.)
649 2076 889 2156 Clipeus
936 2077 1146 2138 ardens
1182 2077 1252 2136 ab
1299 2096 1517 2139 occasu
1548 2080 1618 2140 ad
1649 2090 1832 2140 ortum
1863 2078 2179 2161 scintillans

186 2163 599 2224 transcucurrit
633 2161 775 2221 solis
807 2179 1023 2221 occasu
1050 2160 1112 2221 L.
1145 2160 1384 2222 Valerio
1422 2160 1490 2222 C.
1524 2160 1706 2223 Mario
1739 2163 2092 2223 consulibus.

317 2246 418 2307 35.
458 2246 625 2326 (35.)
660 2245 976 2306 Scintillam
1007 2264 1040 2305 e
1075 2244 1245 2305 stella
1282 2246 1494 2306 cadere
1527 2255 1586 2306 et
1619 2248 1820 2325 augeri
1851 2255 2042 2310 terrae
2080 2246 2177 2306 ad·

117 2349 173 2391 25
192 2331 671 2409 propinquantem
703 2347 803 2406 ac,
836 2339 1137 2408 postquam
1171 2328 1339 2388 lunae
1368 2330 1752 2405 magnitudine
1784 2330 1937 2390 facta
1969 2331 2060 2405 sit,
2098 2330 2176 2390 in-

191 2413 412 2474 luxisse
447 2432 555 2473 ceu
595 2412 792 2472 nubilo
838 2411 964 2489 die,
1021 2414 1187 2487 dein,
1234 2431 1360 2473 cum
1403 2414 1459 2472 iu
1495 2415 1718 2475 caelum
1752 2433 1816 2474 se
1858 2415 2178 2493 reciperet,

192 2497 519 2576 lampadem
568 2496 776 2557 factam
820 2496 1004 2576 semel
1052 2514 1316 2575 umquam
1360 2497 1620 2575 proditur
1667 2495 1769 2558 Cn.
1821 2496 2061 2559 Octavio
2102 2496 2177 2556 C.

192 2581 502 2641 Scribonio
546 2580 898 2641 consulibus.
950 2582 1089 2641 vidit
1127 2582 1185 2641 id
1216 2581 1458 2641 Silanus¹
1487 2582 1801 2660 proconsul
1845 2599 1974 2641 cum
2005 2582 2178 2641 comi·

192 2674 310 2725 tatu
342 2682 467 2724 suo.
1912 2681 1922 2693 ·

120 2767 175 2811 ao
309 2748 408 2810 36.
448 2747 616 2828 (36.)
649 2746 803 2808 Fieri
835 2747 1100 2810 videntur
1135 2758 1195 2809 et
1229 2749 1519 2809 discursus
1552 2749 1847 2811 stellarum
1878 2766 2179 2828 numquam
2255 2821 2259 2825 Α

188 2840 433 2909 temere,
471 2841 530 2891 ut
562 2848 675 2890 non
710 2850 785 2892 ex
816 2850 886 2904 ea
918 2813 1080 2910 parte
1113 2843 1310 2894 truces
1343 2834 1499 2893 venti
1530 2835 1876 2895 cooriantur.

314 2915 415 2976 37.
450 2915 618 2995 (37.)
649 2914 947 2975 Exsistunt
975 2916 1183 2977 stellae
1211 2918 1347 2976 etin
1367 2917 1508 2976 mari
1530 2918 1837 3000 terrisque.
1882 2914 2015 2975 Vidi
2038 2931 2137 2975 no·
2164 2927 2262 2979 101

191 2999 406 3059 cturnis
456 2999 692 3059 militum
744 2999 959 3075 vigiliis
1001 2999 1310 3061 inhaerere
1361 3001 1495 3078 pilis
1537 3019 1645 3080 pro
1689 3001 1845 3061 vallo
1890 2998 2179 3076 fulgorem

191 3082 393 3159 effigie
427 3101 532 3157 ea,
565 3092 623 3143 et
654 3086 931 3143 antemnis
960 3085 1343 3161 navigantium
1374 3083 1618 3161 aliisque
1652 3086 1877 3146 navium
1913 3082 2175 3163 partibus

120 3183 302 3232 ascen
330 3166 522 3227 vocali
556 3166 802 3246 quodam
831 3184 976 3226 sono
1007 3167 1269 3228 insistunt
1300 3177 1358 3227 ut
1386 3166 1660 3227 volucres
1692 3169 1892 3228 sedem
1923 3185 2000 3227 ex
2032 3166 2177 3224 sede

191 3258 505 3327 mutantes,
537 3268 785 3327 graves,
820 3268 947 3310 cum
983 3250 1275 3326 solitariae
1311 3267 1561 3324 venere,
1596 3260 2044 3329 mergentesque
2081 3266 2177 3308 na·

190 3332 379 3408 vigia‚
425 3341 484 3392 et
531 3334 670 3393 siin
699 3334 928 3395 carinae
959 3335 1069 3394 ima
1112 3335 1466 3409 deciderint,
1515 3343 1860 3409 exurenteS,
1909 3330 2177 3410 geminae

193 3422 382 3500 aute-m
411 3416 697 3478 salutares
727 3426 786 3479 et
815 3419 1087 3500 prosperi
1118 3434 1321 3479 cursus
1350 3417 1577 3476 nuntiae
1596 3459 1613 3491 ,
1660 3432 1897 3495 quarum
1932 3414 2178 3473 adventu

2259 3217 2286 3254 b
