<?xml version="1.0" encoding="UTF-8"?>
<!DOCTYPE html PUBLIC "-//W3C//DTD XHTML 1.0 Transitional//EN"
    "http://www.w3.org/TR/xhtml1/DTD/xhtml1-transitional.dtd">
<html xmlns="http://www.w3.org/1999/xhtml" xml:lang="en" lang="en">
 <head>
  <title>
</title>
<meta http-equiv="Content-Type" content="text/html;charset=utf-8" />
  <meta name='ocr-system' content='tesseract 3.04.00' />
  <meta name='ocr-capabilities' content='ocr_page ocr_carea ocr_par ocr_line ocrx_word'/>
</head>
<body>
  <div class='ocr_page' id='page_1' title='image "./cplinisecundina00eldegoog_0220.png"; bbox 0 0 2320 3650; ppageno 0'>
   <div class='ocr_carea' id='block_1_1' title="bbox 704 52 2139 176">
    <p class='ocr_par' dir='ltr' id='par_1_1' title="bbox 704 52 2139 176">
     <span class='ocr_line' id='line_1_1' title="bbox 704 52 2139 176; baseline 0.002 -24"><span class='ocrx_word' id='word_1_1' title='bbox 704 105 866 155; x_wconf 66' lang='lat' dir='ltr'><strong>mr.</strong></span> <span class='ocrx_word' id='word_1_2' title='bbox 896 105 1076 154; x_wconf 70' lang='lat' dir='ltr'><strong>ms‘r.</strong></span> <span class='ocrx_word' id='word_1_3' title='bbox 1108 106 1173 153; x_wconf 78' lang='lat' dir='ltr'><strong>v,</strong></span> <span class='ocrx_word' id='word_1_4' title='bbox 1212 104 1262 157; x_wconf 89' lang='lat'><strong>1.</strong></span> <span class='ocrx_word' id='word_1_5' title='bbox 1297 91 1404 176; x_wconf 83' lang='lat'><strong>(1.)</strong></span> <span class='ocrx_word' id='word_1_6' title='bbox 1487 86 1491 89; x_wconf 46' lang='lat'>*</span> <span class='ocrx_word' id='word_1_7' title='bbox 1682 52 1698 65; x_wconf 21' lang='grc' dir='ltr'><strong>Χ</strong></span> <span class='ocrx_word' id='word_1_8' title='bbox 1792 100 1807 111; x_wconf 88' lang='grc'><em>·</em></span> <span class='ocrx_word' id='word_1_9' title='bbox 2024 91 2139 156; x_wconf 85' lang='grc'><strong>185</strong></span> 
     </span>
    </p>
   </div>
   <div class='ocr_carea' id='block_1_2' title="bbox 54 256 2235 3413">
    <p class='ocr_par' dir='ltr' id='par_1_2' title="bbox 54 256 2235 3413">
     <span class='ocr_line' id='line_1_2' title="bbox 155 256 2228 336; baseline 0.001 -18"><span class='ocrx_word' id='word_1_10' title='bbox 155 258 367 333; x_wconf 85' lang='lat' dir='ltr'><strong>Darat,</strong></span> <span class='ocrx_word' id='word_1_11' title='bbox 433 257 490 317; x_wconf 90' lang='lat' dir='ltr'><strong>iu</strong></span> <span class='ocrx_word' id='word_1_12' title='bbox 542 273 655 336; x_wconf 88' lang='lat' dir='ltr'><strong>quo</strong></span> <span class='ocrx_word' id='word_1_13' title='bbox 728 257 1060 318; x_wconf 82' lang='lat' dir='ltr'><strong>crocodilos</strong></span> <span class='ocrx_word' id='word_1_14' title='bbox 1122 259 1301 336; x_wconf 87' lang='lat' dir='ltr'><strong>gigni.</strong></span> <span class='ocrx_word' id='word_1_15' title='bbox 1376 260 1516 319; x_wconf 80' lang='lat' dir='ltr'><strong>dein</strong></span> <span class='ocrx_word' id='word_1_16' title='bbox 1580 259 1761 318; x_wconf 82' lang='lat' dir='ltr'><strong>sinum</strong></span> <span class='ocrx_word' id='word_1_17' title='bbox 1807 256 2048 319; x_wconf 87' lang='lat' dir='ltr'>DCXVI</span> <span class='ocrx_word' id='word_1_18' title='bbox 2089 259 2228 321; x_wconf 78' lang='lat' dir='ltr'><strong>Mle</strong></span> 
     </span>
     <span class='ocr_line' id='line_1_3' title="bbox 156 341 2142 421; baseline 0.001 -20"><span class='ocrx_word' id='word_1_19' title='bbox 156 360 310 421; x_wconf 87' lang='lat' dir='ltr'><strong>pass.</strong></span> <span class='ocrx_word' id='word_1_20' title='bbox 349 341 559 400; x_wconf 91' lang='lat' dir='ltr'><strong>includi</strong></span> <span class='ocrx_word' id='word_1_21' title='bbox 588 342 796 400; x_wconf 90' lang='lat' dir='ltr'><strong>montis</strong></span> <span class='ocrx_word' id='word_1_22' title='bbox 830 341 1049 401; x_wconf 90' lang='lat' dir='ltr'><strong>Barcae</strong></span> <span class='ocrx_word' id='word_1_23' title='bbox 1079 344 1475 420; x_wconf 77' lang='lat' dir='ltr'><strong>promontorio</strong></span> <span class='ocrx_word' id='word_1_24' title='bbox 1508 352 1854 403; x_wconf 88' lang='lat' dir='ltr'><strong>excurrente</strong></span> <span class='ocrx_word' id='word_1_25' title='bbox 1885 345 1942 401; x_wconf 92' lang='lat' dir='ltr'><strong>in</strong></span> <span class='ocrx_word' id='word_1_26' title='bbox 1972 352 2142 403; x_wconf 88' lang='lat' dir='ltr'><strong>occa-</strong></span> 
     </span>
     <span class='ocr_line' id='line_1_4' title="bbox 156 424 2140 505; baseline 0 -21"><span class='ocrx_word' id='word_1_27' title='bbox 156 443 309 500; x_wconf 88' lang='lat' dir='ltr'><strong>sum,</strong></span> <span class='ocrx_word' id='word_1_28' title='bbox 363 424 518 503; x_wconf 88' lang='lat' dir='ltr'><strong>quod</strong></span> <span class='ocrx_word' id='word_1_29' title='bbox 575 424 907 501; x_wconf 80' lang='lat' dir='ltr'>appelletur</span> <span class='ocrx_word' id='word_1_30' title='bbox 952 426 1327 499; x_wconf 85' lang='lat' dir='ltr'><strong>Surrentium.</strong></span> <span class='ocrx_word' id='word_1_31' title='bbox 1384 435 1593 505; x_wconf 91' lang='lat' dir='ltr'><strong>postea</strong></span> <span class='ocrx_word' id='word_1_32' title='bbox 1642 426 1849 485; x_wconf 86' lang='lat' dir='ltr'><strong>flumen</strong></span> <span class='ocrx_word' id='word_1_33' title='bbox 1893 426 2140 500; x_wconf 81' lang='lat' dir='ltr'><strong>Salsum,</strong></span> 
     </span>
     <span class='ocr_line' id='line_1_5' title="bbox 66 507 2139 605; baseline 0.001 -39"><span class='ocrx_word' id='word_1_34' title='bbox 66 529 72 532; x_wconf 52' lang='lat'><strong><em>⁴</em></strong></span> <span class='ocrx_word' id='word_1_35' title='bbox 154 508 300 568; x_wconf 84' lang='lat' dir='ltr'><strong>ultra</strong></span> <span class='ocrx_word' id='word_1_36' title='bbox 329 507 501 605; x_wconf 73' lang='lat' dir='ltr'><strong>quod</strong></span> <span class='ocrx_word' id='word_1_37' title='bbox 531 507 882 585; x_wconf 87' lang='lat' dir='ltr'><strong>Aethiopas</strong></span> <span class='ocrx_word' id='word_1_38' title='bbox 899 507 1213 585; x_wconf 81' lang='lat' dir='ltr'><strong>Perorsos,</strong></span> <span class='ocrx_word' id='word_1_39' title='bbox 1261 527 1505 588; x_wconf 87' lang='lat' dir='ltr'><strong>quorum</strong></span> <span class='ocrx_word' id='word_1_40' title='bbox 1543 527 1574 570; x_wconf 87' lang='lat' dir='ltr'><strong>a</strong></span> <span class='ocrx_word' id='word_1_41' title='bbox 1609 519 1776 586; x_wconf 88' lang='lat' dir='ltr'><strong>tergo</strong></span> <span class='ocrx_word' id='word_1_42' title='bbox 1812 508 2139 568; x_wconf 82' lang='lat' dir='ltr'><strong>Pharusios.</strong></span> 
     </span>
     <span class='ocr_line' id='line_1_6' title="bbox 117 591 2140 667; baseline 0.001 -19"><span class='ocrx_word' id='word_1_43' title='bbox 117 591 292 650; x_wconf 73' lang='lat' dir='ltr'><strong>shis</strong></span> <span class='ocrx_word' id='word_1_44' title='bbox 275 591 433 666; x_wconf 76' lang='lat' dir='ltr'><strong>iungi</strong></span> <span class='ocrx_word' id='word_1_45' title='bbox 467 591 524 649; x_wconf 93' lang='lat' dir='ltr'><strong>in</strong></span> <span class='ocrx_word' id='word_1_46' title='bbox 567 591 990 650; x_wconf 89' lang='lat' dir='ltr'><strong>mediterraneo</strong></span> <span class='ocrx_word' id='word_1_47' title='bbox 1024 591 1299 652; x_wconf 85' lang='lat' dir='ltr'><strong>Gaetulos</strong></span> <span class='ocrx_word' id='word_1_48' title='bbox 1330 592 1548 667; x_wconf 77' lang='lat' dir='ltr'><strong>DaraS,</strong></span> <span class='ocrx_word' id='word_1_49' title='bbox 1596 603 1652 653; x_wconf 91' lang='lat' dir='ltr'><strong>at</strong></span> <span class='ocrx_word' id='word_1_50' title='bbox 1682 595 1738 651; x_wconf 93' lang='lat' dir='ltr'><strong>in</strong></span> <span class='ocrx_word' id='word_1_51' title='bbox 1771 610 1871 652; x_wconf 92' lang='lat' dir='ltr'><strong>ora</strong></span> <span class='ocrx_word' id='word_1_52' title='bbox 1903 592 2140 651; x_wconf 88' lang='lat' dir='ltr'><strong>Aethio-</strong></span> 
     </span>
     <span class='ocr_line' id='line_1_7' title="bbox 156 672 2142 755; baseline -0.001 -21"><span class='ocrx_word' id='word_1_53' title='bbox 156 691 262 753; x_wconf 83' lang='lat' dir='ltr'><strong>pas</strong></span> <span class='ocrx_word' id='word_1_54' title='bbox 302 672 626 749; x_wconf 88' lang='lat' dir='ltr'><strong>Daratitas,</strong></span> <span class='ocrx_word' id='word_1_55' title='bbox 671 673 880 733; x_wconf 83' lang='lat' dir='ltr'><strong>flumen</strong></span> <span class='ocrx_word' id='word_1_56' title='bbox 906 674 1239 734; x_wconf 84' lang='lat' dir='ltr'><strong>Bambotum</strong></span> <span class='ocrx_word' id='word_1_57' title='bbox 1271 677 1590 737; x_wconf 77' lang='lat' dir='ltr'><strong>crocodilis</strong></span> <span class='ocrx_word' id='word_1_58' title='bbox 1622 685 1681 735; x_wconf 90' lang='lat' dir='ltr'><strong>et</strong></span> <span class='ocrx_word' id='word_1_59' title='bbox 1713 676 2142 755; x_wconf 81' lang='lat' dir='ltr'><strong>hippopotamis</strong></span> 
     </span>
     <span class='ocr_line' id='line_1_8' title="bbox 155 756 2142 837; baseline -0.001 -20"><span class='ocrx_word' id='word_1_60' title='bbox 155 757 451 817; x_wconf 82' lang='lat' dir='ltr'><strong>refertum.</strong></span> <span class='ocrx_word' id='word_1_61' title='bbox 535 756 607 816; x_wconf 88' lang='grc'><strong>31)</strong></span> <span class='ocrx_word' id='word_1_62' title='bbox 662 774 734 816; x_wconf 89' lang='lat' dir='ltr'><strong>eo</strong></span> <span class='ocrx_word' id='word_1_63' title='bbox 783 760 989 816; x_wconf 90' lang='lat' dir='ltr'><strong>montis</strong></span> <span class='ocrx_word' id='word_1_64' title='bbox 1038 769 1392 837; x_wconf 89' lang='lat' dir='ltr'><strong>perpetuos·</strong></span> <span class='ocrx_word' id='word_1_65' title='bbox 1428 777 1611 837; x_wconf 90' lang='lat' dir='ltr'><strong>usque</strong></span> <span class='ocrx_word' id='word_1_66' title='bbox 1664 759 1737 818; x_wconf 87' lang='lat' dir='ltr'><strong>ad</strong></span> <span class='ocrx_word' id='word_1_67' title='bbox 1789 776 1917 818; x_wconf 91' lang='lat' dir='ltr'><strong>eum</strong></span> <span class='ocrx_word' id='word_1_68' title='bbox 1972 776 2142 837; x_wconf 90' lang='lat' dir='ltr'><strong>quem</strong></span> 
     </span>
     <span class='ocr_line' id='line_1_9' title="bbox 157 839 2224 920; baseline -0.001 -20"><span class='ocrx_word' id='word_1_69' title='bbox 157 840 359 900; x_wconf 84' lang='lat' dir='ltr'><strong>Theon</strong></span> <span class='ocrx_word' id='word_1_70' title='bbox 409 839 651 902; x_wconf 81' lang='lat' dir='ltr'><strong>ochema</strong></span> <span class='ocrx_word' id='word_1_71' title='bbox 697 840 972 899; x_wconf 84' lang='lat' dir='ltr'><strong>dicemus.</strong></span> <span class='ocrx_word' id='word_1_72' title='bbox 1026 842 1157 900; x_wconf 91' lang='lat' dir='ltr'><strong>inde</strong></span> <span class='ocrx_word' id='word_1_73' title='bbox 1203 843 1273 902; x_wconf 89' lang='lat' dir='ltr'><strong>ad</strong></span> <span class='ocrx_word' id='word_1_74' title='bbox 1320 844 1768 919; x_wconf 83' lang='lat' dir='ltr'><strong>promontorium</strong></span> <span class='ocrx_word' id='word_1_75' title='bbox 1816 841 2138 920; x_wconf 90' lang='lat' dir='ltr'><strong>Hesperum</strong></span> <span class='ocrx_word' id='word_1_76' title='bbox 2155 840 2224 914; x_wconf 50' lang='grc' dir='ltr'><strong>ὦ,</strong></span> 
     </span>
     <span class='ocr_line' id='line_1_10' title="bbox 157 923 2233 1002; baseline 0 -21"><span class='ocrx_word' id='word_1_77' title='bbox 157 923 768 999; x_wconf 80' lang='lat' dir='ltr'><strong>navigationedierum</strong></span> <span class='ocrx_word' id='word_1_78' title='bbox 802 941 872 982; x_wconf 89' lang='lat' dir='ltr'><strong>ac</strong></span> <span class='ocrx_word' id='word_1_79' title='bbox 906 925 1155 982; x_wconf 87' lang='lat' dir='ltr'><strong>noctium</strong></span> <span class='ocrx_word' id='word_1_80' title='bbox 1188 923 1261 983; x_wconf 88' lang='lat' dir='ltr'><strong>X.</strong></span> <span class='ocrx_word' id='word_1_81' title='bbox 1306 927 1361 983; x_wconf 90' lang='lat' dir='ltr'><strong>in</strong></span> <span class='ocrx_word' id='word_1_82' title='bbox 1390 926 1580 985; x_wconf 90' lang='lat' dir='ltr'><strong>medio</strong></span> <span class='ocrx_word' id='word_1_83' title='bbox 1619 942 1690 984; x_wconf 92' lang='lat' dir='ltr'><strong>eo</strong></span> <span class='ocrx_word' id='word_1_84' title='bbox 1726 927 1911 1002; x_wconf 87' lang='lat' dir='ltr'><strong>spatio</strong></span> <span class='ocrx_word' id='word_1_85' title='bbox 1944 924 2140 983; x_wconf 91' lang='lat' dir='ltr'><strong>Atlan-</strong></span> <span class='ocrx_word' id='word_1_86' title='bbox 2225 962 2233 971; x_wconf 81' lang='lat'><strong>·</strong></span> 
     </span>
     <span class='ocr_line' id='line_1_11' title="bbox 90 1006 2139 1085; baseline -0 -19"><span class='ocrx_word' id='word_1_87' title='bbox 90 1016 276 1066; x_wconf 67' lang='lat' dir='ltr'><strong>loten:</strong></span> <span class='ocrx_word' id='word_1_88' title='bbox 303 1006 517 1065; x_wconf 84' lang='lat' dir='ltr'><strong>locavit</strong></span> <span class='ocrx_word' id='word_1_89' title='bbox 569 1007 784 1066; x_wconf 88' lang='lat' dir='ltr'><strong>ceteris</strong></span> <span class='ocrx_word' id='word_1_90' title='bbox 827 1006 1087 1065; x_wconf 90' lang='lat' dir='ltr'><strong>omnibus</strong></span> <span class='ocrx_word' id='word_1_91' title='bbox 1121 1008 1177 1064; x_wconf 91' lang='lat' dir='ltr'><strong>in</strong></span> <span class='ocrx_word' id='word_1_92' title='bbox 1210 1010 1481 1067; x_wconf 84' lang='lat' dir='ltr'><strong>extremis</strong></span> <span class='ocrx_word' id='word_1_93' title='bbox 1513 1007 1903 1072; x_wconf 79' lang='lat' dir='ltr'><strong>Mauretaniae</strong></span> <span class='ocrx_word' id='word_1_94' title='bbox 1948 1007 2139 1085; x_wconf 88' lang='lat' dir='ltr'><strong>prodi·</strong></span> 
     </span>
     <span class='ocr_line' id='line_1_12' title="bbox 157 1087 2223 1169; baseline 0.002 -19"><span class='ocrx_word' id='word_1_95' title='bbox 157 1100 292 1150; x_wconf 89' lang='lat' dir='ltr'><strong>tum.</strong></span> <span class='ocrx_word' id='word_1_96' title='bbox 365 1088 622 1149; x_wconf 88' lang='lat' dir='ltr'><strong>Romana</strong></span> <span class='ocrx_word' id='word_1_97' title='bbox 665 1107 818 1149; x_wconf 90' lang='lat' dir='ltr'><strong>arma</strong></span> <span class='ocrx_word' id='word_1_98' title='bbox 853 1091 1092 1167; x_wconf 79' lang='lat' dir='ltr'><strong>primum</strong></span> <span class='ocrx_word' id='word_1_99' title='bbox 1123 1087 1365 1150; x_wconf 86' lang='lat' dir='ltr'><strong>Claudio</strong></span> <span class='ocrx_word' id='word_1_100' title='bbox 1397 1093 1660 1169; x_wconf 84' lang='lat' dir='ltr'><strong>principe</strong></span> <span class='ocrx_word' id='word_1_101' title='bbox 1704 1094 1761 1151; x_wconf 93' lang='lat' dir='ltr'><strong>in</strong></span> <span class='ocrx_word' id='word_1_102' title='bbox 1791 1090 2143 1150; x_wconf 88' lang='lat' dir='ltr'><strong>Mauretania</strong></span> <span class='ocrx_word' id='word_1_103' title='bbox 2158 1101 2223 1154; x_wconf 92' lang='lat'><strong>11</strong></span> 
     </span>
     <span class='ocr_line' id='line_1_13' title="bbox 106 1171 2142 1253; baseline 0.001 -20"><span class='ocrx_word' id='word_1_104' title='bbox 106 1236 121 1253; x_wconf 85' lang='lat'><strong>.</strong></span> <span class='ocrx_word' id='word_1_105' title='bbox 156 1172 455 1233; x_wconf 78' lang='lat' dir='ltr'><strong>bellavere</strong></span> <span class='ocrx_word' id='word_1_106' title='bbox 496 1173 887 1233; x_wconf 86' lang='lat' dir='ltr'><strong>Ptolemaeum</strong></span> <span class='ocrx_word' id='word_1_107' title='bbox 926 1190 1128 1250; x_wconf 81' lang='lat' dir='ltr'><strong>regem</strong></span> <span class='ocrx_word' id='word_1_108' title='bbox 1169 1191 1201 1232; x_wconf 93' lang='lat' dir='ltr'><strong>a</strong></span> <span class='ocrx_word' id='word_1_109' title='bbox 1244 1172 1384 1234; x_wconf 88' lang='lat' dir='ltr'><strong>Gaio</strong></span> <span class='ocrx_word' id='word_1_110' title='bbox 1434 1171 1687 1235; x_wconf 89' lang='lat' dir='ltr'><strong>Caesare</strong></span> <span class='ocrx_word' id='word_1_111' title='bbox 1739 1176 2142 1252; x_wconf 88' lang='lat' dir='ltr'><strong>interemptum</strong></span> 
     </span>
     <span class='ocr_line' id='line_1_14' title="bbox 157 1255 2141 1335; baseline 0 -20"><span class='ocrx_word' id='word_1_112' title='bbox 157 1256 479 1319; x_wconf 79' lang='lat' dir='ltr'><strong>ulciscente</strong></span> <span class='ocrx_word' id='word_1_113' title='bbox 511 1255 720 1315; x_wconf 86' lang='lat' dir='ltr'><strong>liberto</strong></span> <span class='ocrx_word' id='word_1_114' title='bbox 752 1256 1114 1332; x_wconf 81' lang='lat' dir='ltr'><strong>Aedemone,</strong></span> <span class='ocrx_word' id='word_1_115' title='bbox 1147 1256 1680 1335; x_wconf 86' lang='lat' dir='ltr'><strong>refugientibusque</strong></span> <span class='ocrx_word' id='word_1_116' title='bbox 1712 1257 1973 1318; x_wconf 89' lang='lat' dir='ltr'><strong>barbaris</strong></span> <span class='ocrx_word' id='word_1_117' title='bbox 2003 1275 2141 1316; x_wconf 87' lang='lat' dir='ltr'><strong>ven-</strong></span> 
     </span>
     <span class='ocr_line' id='line_1_15' title="bbox 155 1339 2141 1418; baseline -0.001 -18"><span class='ocrx_word' id='word_1_118' title='bbox 155 1349 272 1400; x_wconf 87' lang='lat' dir='ltr'><strong>tum</strong></span> <span class='ocrx_word' id='word_1_119' title='bbox 304 1348 528 1398; x_wconf 88' lang='lat' dir='ltr'><strong>constat</strong></span> <span class='ocrx_word' id='word_1_120' title='bbox 558 1340 629 1399; x_wconf 88' lang='lat' dir='ltr'><strong>ad</strong></span> <span class='ocrx_word' id='word_1_121' title='bbox 657 1348 904 1398; x_wconf 90' lang='lat' dir='ltr'><strong>montem</strong></span> <span class='ocrx_word' id='word_1_122' title='bbox 932 1339 1240 1399; x_wconf 86' lang='lat' dir='ltr'><strong>Atlantem.</strong></span> <span class='ocrx_word' id='word_1_123' title='bbox 1304 1358 1415 1400; x_wconf 91' lang='lat' dir='ltr'><strong>nec</strong></span> <span class='ocrx_word' id='word_1_124' title='bbox 1447 1342 1641 1400; x_wconf 81' lang='lat' dir='ltr'><strong>solum</strong></span> <span class='ocrx_word' id='word_1_125' title='bbox 1673 1341 1969 1400; x_wconf 86' lang='lat' dir='ltr'><strong>consulatu</strong></span> <span class='ocrx_word' id='word_1_126' title='bbox 2007 1359 2141 1418; x_wconf 90' lang='lat' dir='ltr'><strong>per·</strong></span> 
     </span>
     <span class='ocr_line' id='line_1_16' title="bbox 90 1423 2143 1502; baseline 0 -20"><span class='ocrx_word' id='word_1_127' title='bbox 90 1430 141 1472; x_wconf 82' lang='lat'><strong>1⁵</strong></span> <span class='ocrx_word' id='word_1_128' title='bbox 160 1424 370 1482; x_wconf 84' lang='lat' dir='ltr'><strong>functis</strong></span> <span class='ocrx_word' id='word_1_129' title='bbox 425 1431 596 1500; x_wconf 88' lang='lat' dir='ltr'><strong>atque</strong></span> <span class='ocrx_word' id='word_1_130' title='bbox 653 1440 685 1481; x_wconf 91' lang='lat' dir='ltr'><strong>e</strong></span> <span class='ocrx_word' id='word_1_131' title='bbox 741 1431 941 1481; x_wconf 88' lang='lat' dir='ltr'><strong>senatu</strong></span> <span class='ocrx_word' id='word_1_132' title='bbox 993 1423 1233 1483; x_wconf 90' lang='lat' dir='ltr'><strong>ducibus</strong></span> <span class='ocrx_word' id='word_1_133' title='bbox 1288 1425 1386 1502; x_wconf 91' lang='lat' dir='ltr'><strong>qui</strong></span> <span class='ocrx_word' id='word_1_134' title='bbox 1438 1429 1553 1482; x_wconf 89' lang='lat' dir='ltr'><strong>tum</strong></span> <span class='ocrx_word' id='word_1_135' title='bbox 1597 1442 1702 1483; x_wconf 84' lang='lat' dir='ltr'><strong>res</strong></span> <span class='ocrx_word' id='word_1_136' title='bbox 1748 1442 1993 1500; x_wconf 83' lang='lat' dir='ltr'><strong>gessere</strong></span> <span class='ocrx_word' id='word_1_137' title='bbox 2039 1423 2143 1482; x_wconf 90' lang='lat' dir='ltr'><strong>sed</strong></span> 
     </span>
     <span class='ocr_line' id='line_1_17' title="bbox 162 1505 2142 1584; baseline -0.002 -18"><span class='ocrx_word' id='word_1_138' title='bbox 162 1505 447 1584; x_wconf 84' lang='lat' dir='ltr'><strong>equitibus</strong></span> <span class='ocrx_word' id='word_1_139' title='bbox 484 1522 714 1584; x_wconf 87' lang='lat' dir='ltr'><strong>quoque</strong></span> <span class='ocrx_word' id='word_1_140' title='bbox 745 1505 1016 1566; x_wconf 88' lang='lat' dir='ltr'><strong>Romanis</strong></span> <span class='ocrx_word' id='word_1_141' title='bbox 1050 1509 1250 1604; x_wconf 84' lang='lat' dir='ltr'><strong>quiex</strong></span> <span class='ocrx_word' id='word_1_142' title='bbox 1296 1525 1368 1566; x_wconf 93' lang='lat' dir='ltr'><strong>eo</strong></span> <span class='ocrx_word' id='word_1_143' title='bbox 1402 1506 1713 1584; x_wconf 79' lang='lat' dir='ltr'><strong>praefuere</strong></span> <span class='ocrx_word' id='word_1_144' title='bbox 1743 1508 1823 1565; x_wconf 88' lang='lat' dir='ltr'><strong>ibi</strong></span> <span class='ocrx_word' id='word_1_145' title='bbox 1856 1506 2142 1565; x_wconf 87' lang='lat' dir='ltr'><strong>Atlantem</strong></span> 
     </span>
     <span class='ocr_line' id='line_1_18' title="bbox 159 1589 2228 1669; baseline 0.001 -20"><span class='ocrx_word' id='word_1_146' title='bbox 159 1595 502 1668; x_wconf 86' lang='lat' dir='ltr'><strong>penetrasse</strong></span> <span class='ocrx_word' id='word_1_147' title='bbox 533 1589 589 1646; x_wconf 90' lang='lat' dir='ltr'><strong>in</strong></span> <span class='ocrx_word' id='word_1_148' title='bbox 618 1589 809 1665; x_wconf 88' lang='lat' dir='ltr'><strong>gloria</strong></span> <span class='ocrx_word' id='word_1_149' title='bbox 835 1589 957 1648; x_wconf 79' lang='lat' dir='ltr'><strong>suit.</strong></span> <span class='ocrx_word' id='word_1_150' title='bbox 994 1591 1242 1669; x_wconf 89' lang='lat' dir='ltr'><strong>quinque</strong></span> <span class='ocrx_word' id='word_1_151' title='bbox 1276 1599 1403 1649; x_wconf 87' lang='lat' dir='ltr'><strong>sunt</strong></span> <span class='ocrx_word' id='word_1_152' title='bbox 1423 1591 1518 1668; x_wconf 82' lang='lat' dir='ltr'><strong>(ut</strong></span> <span class='ocrx_word' id='word_1_153' title='bbox 1548 1590 1822 1668; x_wconf 87' lang='lat' dir='ltr'><strong>diximus)</strong></span> <span class='ocrx_word' id='word_1_154' title='bbox 1850 1589 2142 1648; x_wconf 86' lang='lat' dir='ltr'><strong>Romanae</strong></span> <span class='ocrx_word' id='word_1_155' title='bbox 2161 1600 2228 1651; x_wconf 79' lang='lat'><strong>12</strong></span> 
     </span>
     <span class='ocr_line' id='line_1_19' title="bbox 163 1672 2213 1756; baseline -0.002 -22"><span class='ocrx_word' id='word_1_156' title='bbox 163 1672 429 1734; x_wconf 89' lang='lat' dir='ltr'><strong>coloniae</strong></span> <span class='ocrx_word' id='word_1_157' title='bbox 478 1672 534 1730; x_wconf 88' lang='lat' dir='ltr'><strong>in</strong></span> <span class='ocrx_word' id='word_1_158' title='bbox 575 1690 643 1732; x_wconf 92' lang='lat' dir='ltr'><strong>ea</strong></span> <span class='ocrx_word' id='word_1_159' title='bbox 686 1673 1013 1751; x_wconf 85' lang='lat' dir='ltr'><strong>provincia,</strong></span> <span class='ocrx_word' id='word_1_160' title='bbox 1062 1675 1436 1752; x_wconf 83' lang='lat' dir='ltr'><strong>perviumque</strong></span> <span class='ocrx_word' id='word_1_161' title='bbox 1478 1673 1663 1733; x_wconf 79' lang='lat' dir='ltr'><strong>famae</strong></span> <span class='ocrx_word' id='word_1_162' title='bbox 1708 1674 1893 1732; x_wconf 86' lang='lat' dir='ltr'><strong>videri</strong></span> <span class='ocrx_word' id='word_1_163' title='bbox 1925 1672 2213 1756; x_wconf 61' lang='grc' dir='ltr'><strong>ροῐεει.ειμι</strong></span> 
     </span>
     <span class='ocr_line' id='line_1_20' title="bbox 163 1720 2187 1836; baseline -0.002 -21"><span class='ocrx_word' id='word_1_164' title='bbox 163 1756 270 1815; x_wconf 85' lang='lat' dir='ltr'><strong>sed</strong></span> <span class='ocrx_word' id='word_1_165' title='bbox 309 1756 366 1815; x_wconf 92' lang='lat' dir='ltr'><strong>id</strong></span> <span class='ocrx_word' id='word_1_166' title='bbox 411 1754 748 1834; x_wconf 87' lang='lat' dir='ltr'><strong>plerumque</strong></span> <span class='ocrx_word' id='word_1_167' title='bbox 781 1755 1211 1816; x_wconf 79' lang='lat' dir='ltr'><strong>fallacissimum</strong></span> <span class='ocrx_word' id='word_1_168' title='bbox 1244 1759 1641 1836; x_wconf 87' lang='lat' dir='ltr'><strong>experimento</strong></span> <span class='ocrx_word' id='word_1_169' title='bbox 1674 1720 2187 1835; x_wconf 75' lang='lat' dir='ltr'><strong>deprehenditur,</strong></span> 
     </span>
     <span class='ocr_line' id='line_1_21' title="bbox 90 1838 2142 1919; baseline -0.001 -20"><span class='ocrx_word' id='word_1_170' title='bbox 90 1849 146 1891; x_wconf 84' lang='lat'><strong>2⁰</strong></span> <span class='ocrx_word' id='word_1_171' title='bbox 164 1842 294 1919; x_wconf 89' lang='lat' dir='ltr'><strong>quia</strong></span> <span class='ocrx_word' id='word_1_172' title='bbox 327 1838 662 1916; x_wconf 79' lang='lat' dir='ltr'><strong>dignitateS,</strong></span> <span class='ocrx_word' id='word_1_173' title='bbox 715 1859 841 1900; x_wconf 91' lang='lat' dir='ltr'><strong>cum</strong></span> <span class='ocrx_word' id='word_1_174' title='bbox 887 1841 1158 1917; x_wconf 83' lang='lat' dir='ltr'><strong>indagare</strong></span> <span class='ocrx_word' id='word_1_175' title='bbox 1195 1860 1335 1901; x_wconf 86' lang='lat' dir='ltr'><strong>vera</strong></span> <span class='ocrx_word' id='word_1_176' title='bbox 1377 1843 1603 1919; x_wconf 85' lang='lat' dir='ltr'><strong>pigeat,</strong></span> <span class='ocrx_word' id='word_1_177' title='bbox 1652 1841 2009 1918; x_wconf 87' lang='lat' dir='ltr'><strong>ignorantiae</strong></span> <span class='ocrx_word' id='word_1_178' title='bbox 2040 1856 2142 1915; x_wconf 92' lang='lat' dir='ltr'><strong>pu-</strong></span> 
     </span>
     <span class='ocr_line' id='line_1_22' title="bbox 54 1923 2146 2003; baseline 0.001 -25"><span class='ocrx_word' id='word_1_179' title='bbox 54 1963 73 1978; x_wconf 91' lang='lat'><strong>.</strong></span> <span class='ocrx_word' id='word_1_180' title='bbox 163 1923 306 1983; x_wconf 94' lang='lat' dir='ltr'><strong>dore</strong></span> <span class='ocrx_word' id='word_1_181' title='bbox 337 1924 560 1982; x_wconf 89' lang='lat' dir='ltr'><strong>mentiri</strong></span> <span class='ocrx_word' id='word_1_182' title='bbox 589 1941 701 1981; x_wconf 91' lang='lat' dir='ltr'><strong>non</strong></span> <span class='ocrx_word' id='word_1_183' title='bbox 733 1925 927 2001; x_wconf 86' lang='lat' dir='ltr'><strong>piget,</strong></span> <span class='ocrx_word' id='word_1_184' title='bbox 972 1924 1106 1983; x_wconf 81' lang='lat' dir='ltr'><strong>haut</strong></span> <span class='ocrx_word' id='word_1_185' title='bbox 1147 1925 1261 1985; x_wconf 92' lang='lat' dir='ltr'><strong>alio</strong></span> <span class='ocrx_word' id='word_1_186' title='bbox 1302 1925 1435 1984; x_wconf 86' lang='lat' dir='ltr'><strong>fidei</strong></span> <span class='ocrx_word' id='word_1_187' title='bbox 1475 1925 1948 2003; x_wconf 81' lang='lat' dir='ltr'><strong>proniorelapsu</strong></span> <span class='ocrx_word' id='word_1_188' title='bbox 1979 1939 2146 2000; x_wconf 90' lang='lat' dir='ltr'><strong>quam</strong></span> 
     </span>
     <span class='ocr_line' id='line_1_23' title="bbox 124 2006 2148 2085; baseline -0.001 -20"><span class='ocrx_word' id='word_1_189' title='bbox 124 2037 129 2040; x_wconf 84' lang='lat'><em>-</em></span> <span class='ocrx_word' id='word_1_190' title='bbox 162 2006 261 2065; x_wconf 93' lang='lat' dir='ltr'><strong>ubi</strong></span> <span class='ocrx_word' id='word_1_191' title='bbox 294 2006 480 2066; x_wconf 83' lang='lat' dir='ltr'><strong>falsae</strong></span> <span class='ocrx_word' id='word_1_192' title='bbox 524 2007 610 2064; x_wconf 89' lang='lat' dir='ltr'><strong>rei</strong></span> <span class='ocrx_word' id='word_1_193' title='bbox 651 2008 844 2082; x_wconf 84' lang='lat' dir='ltr'><strong>gravis</strong></span> <span class='ocrx_word' id='word_1_194' title='bbox 886 2015 1087 2066; x_wconf 89' lang='lat' dir='ltr'><strong>auctor</strong></span> <span class='ocrx_word' id='word_1_195' title='bbox 1133 2008 1377 2066; x_wconf 86' lang='lat' dir='ltr'><strong>exsistit.</strong></span> <span class='ocrx_word' id='word_1_196' title='bbox 1441 2009 1707 2085; x_wconf 88' lang='lat' dir='ltr'><strong>equidem</strong></span> <span class='ocrx_word' id='word_1_197' title='bbox 1747 2008 1931 2066; x_wconf 90' lang='lat' dir='ltr'><strong>minus</strong></span> <span class='ocrx_word' id='word_1_198' title='bbox 1970 2006 2148 2064; x_wconf 90' lang='lat' dir='ltr'><strong>miror</strong></span> 
     </span>
     <span class='ocr_line' id='line_1_24' title="bbox 162 2089 2150 2168; baseline -0.002 -20"><span class='ocrx_word' id='word_1_199' title='bbox 162 2090 506 2166; x_wconf 86' lang='lat' dir='ltr'><strong>inconperta</strong></span> <span class='ocrx_word' id='word_1_200' title='bbox 538 2090 819 2165; x_wconf 91' lang='lat' dir='ltr'><strong>quaedam</strong></span> <span class='ocrx_word' id='word_1_201' title='bbox 851 2106 986 2148; x_wconf 89' lang='lat' dir='ltr'><strong>esse</strong></span> <span class='ocrx_word' id='word_1_202' title='bbox 1017 2092 1305 2168; x_wconf 89' lang='lat' dir='ltr'><strong>equestris</strong></span> <span class='ocrx_word' id='word_1_203' title='bbox 1336 2089 1552 2149; x_wconf 89' lang='lat' dir='ltr'><strong>ordinis</strong></span> <span class='ocrx_word' id='word_1_204' title='bbox 1579 2092 1739 2166; x_wconf 86' lang='lat' dir='ltr'><strong>viris,</strong></span> <span class='ocrx_word' id='word_1_205' title='bbox 1772 2092 1882 2149; x_wconf 90' lang='lat' dir='ltr'><strong>iam</strong></span> <span class='ocrx_word' id='word_1_206' title='bbox 1910 2105 2056 2147; x_wconf 86' lang='lat' dir='ltr'><strong>vero</strong></span> <span class='ocrx_word' id='word_1_207' title='bbox 2090 2095 2150 2145; x_wconf 90' lang='lat' dir='ltr'><strong>et</strong></span> 
     </span>
     <span class='ocr_line' id='line_1_25' title="bbox 166 2171 2147 2249; baseline -0.002 -18"><span class='ocrx_word' id='word_1_208' title='bbox 166 2182 423 2237; x_wconf 87' lang='lat' dir='ltr'><strong>senatum</strong></span> <span class='ocrx_word' id='word_1_209' title='bbox 454 2172 584 2230; x_wconf 87' lang='lat' dir='ltr'><strong>inde</strong></span> <span class='ocrx_word' id='word_1_210' title='bbox 616 2171 997 2247; x_wconf 85' lang='lat' dir='ltr'><strong>intrantibus,¹</strong></span> <span class='ocrx_word' id='word_1_211' title='bbox 1022 2190 1189 2249; x_wconf 92' lang='lat' dir='ltr'><strong>quam</strong></span> <span class='ocrx_word' id='word_1_212' title='bbox 1225 2173 1518 2248; x_wconf 84' lang='lat' dir='ltr'><strong>luxuriae,</strong></span> <span class='ocrx_word' id='word_1_213' title='bbox 1554 2174 1714 2232; x_wconf 90' lang='lat' dir='ltr'><strong>cuius</strong></span> <span class='ocrx_word' id='word_1_214' title='bbox 1747 2172 2147 2231; x_wconf 87' lang='lat' dir='ltr'><strong>efficacissima</strong></span> 
     </span>
     <span class='ocr_line' id='line_1_26' title="bbox 92 2254 2144 2332; baseline -0.001 -19"><span class='ocrx_word' id='word_1_215' title='bbox 92 2256 255 2318; x_wconf 42' lang='lat' dir='ltr'><strong>2⁵4vis</strong></span> <span class='ocrx_word' id='word_1_216' title='bbox 294 2256 539 2314; x_wconf 89' lang='lat' dir='ltr'><strong>sentitur</strong></span> <span class='ocrx_word' id='word_1_217' title='bbox 580 2262 751 2332; x_wconf 86' lang='lat' dir='ltr'><strong>atque</strong></span> <span class='ocrx_word' id='word_1_218' title='bbox 798 2273 1088 2328; x_wconf 84' lang='lat' dir='ltr'><strong>maxuma,</strong></span> <span class='ocrx_word' id='word_1_219' title='bbox 1138 2273 1265 2313; x_wconf 93' lang='lat' dir='ltr'><strong>cum</strong></span> <span class='ocrx_word' id='word_1_220' title='bbox 1308 2254 1474 2313; x_wconf 91' lang='lat' dir='ltr'><strong>ebori</strong></span> <span class='ocrx_word' id='word_1_221' title='bbox 1522 2257 1665 2314; x_wconf 92' lang='lat' dir='ltr'><strong>citro</strong></span> <span class='ocrx_word' id='word_1_222' title='bbox 1712 2255 1894 2313; x_wconf 85' lang='lat' dir='ltr'><strong>silvae</strong></span> <span class='ocrx_word' id='word_1_223' title='bbox 1947 2254 2144 2330; x_wconf 88' lang='lat' dir='ltr'><strong>exqui-</strong></span> 
     </span>
     <span class='ocr_line' id='line_1_27' title="bbox 162 2335 2232 2415; baseline -0.001 -17"><span class='ocrx_word' id='word_1_224' title='bbox 162 2345 425 2414; x_wconf 83' lang='lat' dir='ltr'><strong>rantur,&#39;</strong></span> <span class='ocrx_word' id='word_1_225' title='bbox 462 2354 660 2396; x_wconf 89' lang='lat' dir='ltr'><strong>omnes</strong></span> <span class='ocrx_word' id='word_1_226' title='bbox 713 2337 939 2415; x_wconf 90' lang='lat' dir='ltr'><strong>scopuli</strong></span> <span class='ocrx_word' id='word_1_227' title='bbox 993 2336 1221 2397; x_wconf 85' lang='lat' dir='ltr'><strong>Gaetuli·</strong></span> <span class='ocrx_word' id='word_1_228' title='bbox 1271 2336 1578 2396; x_wconf 86' lang='lat' dir='ltr'><strong>muricibus</strong></span> <span class='ocrx_word' id='word_1_229' title='bbox 1630 2339 1917 2415; x_wconf 90' lang='lat' dir='ltr'><strong>purpuris.</strong></span> <span class='ocrx_word' id='word_1_230' title='bbox 1998 2335 2144 2394; x_wconf 90' lang='lat' dir='ltr'><strong>Indi·</strong></span> <span class='ocrx_word' id='word_1_231' title='bbox 2167 2341 2232 2395; x_wconf 82' lang='lat'><strong>13</strong></span> 
     </span>
     <span class='ocr_line' id='line_1_28' title="bbox 162 2418 2148 2498; baseline -0.002 -17"><span class='ocrx_word' id='word_1_232' title='bbox 162 2440 356 2498; x_wconf 84' lang='lat' dir='ltr'><strong>genae</strong></span> <span class='ocrx_word' id='word_1_233' title='bbox 401 2429 590 2480; x_wconf 88' lang='lat' dir='ltr'><strong>tamen</strong></span> <span class='ocrx_word' id='word_1_234' title='bbox 632 2420 858 2480; x_wconf 87' lang='lat' dir='ltr'><strong>tradunt</strong></span> <span class='ocrx_word' id='word_1_235' title='bbox 899 2421 956 2478; x_wconf 93' lang='lat' dir='ltr'><strong>in</strong></span> <span class='ocrx_word' id='word_1_236' title='bbox 990 2422 1091 2479; x_wconf 79' lang='lat' dir='ltr'><strong>Ora</strong></span> <span class='ocrx_word' id='word_1_237' title='bbox 1130 2419 1202 2479; x_wconf 92' lang='lat' dir='ltr'><strong>ab</strong></span> <span class='ocrx_word' id='word_1_238' title='bbox 1234 2420 1392 2480; x_wconf 90' lang='lat' dir='ltr'><strong>Salat</strong></span> <span class='ocrx_word' id='word_1_239' title='bbox 1429 2418 1521 2480; x_wconf 89' lang='lat' dir='ltr'><strong>CL</strong></span> <span class='ocrx_word' id='word_1_240' title='bbox 1550 2419 1607 2479; x_wconf 90' lang='lat' dir='ltr'>M</span> <span class='ocrx_word' id='word_1_241' title='bbox 1639 2438 1908 2498; x_wconf 90' lang='lat' dir='ltr'><strong>passuum</strong></span> <span class='ocrx_word' id='word_1_242' title='bbox 1940 2419 2148 2478; x_wconf 86' lang='lat' dir='ltr'><strong>flumen</strong></span> 
     </span>
     <span class='ocr_line' id='line_1_29' title="bbox 164 2502 2230 2581; baseline -0.002 -16"><span class='ocrx_word' id='word_1_243' title='bbox 164 2504 416 2565; x_wconf 87' lang='lat' dir='ltr'><strong>Asanam</strong></span> <span class='ocrx_word' id='word_1_244' title='bbox 460 2505 676 2563; x_wconf 90' lang='lat' dir='ltr'><strong>marino</strong></span> <span class='ocrx_word' id='word_1_245' title='bbox 727 2503 933 2564; x_wconf 89' lang='lat' dir='ltr'><strong>haustu</strong></span> <span class='ocrx_word' id='word_1_246' title='bbox 976 2502 1084 2562; x_wconf 87' lang='lat' dir='ltr'><strong>sed</strong></span> <span class='ocrx_word' id='word_1_247' title='bbox 1123 2513 1293 2581; x_wconf 91' lang='lat' dir='ltr'><strong>portu</strong></span> <span class='ocrx_word' id='word_1_248' title='bbox 1334 2502 1692 2581; x_wconf 84' lang='lat' dir='ltr'><strong>spectabile,</strong></span> <span class='ocrx_word' id='word_1_249' title='bbox 1749 2521 1884 2562; x_wconf 89' lang='lat' dir='ltr'><strong>mox</strong></span> <span class='ocrx_word' id='word_1_250' title='bbox 1930 2520 2149 2562; x_wconf 89' lang='lat' dir='ltr'><strong>amnem</strong></span> <span class='ocrx_word' id='word_1_251' title='bbox 2223 2545 2230 2550; x_wconf 79' lang='lat'>-</span> 
     </span>
     <span class='ocr_line' id='line_1_30' title="bbox 168 2585 2146 2666; baseline -0.003 -19"><span class='ocrx_word' id='word_1_252' title='bbox 168 2599 341 2666; x_wconf 89' lang='lat' dir='ltr'><strong>quem</strong></span> <span class='ocrx_word' id='word_1_253' title='bbox 379 2595 592 2645; x_wconf 86' lang='lat' dir='ltr'><strong>vocant</strong></span> <span class='ocrx_word' id='word_1_254' title='bbox 635 2585 774 2662; x_wconf 83' lang='lat' dir='ltr'><strong>Fut,</strong></span> <span class='ocrx_word' id='word_1_255' title='bbox 826 2586 896 2645; x_wconf 88' lang='lat' dir='ltr'><strong>ab</strong></span> <span class='ocrx_word' id='word_1_256' title='bbox 937 2595 1030 2645; x_wconf 79' lang='lat' dir='ltr'><strong>eo·</strong></span> <span class='ocrx_word' id='word_1_257' title='bbox 1056 2586 1126 2645; x_wconf 91' lang='lat' dir='ltr'><strong>ad</strong></span> <span class='ocrx_word' id='word_1_258' title='bbox 1173 2585 1369 2660; x_wconf 80' lang='lat' dir='ltr'><strong>Dyrim</strong></span> <span class='ocrx_word' id='word_1_259' title='bbox 1415 2587 1559 2664; x_wconf 90' lang='lat' dir='ltr'><strong>(hoc</strong></span> <span class='ocrx_word' id='word_1_260' title='bbox 1606 2588 1753 2645; x_wconf 88' lang='lat' dir='ltr'><strong>enim</strong></span> <span class='ocrx_word' id='word_1_261' title='bbox 1793 2585 2005 2645; x_wconf 88' lang='lat' dir='ltr'><strong>Atlanti</strong></span> <span class='ocrx_word' id='word_1_262' title='bbox 2045 2601 2146 2643; x_wconf 91' lang='lat' dir='ltr'><strong>no-</strong></span> 
     </span>
     <span class='ocr_line' id='line_1_31' title="bbox 93 2666 2148 2747; baseline -0.001 -19"><span class='ocrx_word' id='word_1_263' title='bbox 93 2686 326 2743; x_wconf 76' lang='lat' dir='ltr'><strong>aomen‚</strong></span> <span class='ocrx_word' id='word_1_264' title='bbox 376 2678 435 2729; x_wconf 91' lang='lat' dir='ltr'><strong>et</strong></span> <span class='ocrx_word' id='word_1_265' title='bbox 467 2687 600 2728; x_wconf 87' lang='lat' dir='ltr'><strong>esse</strong></span> <span class='ocrx_word' id='word_1_266' title='bbox 634 2668 1063 2744; x_wconf 85' lang='lat' dir='ltr'><strong>eorum&#39;lingua</strong></span> <span class='ocrx_word' id='word_1_267' title='bbox 1104 2670 1406 2747; x_wconf 85' lang='lat' dir='ltr'><strong>convenit)</strong></span> <span class='ocrx_word' id='word_1_268' title='bbox 1446 2666 1542 2728; x_wconf 88' lang='lat' dir='ltr'><strong>CC</strong></span> <span class='ocrx_word' id='word_1_269' title='bbox 1584 2668 1642 2728; x_wconf 90' lang='lat' dir='ltr'>M</span> <span class='ocrx_word' id='word_1_270' title='bbox 1672 2686 1940 2747; x_wconf 86' lang='lat' dir='ltr'><strong>passuum</strong></span> <span class='ocrx_word' id='word_1_271' title='bbox 1976 2670 2148 2725; x_wconf 90' lang='lat' dir='ltr'><strong>inter-</strong></span> 
     </span>
     <span class='ocr_line' id='line_1_32' title="bbox 166 2752 2149 2813; baseline -0.003 -1"><span class='ocrx_word' id='word_1_272' title='bbox 166 2755 435 2812; x_wconf 86' lang='lat' dir='ltr'><strong>veniente</strong></span> <span class='ocrx_word' id='word_1_273' title='bbox 467 2752 695 2813; x_wconf 88' lang='lat' dir='ltr'><strong>flumine</strong></span> <span class='ocrx_word' id='word_1_274' title='bbox 729 2754 818 2811; x_wconf 92' lang='lat' dir='ltr'><strong>cui</strong></span> <span class='ocrx_word' id='word_1_275' title='bbox 853 2769 1062 2811; x_wconf 89' lang='lat' dir='ltr'><strong>nomen</strong></span> <span class='ocrx_word' id='word_1_276' title='bbox 1094 2761 1184 2811; x_wconf 88' lang='lat' dir='ltr'><strong>est</strong></span> <span class='ocrx_word' id='word_1_277' title='bbox 1214 2752 1367 2812; x_wconf 88' lang='lat' dir='ltr'><strong>Ivor.</strong></span> <span class='ocrx_word' id='word_1_278' title='bbox 1430 2752 1518 2812; x_wconf 89' lang='lat' dir='ltr'><strong>lbi</strong></span> <span class='ocrx_word' id='word_1_279' title='bbox 1545 2753 1693 2812; x_wconf 85' lang='lat' dir='ltr'><strong>fama</strong></span> <span class='ocrx_word' id='word_1_280' title='bbox 1728 2760 1956 2810; x_wconf 89' lang='lat' dir='ltr'><strong>exstare</strong></span> <span class='ocrx_word' id='word_1_281' title='bbox 1993 2752 2149 2809; x_wconf 88' lang='lat' dir='ltr'><strong>circa</strong></span> 
     </span>
     <span class='ocr_line' id='line_1_33' title="bbox 162 2833 2147 2913; baseline -0.002 -18"><span class='ocrx_word' id='word_1_282' title='bbox 162 2837 410 2911; x_wconf 83' lang='lat' dir='ltr'><strong>vestigia</strong></span> <span class='ocrx_word' id='word_1_283' title='bbox 438 2833 672 2894; x_wconf 83' lang='lat' dir='ltr'><strong>habitati</strong></span> <span class='ocrx_word' id='word_1_284' title='bbox 706 2835 989 2913; x_wconf 90' lang='lat' dir='ltr'><strong>quondam</strong></span> <span class='ocrx_word' id='word_1_285' title='bbox 1019 2835 1165 2910; x_wconf 90' lang='lat' dir='ltr'><strong>soli,</strong></span> <span class='ocrx_word' id='word_1_286' title='bbox 1208 2836 1502 2894; x_wconf 85' lang='lat' dir='ltr'><strong>vinearum</strong></span> <span class='ocrx_word' id='word_1_287' title='bbox 1531 2835 2025 2912; x_wconf 83' lang='lat' dir='ltr'><strong>palmetorumque</strong></span> <span class='ocrx_word' id='word_1_288' title='bbox 2056 2850 2147 2891; x_wconf 92' lang='lat' dir='ltr'><strong>re·</strong></span> 
     </span>
     <span class='ocr_line' id='line_1_34' title="bbox 138 2916 2235 2998; baseline -0.002 -19"><span class='ocrx_word' id='word_1_289' title='bbox 138 2920 391 2998; x_wconf 83' lang='lat' dir='ltr'><strong>·1iquias.</strong></span> <span class='ocrx_word' id='word_1_290' title='bbox 452 2919 760 2978; x_wconf 89' lang='lat' dir='ltr'><strong>Suetonius</strong></span> <span class='ocrx_word' id='word_1_291' title='bbox 790 2917 1077 2993; x_wconf 78' lang='lat' dir='ltr'><strong>PaulinuS,</strong></span> <span class='ocrx_word' id='word_1_292' title='bbox 1113 2936 1283 2995; x_wconf 91' lang='lat' dir='ltr'><strong>quem</strong></span> <span class='ocrx_word' id='word_1_293' title='bbox 1312 2916 1608 2977; x_wconf 91' lang='lat' dir='ltr'><strong>consulem</strong></span> <span class='ocrx_word' id='word_1_294' title='bbox 1638 2917 1898 2990; x_wconf 75' lang='lat' dir='ltr'><strong>vidimuS,</strong></span> <span class='ocrx_word' id='word_1_295' title='bbox 1933 2917 2235 2993; x_wconf 82' lang='lat' dir='ltr'><strong>primus14</strong></span> 
     </span>
     <span class='ocr_line' id='line_1_35' title="bbox 164 2999 2150 3078; baseline -0.002 -17"><span class='ocrx_word' id='word_1_296' title='bbox 164 3001 552 3061; x_wconf 89' lang='lat' dir='ltr'><strong>Romanorum</strong></span> <span class='ocrx_word' id='word_1_297' title='bbox 604 3001 809 3061; x_wconf 88' lang='lat' dir='ltr'><strong>ducum</strong></span> <span class='ocrx_word' id='word_1_298' title='bbox 860 3010 1258 3077; x_wconf 86' lang='lat' dir='ltr'><strong>transgressus</strong></span> <span class='ocrx_word' id='word_1_299' title='bbox 1315 3018 1546 3078; x_wconf 91' lang='lat' dir='ltr'><strong>quoque</strong></span> <span class='ocrx_word' id='word_1_300' title='bbox 1592 3000 1881 3060; x_wconf 88' lang='lat' dir='ltr'><strong>Atlantem</strong></span> <span class='ocrx_word' id='word_1_301' title='bbox 1933 2999 2150 3075; x_wconf 88' lang='lat' dir='ltr'><strong>aliquot</strong></span> 
     </span>
     <span class='ocr_line' id='line_1_36' title="bbox 91 3084 2147 3162; baseline -0 -21"><span class='ocrx_word' id='word_1_302' title='bbox 91 3099 147 3141; x_wconf 78' lang='lat'><strong>3⁵</strong></span> <span class='ocrx_word' id='word_1_303' title='bbox 165 3085 380 3144; x_wconf 85' lang='lat' dir='ltr'><strong>milium</strong></span> <span class='ocrx_word' id='word_1_304' title='bbox 423 3085 611 3161; x_wconf 88' lang='lat' dir='ltr'><strong>spatio</strong></span> <span class='ocrx_word' id='word_1_305' title='bbox 659 3084 919 3162; x_wconf 29' lang='lat' dir='ltr'><strong>prodidit.</strong></span> <span class='ocrx_word' id='word_1_306' title='bbox 953 3084 1025 3143; x_wconf 91' lang='lat' dir='ltr'><strong>de</strong></span> <span class='ocrx_word' id='word_1_307' title='bbox 1075 3084 1418 3143; x_wconf 74' lang='lat' dir='ltr'><strong>excelsitate</strong></span> <span class='ocrx_word' id='word_1_308' title='bbox 1451 3084 1679 3160; x_wconf 89' lang='lat' dir='ltr'><strong>quidem</strong></span> <span class='ocrx_word' id='word_1_309' title='bbox 1712 3084 1834 3142; x_wconf 83' lang='lat' dir='ltr'><strong>eius</strong></span> <span class='ocrx_word' id='word_1_310' title='bbox 1871 3099 2018 3159; x_wconf 90' lang='lat' dir='ltr'><strong>quae</strong></span> <span class='ocrx_word' id='word_1_311' title='bbox 2052 3099 2147 3141; x_wconf 90' lang='lat' dir='ltr'><strong>ce-</strong></span> 
     </span>
     <span class='ocr_line' id='line_1_37' title="bbox 164 3165 2148 3243; baseline -0.003 -16"><span class='ocrx_word' id='word_1_312' title='bbox 164 3168 314 3243; x_wconf 87' lang='lat' dir='ltr'><strong>teri,</strong></span> <span class='ocrx_word' id='word_1_313' title='bbox 359 3169 501 3226; x_wconf 88' lang='lat' dir='ltr'><strong>imas</strong></span> <span class='ocrx_word' id='word_1_314' title='bbox 540 3168 773 3241; x_wconf 78' lang='lat' dir='ltr'><strong>radices</strong></span> <span class='ocrx_word' id='word_1_315' title='bbox 811 3166 1004 3225; x_wconf 87' lang='lat' dir='ltr'><strong>densis</strong></span> <span class='ocrx_word' id='word_1_316' title='bbox 1047 3166 1292 3242; x_wconf 88' lang='lat' dir='ltr'><strong>altisque</strong></span> <span class='ocrx_word' id='word_1_317' title='bbox 1340 3166 1601 3242; x_wconf 89' lang='lat' dir='ltr'><strong>repletas</strong></span> <span class='ocrx_word' id='word_1_318' title='bbox 1650 3166 1810 3225; x_wconf 84' lang='lat' dir='ltr'><strong>silvis</strong></span> <span class='ocrx_word' id='word_1_319' title='bbox 1855 3165 2148 3241; x_wconf 78' lang='lat' dir='ltr'><strong>incognito</strong></span> 
     </span>
     <span class='ocr_line' id='line_1_38' title="bbox 152 3247 2148 3328; baseline -0.004 -18"><span class='ocrx_word' id='word_1_320' title='bbox 152 3268 390 3328; x_wconf 84' lang='lat' dir='ltr'><strong>-genere</strong></span> <span class='ocrx_word' id='word_1_321' title='bbox 434 3251 731 3325; x_wconf 87' lang='lat' dir='ltr'><strong>arborum,</strong></span> <span class='ocrx_word' id='word_1_322' title='bbox 780 3250 1191 3327; x_wconf 83' lang='lat' dir='ltr'><strong>proceritatem</strong></span> <span class='ocrx_word' id='word_1_323' title='bbox 1242 3247 1622 3325; x_wconf 87' lang='lat' dir='ltr'><strong>spectabilem</strong></span> <span class='ocrx_word' id='word_1_324' title='bbox 1677 3267 1811 3307; x_wconf 91' lang='lat' dir='ltr'><strong>esse</strong></span> <span class='ocrx_word' id='word_1_325' title='bbox 1856 3248 2026 3307; x_wconf 87' lang='lat' dir='ltr'><strong>enodi</strong></span> <span class='ocrx_word' id='word_1_326' title='bbox 2065 3248 2148 3304; x_wconf 89' lang='lat' dir='ltr'><strong>ni-</strong></span> 
     </span>
     <span class='ocr_line' id='line_1_39' title="bbox 161 3330 2147 3413; baseline -0.005 -19"><span class='ocrx_word' id='word_1_327' title='bbox 161 3344 331 3412; x_wconf 87' lang='lat' dir='ltr'><strong>tore,</strong></span> <span class='ocrx_word' id='word_1_328' title='bbox 373 3333 597 3394; x_wconf 80' lang='lat' dir='ltr'><strong>frondis</strong></span> <span class='ocrx_word' id='word_1_329' title='bbox 641 3334 902 3413; x_wconf 85' lang='lat' dir='ltr'><strong>cupressi</strong></span> <span class='ocrx_word' id='word_1_330' title='bbox 934 3331 1133 3391; x_wconf 85' lang='lat' dir='ltr'><strong>similis</strong></span> <span class='ocrx_word' id='word_1_331' title='bbox 1171 3340 1580 3411; x_wconf 86' lang='lat' dir='ltr'><strong>praeterquam</strong></span> <span class='ocrx_word' id='word_1_332' title='bbox 1612 3333 1893 3409; x_wconf 83' lang='lat' dir='ltr'><strong>gravitate</strong></span> <span class='ocrx_word' id='word_1_333' title='bbox 1928 3330 2147 3404; x_wconf 78' lang='lat' dir='ltr'><strong>odoriS,</strong></span> 
     </span>
    </p>
   </div>
   <div class='ocr_carea' id='block_1_3' title="bbox 2193 3527 2311 3559">
    <p class='ocr_par' dir='ltr' id='par_1_3' title="bbox 2193 3527 2311 3559">
     <span class='ocr_line' id='line_1_40' title="bbox 2193 3527 2311 3559; baseline 0 0"><span class='ocrx_word' id='word_1_334' title='bbox 2193 3527 2311 3559; x_wconf 51' lang='grc' dir='ltr'><strong><em>Α</em></strong></span> 
     </span>
    </p>
   </div>
  </div>
 </body>
</html>
