2320 3650
138 68 259 129 300
822 79 880 126 c,
914 79 1430 157 emm-SECUNm
2013 40 2126 215 ἦ)
2155 22 2176 103 ι

133 235 329 312 phavit
360 234 432 293 de
465 232 696 308 Cprsis,
741 243 925 308 myrto
958 243 1294 294 coronatum
1328 234 1496 294 ludos
1528 233 1821 297 Cirnensis
1856 249 2141 318 spectare

72 318 73 323 ’
134 319 384 377 solitum.
440 335 585 377 avos
626 326 913 377 maternus
943 317 1202 378 Africani
1251 320 1548 397 sequentis
1594 319 1688 378 hic
1718 321 1842 379 fuit.
1897 322 2141 385 Marcus

130 401 399 461 Valerius
443 400 664 461 duabus
709 403 940 461 coronis
970 401 1269 476 utebatur,
1317 402 1513 462 laurea
1543 412 1600 461 et
1630 414 1892 482 myrtea,
1932 393 2041 486 'qui
2078 420 2141 468 et

133 485 248 544 hoc
275 494 536 544 voverat.

71 577 148 632 ,27
300 569 399 629 30.
447 569 612 648 (39.)
669 567 886 628 Laurus
923 568 1224 646 triumphis
1270 570 1508 648 proprie
1553 569 1811 648 dicatur,
1868 575 1971 634 vel
2001 576 2180 652 *gra-5

130 654 346 712 tissima
366 653 650 728 domibus,
684 652 910 712 ianitrix
930 651 1241 723 Caesarum
1270 653 1739 732 pontificumque.
1790 656 1925 718 sola
1950 669 2007 717 et
2034 661 2130 719 do·

127 754 255 796 mos
284 745 525 797 exornat
555 746 613 795 et
641 745 771 796 aute
804 735 992 795 limina
1015 735 1283 796 excubat.
1341 738 1454 797 duo
1492 740 1613 796 eius
1643 756 1876 815 genera
1910 743 2126 802 tradidit

131 821 246 880 coli
274 819 416 880 Cato
436 865 453 895 ,
484 819 826 898 Delphicam
858 828 917 879 et
936 818 1235 898 Cypriam.
1288 821 1593 899 Pompeius
1625 821 1896 895 Lenaeus
1927 827 2124 885 adiecit

130 922 298 982 quam
330 914 640 963 mustacem
685 903 1033 982 appellavit,
1076 907 1339 981 quoniam
1382 907 1690 964 mustaceis
1737 907 2126 969 subiceretur.

127 989 277 1048 hanc
314 1007 449 1048 esse
476 988 619 1047 folio
648 1003 911 1046 maxumo
941 988 1300 1066 flaccidoque
1333 997 1392 1047 et
1421 987 1706 1048 albicante
1725 1033 1744 1065 ‚
1778 990 2128 1070 Delphicam
2153 1012 2196 1051 ιο

130 1072 358 1152 aequali
418 1071 619 1151 colore
673 1071 1034 1146 viridiorem,
1093 1073 1369 1131 maxumis
1431 1071 1594 1131 bacis
1647 1082 1821 1151 atque
1886 1094 1921 1134 e
1965 1077 2136 1136 viridi
2245 1120 2246 1131 ,

126 1155 485 1217 rubentibus.
558 1156 668 1215 hac
722 1157 978 1214 victores
1022 1154 1269 1233 Delphis
1315 1156 1585 1215 coronari
1627 1166 1686 1215 et
1715 1159 2135 1237 <triumphantis
2245 1222 2246 1235 2

126 1240 367 1300 Romae.
431 1238 703 1318 Cypriam
734 1257 869 1298 esse
899 1237 1042 1298 folio
1075 1238 1271 1315 brevi,
1316 1240 1521 1317 nigro,
1566 1258 1673 1318 per
1701 1244 2002 1318 margines
2036 1246 2133 1303 im·
2245 1240 2246 1281 ¹

78 1334 145 1387 28
168 1324 392 1384 bricato
424 1326 691 1402 crispam.
752 1332 959 1400 postea
988 1331 1301 1383 accessere
1332 1338 1584 1400 genera:
1635 1326 1818 1400 tinus,
1849 1326 2007 1401 hanc
2036 1327 2132 1387 sil·
2245 1394 2246 1399 η

126 1402 379 1468 v'estrem
416 1408 633 1468 laurum
662 1406 836 1485 aliqui
873 1406 1248 1482 intellegunt,
1278 1407 1534 1467 nonnulli
1569 1409 1657 1467 sui
1685 1410 1929 1485 generis
1959 1410 2192 1470 arbo-15
2245 1428 2246 1465 2

78 1502 144 1556 29
167 1511 308 1552 rem.
357 1491 548 1551 differt
583 1491 780 1566 color,
814 1499 904 1550 est
935 1491 1083 1549 enim
1106 1490 1339 1550 caerula
1362 1490 1527 1554 baca.
1571 1494 1825 1552 accessit
1859 1502 1919 1553 et
1943 1496 2127 1570 regia,

128 1595 277 1654 quae
309 1578 505 1653 coepit
528 1575 787 1651 Augusta
813 1574 1133 1652 appellari,
1157 1574 1505 1652 amplissima
1540 1584 1598 1633 et
1630 1575 1845 1635 arbore
1874 1586 1934 1636 et
1964 1578 2126 1651 folio,

126 1660 287 1719 bacis
313 1668 541 1736 gustatu
574 1675 807 1737 quoque
839 1674 952 1716 non
985 1674 1221 1735 aspero.
1272 1658 1445 1736 aliqui
1473 1669 1684 1734 negant
1714 1660 1964 1720 eandem
1996 1679 2124 1719 esse

126 1753 185 1803 et
225 1761 384 1801 suum
416 1761 600 1819 genus
628 1744 828 1817 regiae
861 1740 1074 1801 faciunt
1103 1740 1465 1818 longioribus
1497 1743 1652 1802 foliis
1684 1742 2114 1821 latioribusque.
2199 1742 2246 1830 r*

121 1828 295 1888 iidem
333 1828 390 1886 in
428 1827 541 1886 alio
584 1844 806 1903 genere
846 1824 1129 1886 bacaliam
1178 1825 1477 1904 appellant
1527 1827 1673 1886 hanc
1719 1846 1876 1906 quae
1926 1828 2224 1902 vulga-202.

73 1924 142 1977 30
165 1913 380 1970 tissima
425 1920 513 1970 est
559 1910 944 1987 bacarumque
988 1909 1357 1969 fertilissima.
1418 1911 1677 1970 sterilem
1718 1930 1871 1970 vero
1909 1928 2112 1983 earum,

125 1995 279 2074 quod
309 2012 568 2055 maxume
599 1996 805 2068 miror,
837 1992 1271 2071 triumphalem,
1324 2012 1511 2072 eaque
1550 1994 1746 2053 dicunt
1778 1994 2118 2073 triumphan-

71 2102 108 2135 η
132 2082 204 2138 tis
234 2080 346 2154 uti,
392 2080 501 2138 nisi
533 2077 588 2137 id
617 2096 649 2138 a
680 2078 813 2137 divo
846 2077 1109 2153 Augusto
1143 2077 1372 2155 coepit,
1417 2086 1478 2156 ut
1517 2077 1890 2153 docebimus,
1936 2097 2014 2137 ex
2060 2095 2125 2136 ea

123 2162 299 2234 lauru,
346 2169 509 2241 quae
543 2162 597 2221 ei
645 2163 818 2221 missa
876 2180 910 2221 e
971 2159 1138 2220 caelo
1180 2170 1271 2220 est
1311 2163 1552 2220 minuma
1594 2161 1927 2236 altitudine,
1980 2162 2125 2221 folio

126 2249 353 2329 crispo,
386 2246 584 2320 brevi,
633 2247 864 2305 inventu
906 2261 1058 2304 rara.
1111 2246 1424 2304 acceditin
1468 2246 1724 2323 topiario·
1749 2262 1937 2322 opere
1970 2254 2189 2318 taxa,2‘›
2245 2275 2246 2364 1

125 2339 509 2390 excrescente
544 2331 600 2389 in
629 2330 820 2389 medio
849 2328 993 2389 folio
1027 2328 1272 2406 parvolo
1297 2329 1476 2388 veluti
1500 2328 1706 2388 lacinia
1737 2328 1879 2403 soli,
1912 2329 2127 2390 et⁸sine
2245 2371 2246 2400 ,

126 2432 193 2473 ea
238 2413 551 2493 spadonina
597 2416 739 2473 mira
779 2413 1081 2490 opacitatis
1131 2413 1438 2490 patientia,
1493 2414 1688 2489 itaque
1730 2411 2128 2490 quantalibeat

76 2509 140 2563 31
168 2498 273 2557 sub
314 2498 513 2558 umbra
555 2497 741 2557 solum
790 2496 988 2575 inplet.
1060 2495 1169 2556 Est
1214 2506 1273 2556 et
1316 2495 1781 2573 chamaedaphne
1828 2495 2121 2556 silvestris

123 2584 334 2641 frutex.
392 2591 482 2641 est
528 2591 586 2641 et
610 2580 1029 2653 Alexandrina,
1075 2597 1244 2657 quam
1291 2579 1465 2658 aliqui
1505 2578 1763 2654 Idaeam,
1803 2578 2110 2656 aliixhypo-
2245 2617 2246 2668 ᾖ

124 2666 402 2745 glottion,
449 2666 545 2725 alii
586 2665 836 2739 danaen,
884 2663 980 2723 alii
1016 2663 1474 2741 carpophyllon,
1518 2663 1615 2723 alii
1652 2663 1978 2740 hypelaten
2015 2669 2170 2721 xro-³⁰
2245 2689 2246 2712 κ

126 2760 299 2830 cant„
338 2766 531 2811 ramos
565 2750 785 2827 spargit
823 2766 856 2807 a
897 2747 1094 2808 radice
1139 2746 1527 2823 dodrantalis,
1576 2748 1807 2823 topiarii
1845 2747 1928 2806 'ac
1959 2761 2107 2824 coro-

122 2837 264 2894 narii
297 2836 533 2914 operis,
578 2832 722 2892 folio
765 2834 1024 2892 acutiore
1062 2849 1229 2908 quam
1268 2832 1470 2906 myrti,
1513 2830 1784 2904 molliore
1828 2840 1893 2889 et
1937 2828 2117 2890 candi-

123 2918 286 2978 diore
329 2928 387 2980 et
430 2919 682 2993 maiore,
731 2917 949 2976 semine
994 2917 1144 2973 inter
1189 2914 1328 2975 folia
1360 2913 1569 2990 rubro,
1618 2914 1884 2992 pluruma
1930 2915 1989 2973 in
2028 2913 2123 2972 Ida

75 3013 143 3064 32
168 3011 224 3060 et
247 3004 405 3063 circa
422 3001 767 3062 Heracleam
795 3000 992 3073 Ponti,
1023 3015 1136 3057 nec
1166 3000 1362 3058 nisiin
1390 3000 1728 3058 montuosis
1791 2997 1856 3056 Id
1891 3011 2124 3076 quoque

126 3086 279 3161 quod
309 3085 666 3162 daphnoides
695 3092 938 3143 vocatur
972 3100 1158 3159 genus
1200 3084 1257 3141 in
1300 3083 1582 3142 nominum
1615 3081 1834 3141 ambitu.
1859 3090 1973 3146 est.
2017 3081 2186 3140 ,anias

127 3168 274 3222 euim
305 3166 641 3243 Pelasgum,
688 3168 786 3227 alii
829 3166 1134 3241 euthalon,
1175 3165 1270 3225 alii
1288 3166 1634 3244 ‘stephanon
1666 3164 1989 3223 Alexandri
2023 3180 2122 3221 vo-

127 3256 273 3304 cant.
334 3256 393 3305 et
434 3248 528 3324 hic
556 3251 747 3310 frutex
783 3259 875 3309 est
899 3266 1190 3324 ramosus,
1226 3252 1512 3310 crassiore
1548 3267 1617 3308 ac
1650 3248 1924 3308 molliore
1959 3265 2127 3325 quam

125 3326 316 3386 laurus
348 3328 522 3405 folio,
565 3334 725 3392 cuius
753 3341 980 3410 gustatu
1011 3332 1360 3400 accendatur
1388 3351 1455 3394 os
1486 3343 1660 3412 atque
1686 3341 1917 3409 guttur,
1962 3331 2126 3392 bacis
