2320 3650
215 102 334 167 164
898 113 957 162 c,
994 115 1185 164 rum
1217 67 1515 173 suornm}

209 272 534 345 Sarmatae,
584 286 731 348 quos
776 267 1024 329 Areatas
1051 277 1307 343 vocant,
1354 268 1724 346 Scythaeque
1756 276 1817 327 et
1846 267 2006 330 circa
2032 267 2205 330 Ponti

208 355 379 415 litora
412 353 685 414 Moriseni
716 352 1073 431 Sithoniique
1118 350 1337 431 Orphei
1380 354 1528 413 vatis
1572 354 1873 429 genitores
1916 354 2205 431 optinent.

125 437 289 506 421ta
317 439 437 498 finit
469 437 662 498 Hister
691 454 724 495 a
755 438 1185 515 septentrione,
1227 435 1298 496 ab
1349 445 1477 500 ortu
1508 436 1722 496 Pontus
1764 454 1835 496 ac
1865 435 2202 515 Propontis,

207 542 241 585 a
270 522 508 584 meridie
539 521 838 597 Aegaeum
866 538 1057 596 mare,
1103 521 1265 582 cuias
1313 522 1372 580 in
1404 537 1509 581 ora
1540 538 1573 579 a
1615 521 1923 595 Strymone
1953 520 2204 599 Apollo·

205 608 332 683 nia,
370 604 653 681 Oesyma,
690 602 1005 683 Neapolis,
1039 604 1236 666 Batos.
1307 606 1458 666 intus
1505 604 1754 683 Philippi
1791 603 2047 664 colonia.
2102 604 2248 664 xib-5

204 699 334 752 sunt
377 707 410 751 a
450 686 773 752 Durrachio
816 686 1128 750 CCCXXV
1166 686 1227 748 Μ
1255 705 1412 766 pass.
1458 688 1771 763 Scotussa,
1817 687 2072 768 Topiros
2122 690 2201 750 ci-
2308 683 2309 692 ’

206 776 376 836 vitas.
432 772 603 834 Mesti
633 773 812 832 amnis
839 773 1064 834 ostium.
1107 789 1272 833 mons
1302 771 1623 849 Pangaeus.
1679 771 1993 849 Heraclea,
2024 771 2201 849 Olyn-

203 857 357 920 thos.
432 856 667 919 Abdera
719 855 903 917 libera
958 857 1201 932 civitas,
1256 864 1521 934 stagnum
1581 855 1878 916 Bistonum
1929 866 1990 917 et
2029 874 2200 934 gens.
2308 931 2309 938 ἵ

196 941 478 1022 oppidum
507 940 612 1001 fuit
654 938 845 1000 Tirida
872 937 1169 1002 Diomedis
1200 957 1480 1019 equorum
1507 939 1747 1001 stabulis
1782 940 1987 1001 dirum.
2052 957 2205 1001 nunc
2308 953 2309 982 ³

203 1034 334 1087 sunt
361 1025 600 1100 Dicaea,
626 1023 918 1099 Ismaron,
951 1024 1117 1090 locus
1145 1023 1526 1100 Parthenion,
1558 1022 1894 1100 Phalesina,
1927 1023 2268 1087 Maroneam

118 1120 187 1175 43
202 1112 358 1190 prius
390 1107 748 1185 Orthagurea
779 1108 949 1169 dicta.
1010 1125 1175 1170 mons
1204 1109 1482 1185 Serrium,
1521 1107 1705 1183 Zone,
1737 1117 1854 1168 tum
1882 1107 2052 1169 locus
2083 1109 2203 1171 Do-

202 1195 415 1255 riscum
444 1191 648 1252 decem
688 1192 902 1252 milium
942 1190 1231 1252 hominum
1274 1210 1482 1271 capax.
1551 1193 1630 1253 ita
1667 1190 1902 1266 Xerxes
1932 1192 2013 1252 ibi
2043 1194 2203 1254 diun-

202 1278 445 1338 meravit
487 1277 822 1337 exercitum.
894 1292 962 1338 os
1016 1274 1215 1342 Hebri.
1294 1285 1498 1355 portus
1542 1277 1853 1340 Stentoris.
1927 1277 2207 1356 oppidum

202 1362 401 1424 Aenos
430 1360 673 1421 liberum
696 1378 823 1420 cum
841 1359 1118 1435 Polydori
1133 1359 1373 1437 tumulo,
1399 1357 1676 1422 Ciconum
1698 1360 1990 1439 quondam
2009 1364 2200 1439 regio.

203 1447 258 1511 A
292 1443 542 1505 Dorisco
578 1446 905 1505 incurvatur
949 1444 1167 1508 oraad
1209 1443 1449 1508 Macron
1490 1444 1678 1507 tichos
1725 1442 1943 1508 CXXII
1987 1445 2265 1508 miliumts

207 1548 400 1609 pass.,
439 1531 592 1590 circa
625 1547 795 1607 quem
830 1528 1022 1590 locum
1065 1528 1271 1590 fluvias
1301 1526 1486 1596 Melas
1533 1546 1567 1589 a
1597 1545 1714 1607 quo
1745 1531 1906 1594 sinus
1939 1530 2202 1609 appella»

201 1624 313 1676 tur.
378 1613 589 1693 oppida
624 1611 913 1692 Cypsela,
942 1612 1214 1674 Bisanthe
1255 1611 1493 1676 Macron
1518 1612 1725 1676 tichos
1772 1613 2026 1690 dictum,
2073 1616 2203 1693 quia

203 1716 236 1758 a
273 1696 624 1777 Propontide
671 1697 742 1758 ad
771 1695 1059 1762 Melanem
1085 1699 1282 1762 sinum
1320 1698 1470 1764 inter
1509 1697 1623 1759 duo
1665 1699 1841 1759 maria
1892 1708 2200 1776 porrectus

118 1789 189 1845 44
202 1799 393 1843 murus
423 1790 861 1861 procurrentem
884 1781 1140 1847 excludit
1172 1779 1618 1855 Cherronesum.
1667 1781 1931 1861 Namque
1957 1781 2203 1847 Threcia

204 1867 391 1931 altero
424 1868 608 1931 latere
644 1884 677 1926 a
706 1866 945 1929 Pontico
986 1867 1156 1927 litore
1198 1867 1509 1945 incipiens,
1552 1866 1659 1933 ubi,
1680 1865 1878 1927 Hister
1913 1870 2194 1929 amnisin-
2215 1883 2259 1927 ιο

204 1952 513 2027 mergitur,
557 1950 656 2010 vel
697 1949 1112 2029 pulcherrimas
1142 1953 1200 2013 in
1236 1968 1304 2012 ea
1336 1960 1503 2029 parte
1532 1949 1691 2011 urbis
1721 1950 1932 2028 habet,
1980 1951 2197 2015 Histro-

204 2034 381 2114 polim
413 2032 799 2109 Milesiorum,
846 2032 1070 2097 Tomos
1103 2033 1488 2113 Callatimque
1533 2052 1682 2113 quae
1728 2043 1899 2099 antea
1934 2033 2202 2103 Cerbatis

204 2117 539 2178 vocabatur.
600 2117 943 2178 Heracleam
955 2118 1152 2179 habuit
1182 2128 1241 2178 et
1261 2118 1517 2181 Bizonen
1545 2128 1737 2180 terrae
1766 2119 1926 2180 hiatu
1957 2129 2198 2199 raptam,

202 2220 351 2263 nunc
380 2202 553 2269 hahet
585 2201 1029 2282 Dionysopolim
1053 2200 1294 2263 Crunon
1325 2213 1493 2265 antea
1525 2198 1749 2264 dictam.
1814 2203 1997 2269 adluit
2017 2204 2198 2281 Zyras
2298 2270 2303 2291 h

203 2289 400 2347 amnis,
480 2286 712 2349 Totum
732 2306 862 2347 eum
902 2296 1145 2347 tractum
1189 2287 1446 2362 Scythae
1487 2286 1771 2348 Aroteres
1808 2289 2260 2365 cognominatim

200 2380 460 2432 tenuere.
539 2388 740 2431 eorum
780 2370 993 2450 oppida
1033 2370 1451 2449 Aphrodisias,
1482 2370 1753 2447 LibistoS,
1787 2371 2049 2449 Zygere,
2084 2372 2199 2435 Ro.

204 2454 382 2530 cobe,
426 2454 734 2530 Eumenia,
778 2455 1257 2533 Parthenopolis,
1304 2455 1582 2531 Gerania,
1639 2455 1737 2516 ubi
1777 2455 2202 2533 Pygmaeorum

202 2558 348 2617 gens
375 2538 558 2600 fuisse
587 2540 866 2619 proditur.
927 2537 1159 2599 Catizos
1201 2539 1431 2619 barbari
1466 2539 1792 2614 vocabant,
1836 2540 2200 2619 creduntque

118 2630 234 2684 45a
262 2623 497 2702 gruibus
526 2623 779 2701 fugatoS.
844 2622 908 2683 In
946 2640 1049 2685 ora
1095 2641 1130 2683 a
1165 2622 1552 2703 Dionysopoli
1594 2633 1686 2684 est
1729 2621 1992 2685 Odessus
2037 2624 2200 2685 Mite·

200 2711 435 2784 siorum,
460 2708 670 2769 flumen
698 2708 958 2783 Panysis,
992 2708 1266 2786 oppidum
1287 2702 1800 2770 Tetranaulochus.
1856 2707 2033 2775 Mons
2048 2709 2258 2775 Hae-³0

199 2811 324 2854 mus
363 2802 530 2855 vasto
576 2794 715 2869 iugo
765 2790 1151 2872 procumbens
1200 2795 1258 2852 in
1299 2792 1540 2853 Pontum
1582 2791 1856 2873 oppidum
1900 2793 2104 2855 habuit
2144 2794 2201 2855 ia

197 2879 419 2938 vertice
450 2877 795 2939 Aristaeum.
849 2890 1000 2936 nunc
1039 2877 1098 2937 in
1132 2893 1255 2937 ora
1265 2875 1646 2952 Mesembria,
1689 2875 2069 2953 Anchialum,
2103 2876 2199 2938 uhi

199 2960 392 3023 Messa
420 2961 630 3022 fuerat.
685 2961 913 3023 Astice
944 2962 1116 3038 regio
1156 2959 1356 3027 hahuit
1396 2958 1671 3040 oppidum
1696 2954 2004 3039 Anthium,
2045 2980 2199 3022 nunc

204 3054 294 3104 est
332 3044 663 3123 Apollonia.
737 3045 968 3107 flumina
995 3044 1277 3120 Panisos,
1338 3043 1549 3121 Iuras,
1585 3044 1838 3121 Tearus,
1892 3043 2197 3120 Orosines,

202 3129 415 3206 oppida
460 3129 741 3205 Thynias,
788 3128 1205 3205 Halmydesos,
1258 3089 1553 3192 Develton
1601 3147 1731 3193 cum
1779 3138 2015 3207 stagno
2026 3126 2263 3215 qud*

202 3229 352 3270 nunc
382 3210 651 3272 Deultum
679 3222 921 3273 vocatur
949 3221 1377 3289 veteranorum,
1408 3211 1784 3292 Phinopolis,
1825 3215 2007 3275 iuxta

203 3293 521 3371 Bosporus.
594 3295 686 3354 Ab
732 3296 907 3361 Histri
949 3299 1101 3356 ostio
1149 3297 1221 3359 ad
1270 3310 1338 3357 os
1376 3297 1543 3359 Ponti
1583 3315 1740 3376 pass.
1771 3296 1933 3365 Bw
1942 3297 2103 3369 mik
2096 3290 2199 3371 ἦ·
2294 3252 2297 3255 Δ

140 3403 187 3438 4³
211 3394 371 3454 cere,
407 3377 665 3456 Agrippa
694 3377 793 3439 LX
822 3379 1050 3442 adiecit.
1107 3380 1247 3443 Inde
1281 3382 1353 3442 ad
1383 3399 1605 3443 murum
1633 3390 1810 3462 supra
1831 3382 2061 3451 dictum
2081 3379 2231 3459 Q
