2320 3650
126 61 246 129 200
595 80 600 89 ·
746 73 806 121 ο.
834 73 1025 122 rum
1056 73 1360 123 suenum

126 246 274 308 quos
302 227 543 296 medius
554 226 896 325 longissime
928 228 1308 307 protenditur.
1372 227 1577 306 quibus
1611 247 1686 288 ex
1713 229 1918 307 rapina
1953 230 2175 329 victus

40 406 143 461 245
162 396 443 476 quaterni.
487 394 739 471 LeoneS,
771 395 915 474 lupi,
946 413 1123 457 canes
1152 405 1212 455 et
1240 414 1427 474 pauca
1454 397 1512 456 in
1535 397 1965 475 posterioribus
2007 415 2169 476 quo·-

127 497 240 559 que
272 480 475 558 quinos
505 479 710 556 unguis
742 479 988 556 habent,
1031 496 1144 540 uno
1178 481 1337 541 iuxta
1367 481 1552 540 cruris
1574 481 1886 542 articulum
1919 482 2162 560 depen-

127 566 335 639 dente,
386 563 647 642 reliqua,
684 581 833 642 quae
869 573 998 624 sunt
1025 566 1279 641 minora,
1323 573 1383 623 et
1413 565 1626 642 digitos
1655 566 1901 644 quinos.
1959 565 2154 626 Brac-
2177 582 2202 622 ε

128 648 257 708 chia
296 664 413 709 non
455 646 718 709 omnibus
760 649 918 726 paria
960 666 1180 708 secum.
1259 649 1520 708 studioso
1553 647 1766 709 Threci
1799 653 1854 717 iu
1887 648 1953 709 C.
1979 649 2158 710 Cae-

127 733 272 792 saris
305 733 441 792 ludo
472 741 665 792 notum
690 741 783 791 est
802 733 1103 793 dexteram
1130 733 1316 793 fuisse
1338 733 1758 811 proceriorem.
1794 734 2160 794 Animalim

128 817 404 894 quaedam
449 826 511 877 ut
554 815 812 876 manibus
847 826 1079 877 utuntur
1116 819 1385 896 priorum
1403 818 1724 877 ministerio
1762 818 2017 896 pedum,
2037 834 2154 878 se·

125 901 381 979 dentque
415 901 486 960 ad
516 918 585 960 os
615 901 731 961 illis
762 902 1129 963 admoventia
1163 900 1348 976 cibos,
1378 910 1442 960 ut
1467 903 1665 961 sciuri.
2064 933 2069 935 >
2101 939 2112 946 -

40 994 145 1048 246
269 987 370 1044 44.
410 985 584 1061 (100.
590 987 620 1063 )
654 983 799 1044 Nam
830 986 1115 1046 simiarum
1137 1002 1362 1064 genera
1386 938 1709 1063 perfectam
1731 985 1989 1045 hominis
2023 987 2219 1047 imi-10

124 1070 400 1129 tationem
445 1071 743 1128 continent
786 1068 976 1145 facie,
1017 1070 1282 1144 naribus,
1326 1069 1594 1145 auribus,
1626 1068 1963 1148 palpebris,
1999 1089 2154 1149 quas

127 1153 292 1212 solae
329 1151 746 1231 quadripedum
783 1163 842 1213 et
871 1156 929 1213 in
956 1154 1235 1237 inferiore
1264 1153 1693 1230 habent‘gena,
1724 1155 1837 1214 iam
1864 1169 2152 1216 mammas

131 1239 188 1294 in
219 1245 465 1314 pectore
503 1245 561 1296 et
590 1235 862 1309 bracchia
894 1247 956 1298 et
987 1256 1157 1299 crura
1186 1239 1243 1297 in
1274 1240 1620 1298 contrarium
1664 1238 1934 1298 similiter
1960 1239 2149 1316 flexa,

126 1323 181 1380 in
223 1318 480 1380 manibus
516 1323 754 1399 unguis,
809 1322 1021 1400 digitos
1064 1322 1508 1400 longioremque
1551 1323 1817 1382 medium.
1885 1323 2152 1401 pedibus

127 1405 357 1484 paulum
390 1398 678 1465 differunt.
736 1416 867 1466 sunt
895 1408 1067 1482 enim,
1104 1415 1166 1466 ut
1199 1423 1430 1478 mamm,
1460 1407 1788 1484 praelongi,
1824 1407 1930 1466 sed
1962 1409 2212 1466 vesti-15

126 1491 281 1566 gium
309 1489 537 1568 palmae
572 1490 757 1551 simile
789 1492 1024 1552 faciunt.
1088 1491 1291 1571 pollex
1327 1510 1555 1568 quoque
1593 1494 1677 1550 his
1730 1502 1784 1550 et
1816 1494 2050 1550 articuli
2088 1502 2146 1550 ut

127 1573 360 1650 homini,
385 1591 457 1632 ac
482 1583 719 1652 praeter
745 1575 1023 1652 genitale,
1054 1585 1112 1635 et
1138 1575 1337 1635 boc-in
1371 1594 1487 1634 mal
1495 1577 1617 1633 ibus
1643 1586 1878 1650 tantum,
1906 1578 2146 1634 viscera

129 1659 301 1718 etiam
330 1658 605 1718 interiora
635 1661 823 1720 omnia
851 1660 925 1719 ad
956 1659 1272 1738 exemplar.

42 1749 146 1805 24⁷
273 1742 374 1802 45.
415 1742 626 1819 (101.)
681 1741 919 1820 Ungues
969 1743 1265 1804 clausulae
1307 1763 1613 1803 nervorum
1649 1763 1902 1803 summae
1942 1747 2142 1803 existi-

127 1835 366 1886 mantur.
429 1825 781 1887 omnibushi
813 1827 1019 1905 quibus
1047 1837 1108 1887 et
1137 1828 1322 1905 digiti.
1386 1833 1585 1888 simiae
1613 1829 1919 1903 imbricati,
1956 1829 2204 1888 homino

128 1910 297 1970 nibus
327 1909 447 1986 lati,
484 1918 543 1970 et
575 1910 849 1971 defuncto
879 1921 1173 1988 crescunt,
1201 1912 1511 1990 rapacibus
1535 1913 1688 1988 unci,
1725 1914 1942 1972 ceteris
1966 1916 2140 1989 recti,

128 2004 189 2054 ut
234 1994 504 2070 canibus,
565 2005 803 2072 praeter
855 2014 983 2056 eum
1035 1998 1132 2075 qui
1176 2014 1208 2056 a
1257 2014 1425 2056 crure
1472 1996 1771 2076 plerisque
1820 1995 2140 2074 dependet.

44 2089 151 2144 248
172 2078 373 2139 Omnia
406 2080 619 2157 digitos
655 2079 870 2141 habent
901 2098 1051 2159 quae
1079 2081 1266 2160 pedes
1306 2090 1560 2158 excepto
1605 2080 1943 2158 elephanto.
2009 2081 2144 2140 huic

130 2164 277 2224 enim
308 2163 608 2240 informes,
645 2183 883 2226 numero
918 2166 1147 2243 quidem
1178 2165 1463 2244 quinque,
1498 2164 1602 2224 sed
1632 2164 1859 2225 indivisi
1894 2182 1966 2223 ac
1998 2164 2142 2224 levi·-

128 2259 219 2308 ter
248 2248 509 2323 discreti,
547 2249 891 2348 ungulisque
917 2266 1033 2309 non
1063 2248 1349 2326 unguibus
1379 2249 1618 2325 similes,
1651 2258 1709 2309 et
1741 2248 1928 2327 pedes
1959 2251 2199 2309 maio-²⁵

129 2351 226 2391 res
258 2334 525 2410 priores,
568 2334 627 2392 in
657 2334 1082 2412 posterioribus
1124 2333 1351 2394 articuli
1392 2332 1642 2409 breves,
1684 2334 1838 2393 idem
1882 2333 2143 2411 poplites

129 2417 279 2475 intus
308 2416 492 2477 flectit
527 2417 771 2477 hominis
802 2417 994 2478 mode.
1064 2426 1266 2478 cetera
1308 2418 1570 2477 animalia
1617 2418 1674 2476 in
1714 2417 2007 2477 diversum
2038 2434 2142 2495 po·

132 2491 475 2559 sterioribus
508 2500 753 2579 pedibus
785 2520 954 2581 quam
988 2502 1300 2581 prioribus.
1356 2520 1486 2561 nam
1531 2519 1682 2581 quae
1723 2498 1932 2561 animal
1962 2518 2142 2579 gene-

131 2592 257 2645 rant
292 2602 481 2661 genua
515 2596 660 2646 ante
680 2605 748 2646 se
780 2587 1017 2647 flectunt
1048 2596 1106 2647 et
1135 2586 1510 2663 suffraginum
1553 2596 1711 2647 artus
1754 2588 1810 2645 in
1852 2603 2138 2646 aversum.

46 2673 148 2731 249
278 2668 488 2748 (102.)
547 2670 772 2732 Homini
801 2689 991 2748 genua
1035 2680 1095 2731 et
1124 2670 1314 2731 cubita
1359 2672 1678 2747 contraria,
1727 2672 1864 2730 item
1899 2670 2049 2728 ursis
2082 2676 2201 2729 et³⁰

131 2755 419 2814 simiarum
445 2756 683 2831 generi,
730 2754 807 2815 ob
838 2756 894 2815 id
918 2757 1182 2816 ‚minume
1213 2756 1568 2834 pernicibus.
1628 2753 1749 2815 Ova
1782 2752 2136 2833 parientibus

133 2839 583 2918 quadripedum,
617 2839 952 2916 crocodilo,
987 2840 1258 2917 lacertis,
1291 2842 1488 2919 priora
1515 2856 1706 2917 genua
1736 2847 1871 2919 post
1902 2854 2136 2897 curvan-

134 2931 255 2999 tur,
316 2925 648 3002 posteriora
700 2925 757 2983 in
794 2926 1056 3005 priorem
1097 2933 1343 3003 partem.
1418 2933 1549 2984 sunt
1607 2932 1795 2985 autem
1840 2935 2013 2982 vcrura
2052 2922 2135 2981 his

133 3006 369 3086 obliqua
400 3008 627 3069 humani
670 3009 904 3087 pollicis
934 3009 1127 3069 modo,
1205 3010 1291 3069 sic
1328 3018 1386 3069 et
1428 3007 1840 3087 multipedibus
1881 3015 2133 3084 praeter-

134 3106 303 3166 quam
353 3094 666 3153 novissima
719 3092 1078 3153 salientibus.
1168 3093 1330 3153 Aves
1372 3103 1434 3153 ut
1484 3091 1873 3211 quadripedes
1923 3091 2044 3151 alas
2081 3089 2207 3164 ints

134 3174 330 3249 priora
363 3186 621 3252 curvant,
652 3176 1072 3253 suffraginem
1055 3196 1112 3236 m
1141 3178 1515 3255 posteriora.
1646 3193 1650 3200 ·
1848 3170 2175 3319 {gt-ffl'

50 3264 156 3317 250
284 3255 495 3335 (103.)
531 3258 787 3319 Hominis
823 3259 1070 3337 genibus
1102 3260 1384 3358 quaedam
1419 3269 1478 3318 et
1507 3243 1718 3337 religio
1749 3225 1861 3318 iiie

135 3338 367 3398 vatione
410 3345 683 3417 gentium.
756 3345 906 3403 haec
938 3345 1239 3423 supplices
1273 3345 1591 3421 attingunt,
1637 3344 1712 3404 ad
1756 3343 1904 3403 haec
1945 3355 2165 3404 manus
