2320 3650
189 69 312 139 250
926 86 987 135 c.
1020 88 1210 135 rmm
1243 88 1541 138 sncmmr

186 242 322 318 Nili,
366 258 514 320 quae
537 240 661 306 sola
696 249 868 321 potus
900 241 1160 321 praebet.
1233 240 1607 306 Nihilominus
1637 243 1746 316 iter
1773 249 1954 303 totum
1985 251 2175 303 terre-

187 327 274 387 nis
308 325 704 403 frequentatur
732 344 765 386 a
796 327 937 385 mari
966 325 1293 403 Aegyptio,
1337 325 1490 405 quod
1523 335 1613 386 est
1641 326 1889 405 triplex,
1934 344 2106 385 unum
2139 345 2176 389 a

188 409 419 469 Pelusio
448 425 556 486 per
582 408 862 485 harenas,
907 411 965 468 in
994 426 1111 488 quo
1137 410 1245 468 nisi
1267 411 1478 470 ¹calami
1508 410 1682 470 defixi
1711 418 1912 486 regant
1933 410 2027 469 via
2056 426 2178 469 non

105 504 204 560 167
217 494 501 571 reperitur
538 492 776 553 subinde
811 511 945 566 aura
987 493 1233 569 vestigia
1271 494 1593 572 operiente.
1665 492 1904 553 alterum
1935 510 2083 553 vero
2116 491 2177 557 II

76 647 79 654 ,
187 576 303 637 mil.
334 593 602 653 passuum
631 576 779 636 ultra
811 574 1039 636 Casium
1068 585 1339 653 montem,
1377 577 1530 653 quod
1565 595 1597 636 a
1625 574 1724 635 LX
1750 576 1865 644 mil.
1897 593 2174 653 passuum
2194 588 2218 628 ⁵

80 655 81 658 ’
184 659 334 720 redit
366 660 423 718 in
456 659 812 721 Pelusiacam
842 660 1029 720 viam.·
1066 660 1336 722 adcolunt
1365 659 1592 721 Arabes
1621 659 1812 720 Autei.
1865 657 2094 718 tei-tium
2140 677 2176 719 a

185 737 401 819 Gerro,
447 742 601 821 quod
635 743 935 821 Agipsium
964 753 1202 819 vocant,
1243 762 1348 822 per
1378 743 1618 804 eosdem
1644 742 1878 804 Arabes
1911 740 2010 802 LX
2050 742 2171 806 mil.

183 844 454 905 passuum
492 829 771 905 propius,
813 827 921 888 sed
968 833 1234 905 asperum
1262 827 1544 888 montibus
1586 835 1645 887 et
1673 827 1843 904 inops
1875 843 2169 903 aquarum.

186 928 292 969 eae
326 911 453 980 viae
497 926 698 969 omnes
730 909 1019 970 Arsinoen
1048 910 1259 970 ducunt
1290 911 1571 971 conditam
1601 911 1822 970 sororis
1853 910 2084 970 nomine
2113 908 2173 968 in

185 995 311 1053 sinu
345 990 633 1052 Carandra
679 1009 712 1051 a
742 992 1072 1054 Ptolemaeo
1104 993 1513 1072 Philadelpho,
1559 996 1654 1070 qui
1699 994 1913 1071 primus
1943 991 2236 1069 Trogo-1⁰

185 1076 417 1151 dyticen
461 1075 735 1150 excussit,
779 1091 999 1137 amnem
1030 1078 1126 1156 qui
1158 1076 1446 1137 Arsinoen
1482 1076 1748 1154 praefluit
1780 1076 2173 1137 Ptolemaeum

102 1169 205 1224 168
219 1158 554 1237 appellavit.
613 1175 750 1218 mox
779 1160 1049 1238 oppidum
1088 1178 1326 1238 parvom
1357 1170 1450 1220 est
1475 1159 1656 1221 Enum
1680 1194 1766 1207 -
1788 1160 1893 1220 alii,
1915 1178 2020 1239 pro
2053 1159 2173 1221 hoc

186 1241 527 1302 Philoterias
557 1242 911 1302 scribunt-
933 1243 1139 1304 deinde
1174 1253 1302 1303 sunt
1315 1242 1568 1304 Abasaei
1602 1261 1676 1306 ex
1706 1243 2173 1320 Trogodytarum

187 1324 514 1401 connubiis,
560 1324 787 1386 Arabes
814 1327 945 1404 feri,
989 1327 1209 1390 insulae
1242 1325 1553 1406 Sarapine‘,
1594 1327 1862 1403 Scytala,
1900 1344 2035 1388 mox
2066 1325 2170 1386 de-

185 1417 340 1469 serta
376 1409 450 1470 ad
476 1408 914 1488 Myoshormon,
957 1410 1054 1470 ubi
1098 1410 1228 1472 fons
1263 1410 1510 1487 Tatnos,
1552 1427 1715 1470 mons
1746 1409 1942 1484 Aeas,
1979 1408 2169 1478 insula
2214 1427 2237 1468 5

180 1491 407 1568 Iambe,
452 1494 861 1571 portusmulti.
917 1493 1235 1570 Berenice,
1282 1494 1555 1572 oppidum
1581 1495 1775 1554 matris
1805 1492 2171 1570 Philadelphi

100 1594 168 1631 ιω
192 1578 439 1653 nomine,
480 1576 551 1637 ad
583 1576 737 1653 quod
765 1578 876 1637 iter
906 1595 939 1637 a
969 1574 1158 1655 Copto
1193 1577 1452 1638 diximus.
1507 1576 1733 1638 Arabes
1762 1577 1935 1640 Autei
1966 1575 2170 1635 etZe-

102 1668 203 1723 169
217 1659 404 1720 badei.
459 1659 625 1739 (34.)
674 1659 1087 1736 Trogodytice,
1121 1661 1290 1739 quam
1317 1662 1499 1738 prisci
1526 1659 1777 1734 Midoen,
1811 1659 1906 1719 alii
1935 1658 2169 1720 Michoe

185 1744 406 1802 dixere.
476 1758 640 1801 mons
678 1741 1155 1819 Pentedactylos,
1199 1744 1420 1806 insulae
1461 1745 1672 1804 Stenae
1720 1744 1880 1803 dirae
1922 1743 2167 1821 aliquot,

182 1824 497 1886 Halonnesi
524 1834 649 1885 'non
677 1828 1017 1905 pauciores,
1066 1824 1435 1905 Cardamine,
1482 1825 1781 1907 Topazos,
1826 1846 1973 1907 quae
2004 1838 2237 1904 gem-²⁰

181 1927 310 1968 mae
343 1926 553 1967 nomen
590 1909 763 1970 dedit.
842 1912 998 1970 sinus
1030 1912 1229 1972 insulis
1257 1912 1540 1988 refertus,
1586 1930 1660 1971 ex
1683 1912 1751 1970 iis
1788 1929 1936 1989 quae
1964 1908 2170 1972 Mareu

181 2001 458 2052 vocantur
506 2009 797 2071 aquosae,
845 2012 992 2073 quae
1033 1994 1260 2055 Eranos
1302 1997 1579 2057 sitientes.
1657 2013 1860 2072 regum
1894 1995 1962 2061 iis
1995 2011 2168 2072 prae-

182 2076 322 2135 fecti
372 2075 557 2136 fuere.
645 2075 932 2137 Introrsus
993 2075 1241 2155 Candei,
1288 2096 1436 2157 quos
1477 2077 1892 2157 Ophiophagos
1930 2086 2165 2153 vocant,

125 2166 131 2175 ’
181 2157 546 2237 serpentibus
588 2161 752 2219 vesci
783 2162 1032 2227 adsueti..
1109 2181 1301 2242 neque
1332 2163 1442 2222 alia
1471 2163 1635 2238 regio
1668 2161 1916 2222 fertilior
1946 2179 2164 2222 earum.

96 2241 395 2318 17oluba,
425 2243 523 2321 qui
549 2243 774 2304 videtur
809 2246 1245 2322 diligentissime
1286 2253 1630 2324 persecutus
1661 2245 1837 2320 haec,
1888 2246 2082 2304 omisit
2107 2245 2165 2303 in
2183 2259 2235 2301 2⁵

177 2326 291 2386 hoc
318 2334 528 2400 tractu,
553 2327 661 2386 nisi
691 2329 741 2387 si
773 2330 1185 2408 exemplarium
1206 2330 1400 2393 vitium
1429 2336 1552 2402 est,
1573 2326 1894 2388 Berenicen
1925 2327 2168 2388 alteram

180 2426 334 2488 quae,
362 2407 727 2485 Panchrysos
767 2414 1168 2489 cognominata
1212 2421 1302 2472 est
1342 2420 1400 2471 et
1437 2413 1661 2471 tertiam
1692 2428 1837 2489 quae
1867 2410 2165 2489 Epidires,

179 2492 459 2569 insignem
502 2493 658 2552 loco.
749 2498 1021 2573 estenim
1061 2498 1169 2557 sita
1199 2498 1256 2555 in
1290 2496 1520 2555 cervice
1551 2495 1727 2570 longe
1759 2501 2164 2573 procurrente,

181 2573 274 2634 ubi
302 2575 503 2635 fauces
529 2575 710 2638 Rubri
737 2581 908 2641 maris
927 2579 1036 2645 VII
1061 2580 1176 2639 mil.
1201 2578 1251 2639 D
1279 2596 1547 2657 passuum
1576 2577 1646 2637 ab
1686 2577 1902 2651 Arabia
1932 2577 2164 2637 distant.

94 2666 193 2723 171
215 2659 397 2719 insula
428 2659 507 2718 ibi
540 2656 729 2736 Cytis,
773 2665 1061 2740 topazium
1089 2662 1287 2722 ferens
1322 2671 1379 2721 et
1407 2663 1550 2739 ipsa.
1614 2660 1777 2721 Ultra
1806 2660 2018 2735 silvae,
2062 2659 2234 2720 ubiso

178 2741 487 2802 Ptolemais
528 2761 560 2803 a
607 2743 987 2823 Philadelpho
1023 2745 1253 2806 condita
1292 2744 1361 2804 ad
1419 2753 1655 2805 venatus
1700 2743 2162 2823 elephantorum,

178 2825 253 2885 ob
285 2825 341 2884 id
374 2825 680 2903 Epitheras
714 2830 1144 2906 cognominata,
1187 2828 1342 2889 iuxta
1376 2828 1562 2888 laeum
1587 2826 1935 2887 Monoleum.
1998 2825 2166 2887 Haec

93 2932 201 2973 usa
217 2917 307 2967 est
335 2902 500 2985 regio
533 2911 788 2970 secundo
823 2908 1110 2972 volumine
1144 2929 1178 2972 a
1210 2911 1379 2975 nobis
1408 2910 1747 2987 significata,
1773 2912 1834 2970 in
1865 2927 1978 2989 qua
2007 2908 2164 2968 XLV

179 2990 381 3051 diebus
411 3001 540 3051 ante
585 2993 890 3055 solstitium
919 2995 1271 3074 totidemque
1311 3003 1517 3073 postea
1556 2992 1698 3053 hora
1740 3001 1906 3054 sexta
1950 3009 2159 3053 consu-

176 3082 397 3133 muntur
425 3074 683 3153 umbrae,
725 3086 784 3136 et
812 3079 868 3136 in
896 3080 1193 3139 meridiem
1221 3078 1460 3155 reliquis
1488 3074 1646 3135 horis
1680 3076 1904 3152 cadunt,
1942 3077 2159 3136 ceteris
2177 3092 2227 3135 85

179 3155 380 3215 diebus
428 3159 487 3216 in
539 3163 1024 3238 septentrionem,
1081 3180 1211 3222 eum
1259 3162 1316 3220 in
1360 3160 1641 3220 Berenice
1701 3177 1884 3237 quam-
1918 3160 2162 3237 primam

96 3260 165 3294 168
184 3240 471 3316 posuimus
515 3241 645 3318 ipso
679 3244 772 3303 die
813 3244 1024 3305 solstiti
1052 3253 1218 3305 sexta
1250 3244 1396 3308 hora·
1422 3241 1655 3303 umbrae
1691 3244 1752 3319 in
1780 3251 1959 3303 totum
1985 3242 2156 3305 absu-

177 3329 397 3380 mantur
425 3321 681 3401 nihilque
709 3325 1010 3389 adnotetur
1044 3327 1197 3389 aliud
1224 3326 1389 3403 novi,
1428 3323 1587 3389 DCII
1616 3326 1731 3387 mil.
1775 3343 2044 3406 passuum
2073 3326 2154 3385 iu·

81 3544 127 3568 h„
