2320 3650
600 58 762 140 NA'r.
796 48 973 140 n1s'r.
1009 93 1120 139 xv.
1155 87 1395 142 22—25.
1430 81 1732 160 (24—30.)
1795 91 1808 103 ²
2026 83 2146 147 295
2181 42 2185 46 ι

160 244 412 311 Glandes
462 246 613 305 inter
655 263 826 325 poma
873 248 1155 308 numerari
1200 265 1315 308 non
1357 257 1631 327 possunt,
1681 250 2054 328 quamobrem
2095 254 2150 310 in

156 349 262 391 sua
306 339 505 390 natura
548 330 824 390 dicentur.
2079 342 2084 349 ·
2176 337 2234 411 33

286 411 479 494 (27.)
508 412 753 491 Reliqua
793 416 1022 475 carnosi
1063 423 1193 473 sunt
1227 416 1492 491 generiS,
1538 433 1723 494 eaque
1765 416 1925 476 bacis
1972 427 2139 496 atque
2166 427 2234 483 96

158 497 427 559 carnibus
472 497 698 569 distant.
755 498 869 558 alia
911 500 1091 559 acinis
1121 516 1292 573 caro,
1341 499 1453 559 alia
1480 501 1689 574 moris,
1735 500 1845 560 alia
1876 502 2165 580 unedoni-¹

109 583 300 656 sbns,
345 581 404 641 et
442 580 553 640 alia
597 581 773 641 acinis
817 583 966 643 inter
1005 591 1196 643 cutem·
1231 600 1577 660 sucumque,
1621 583 1730 643 alia
1770 586 1987 658 myxis,
2037 586 2149 647 alia

154 665 319 729 bacis
361 674 418 724 ut
456 664 645 723 cliviS.
708 663 884 725 Moris
919 664 1192 736 sucussin
1224 683 1396 725 carne
1428 667 1695 743 vinosus,
1733 667 1860 727 trini
1890 667 2143 745 colores,
2166 677 2234 733 97

154 747 434 809 candidus
483 750 697 826 primo,
739 766 876 808 mox
914 749 1163 824 rubens,
1205 750 1436 808 maturis
1478 751 1662 826 niger.
1730 752 1786 809 in
1826 752 2148 811 novissimis

153 834 388 909 florent,
419 833 565 891 inter
592 833 773 909 prima
800 841 1206 893 maturescunt.
1265 834 1485 909 tingunt
1513 851 1709 897 manus
1738 851 1880 894 suco
1912 844 2149 908 matura,
2219 860 2222 861 ⁷

155 914 360 987 cluunt
400 915 629 975 acerba.
687 917 987 976 minumum
1021 918 1077 975 in
1108 916 1217 975 hac
1254 916 1464 975 arbore
1497 918 1724 993 ingenia
1754 918 2181 1001 profecerunt,

87 1021 136 1062 ιο
155 1017 272 1059 nec
300 998 620 1058 nominibus
652 1016 760 1059 nec
791 1002 973 1059 insitis
1005 1019 1116 1059 nec
1149 1000 1263 1059 alio
1295 1000 1464 1059 modo
1497 1018 1664 1077 qnam
1693 1003 1846 1078 pomi
1870 1004 2148 1078 magnitu-

156 1085 311 1144 dine.
371 1083 636 1142 differunt
663 1101 823 1143 mora
852 1071 1138 1143 Ostiensia
1170 1093 1228 1142 et
1257 1082 1580 1145 Tusculana
1607 1083 1847 1144 Romae.
1908 1103 2149 1146 nascun-

153 1177 250 1228 tur
283 1175 340 1226 et
370 1167 425 1225 in
452 1165 609 1225 rubis
635 1167 866 1226 multum
897 1168 1201 1227 differente
1244 1167 1415 1227 callO.

182 1310 189 1313 Α
286 1248 453 1329 (28.)
499 1247 670 1310 Aliud
700 1268 911 1329 corpus
957 1260 1045 1310 est
1085 1250 1459 1325 terrestribus
1496 1252 1709 1330 fragis,
1752 1252 1903 1311 aliud
1934 1269 2146 1328 conge·
2168 1261 2237 1316 98

153 1335 284 1394 neri
329 1350 529 1392 eorum
565 1333 844 1409 unedoni,
890 1335 1046 1413 quod
1092 1335 1276 1395 solum
1322 1352 1548 1413 pomum
1594 1336 1778 1395 simile
1820 1336 2007 1395 frutici
2039 1345 2151 1401 ter-

88 1439 136 1481 ¹5
157 1434 377 1495 raeque
402 1418 670 1494 gignitur.
735 1418 909 1477 arbor
939 1421 1065 1495 ipsa
1095 1418 1420 1494 fruticosa„
1453 1419 1671 1479 fructus
1719 1436 1865 1478 anno
1909 1427 2152 1477 mature-

157 1502 302 1576 scit,
344 1500 676 1578 pariterque
704 1501 872 1561 floret
902 1501 1259 1562 subnascens
1301 1511 1361 1561 et
1397 1504 1556 1581 prior
1594 1504 1875 1581 coquitur.
1932 1519 2051 1560 mas
2082 1504 2154 1561 sit

155 1605 234 1646 an
271 1585 478 1645 femina
518 1585 925 1655 sterilisiuter
965 1594 1235 1645 auctores
1275 1602 1388 1645 non
1417 1595 1659 1645 constat.
1723 1603 1948 1664 pomum
1987 1586 2145 1645 inho·
2169 1593 2240 1648 99

155 1686 392 1744 norum,
431 1676 492 1726 ut
534 1669 624 1727 cui
664 1687 872 1728 nomen
901 1687 975 1727 ex
1003 1676 1340 1745 argumento
1369 1672 1445 1728 >sit
1471 1687 1640 1728 unum
1679 1677 1890 1730 tantum
1928 1669 2153 1731 edendi.

157 1751 386 1814 duobus
432 1760 618 1811 tamen
657 1752 771 1812 hoc
809 1753 1129 1828 nominibus
1170 1753 1464 1832 appellant
1500 1751 1739 1831 Graeci,
1785 1770 2057 1812 comaron
2097 1760 2157 1811 et

84 1836 557 1913 zomemecylon,
603 1853 714 1913 quo
761 1835 1001 1916 adparet
1047 1838 1283 1898 totidem
1315 1856 1448 1897 esse
1476 1855 1713 1914 genera.
1770 1845 1828 1896 et
1866 1836 2018 1914 apud
2049 1853 2155 1895 nos

155 1922 277 1982 alio
319 1921 544 1979 nomine
583 1920 818 1979 arbutus
859 1931 1120 1981 vocatur.
1176 1920 1315 1982 Iuba
1344 1930 1547 1982 auctor
1577 1931 1665 1982 est
1697 1922 2156 2001 quinquagenum

156 2003 483 2065 cubitorum
514 2004 853 2064 altitudine
837 2022 909 2068 ιιι
922 2004 1135 2065 Arabia
1169 2022 1303 2065 esse
1334 2024 1470 2064 eas·

285 2086 448 2166 (29.)
497 2085 806 2146 Acinorum
845 2104 1077 2165 quoque
1118 2106 1328 2166 magna
1364 2098 1455 2146 est
1485 2088 1835 2162 differentia,
1880 2087 2117 2167 primum
2142 2097 2241 2148 100

154 2175 310 2233 inter
335 2171 475 2230 uvas'
503 2172 661 2249 ipsas
691 2161 865 2246 callo,
899 2172 1229 2246 teneritate,
1268 2172 1665 2268 crassitudine,
1697 2171 1970 2229 interiore
1995 2169 2151 2244 ligno
2274 2179 2279 2185 ’

84 2255 290 2320 25aliis
324 2270 504 2332 parvo
544 2263 602 2312 et
643 2254 766 2313 aliis
809 2256 976 2314 etiam
1003 2255 1269 2330 gemino,
1311 2255 1406 2330 qui
1434 2272 1677 2313 minume
1707 2243 1935 2314 fera'ces
1967 2254 2151 2311 musti.

155 2340 481 2421 plurumum
509 2354 650 2400 vero
695 2338 959 2397 differunt
1004 2337 1256 2397 hederae
1295 2336 1614 2415 sabucique
1654 2338 1832 2409 acini,
1880 2345 1936 2395 et
1975 2336 2156 2411 figura

155 2424 333 2485 etiam
371 2421 597 2496 Punici,
638 2422 902 2499 angulosi
940 2421 1154 2500 quippe
1202 2421 1334 2480 soli.
1408 2438 1517 2480 nec
1567 2422 1714 2481 cutis
1757 2419 1873 2479 ulla
1915 2418 2155 2495 singulis

155 2514 402 2588 praeter
434 2522 789 2565 communem
820 2524 968 2584 quae
999 2515 1088 2565 est
1128 2504 1387 2576 candida.
1445 2506 1694 2582 totisque
1725 2522 1895 2563 sucus
1930 2511 1987 2561 et
2016 2519 2153 2562 caro

156 2599 287 2665 est,
341 2589 411 2649 iis
452 2589 767 2680 praecipue
810 2590 1015 2667 quihus
1059 2589 1360 2667 parvolum
1405 2590 1551 2648 inest
1586 2588 1742 2664 ligni.
1811 2586 2017 2662 Magna
2059 2593 2116 2643 et
2140 2596 2240 2646 101

83 2696 136 2739 30
153 2674 327 2738 bacis
353 2672 703 2733 differentia.
742 2673 892 2731 aliae
916 2691 1158 2771 namque
1186 2682 1314 2732 sunt
1340 2673 1530 2746 olivis,
1566 2672 1741 2732 lauris
1763 2679 1820 2729 et
1844 2670 1958 2730 alio
1982 2668 2154 2726 modo

156 2760 322 2832 loto,
367 2757 591 2831 corniS,
633 2757 746 2816 alio
773 2757 1004 2831 myrtis,
1044 2756 1310 2817 lentisc0.
1363 2756 1641 2834 aquifolio
1676 2756 1823 2814 enim
1856 2772 1926 2812 ac
1954 2753 2153 2831 spinae

154 2844 286 2903 siue
317 2858 494 2916 suco,
536 2839 841 2917 medioque
871 2842 1173 2898 etiamnum
1202 2857 1423 2916 genere
1456 2841 1603 2900 inter
1630 2838 1806 2898 bacas
1840 2837 2154 2912 acinosque

157 2925 404 2986 cerasis.
459 2941 688 3003 pomum
727 2922 814 2983 his
861 2925 1046 3001 primo
1081 2923 1381 2984 candidum
1420 2934 1477 2983 et
1511 2924 1638 2983 fere
1679 2920 1940 2982 omnibus
1971 2917 2152 2976 baciS.

155 3027 301 3071 mox
324 3008 449 3067 aliis
475 3009 733 3081 virescit,
766 3016 824 3067 ut
846 3007 1058 3082 olivae,
1093 3007 1294 3082 lanrui,
1327 3007 1496 3069 rubet
1517 3024 1660 3067 vero
1689 3004 1885 3080 moris,
1916 3002 2154 3112 cerasis,

83 3118 138 3161 35
160 3093 382 3154 cornis.
440 3092 573 3151 dein
598 3093 874 3168 nigrescit
900 3092 1108 3166 moriS,
1144 3092 1383 3164 cerasis,
1415 3089 1644 3151 olivis.

287 3174 392 3235 25.
440 3175 606 3256 (30.)
638 3175 840 3236 Gerasi
869 3184 998 3234 ante
1030 3176 1327 3235 victoriam
1354 3174 1787 3242 Mithridaticam
1809 3170 1870 3230 L.
1895 3169 2116 3230 Luculli
2143 3179 2241 3231 102

159 3278 283 3321 non
309 3258 519 3318 fuere
496 3279 558 3320 ιιι
575 3260 759 3359 Italia,
793 3260 862 3320 ad
882 3258 1040 3318 urbis
1070 3277 1273 3318 annum
1300 3270 1605 3319 DGLXXX.
1650 3256 1707 3316 Is
1734 3256 1972 3335 primum
1999 3254 2158 3311 vexit

162 3363 201 3405 e
239 3343 460 3419 Ponte,
494 3346 782 3430 annisque
823 3356 962 3406 CXX
998 3351 1154 3403 trans
1198 3360 1473 3403 oceanum
1513 3344 1567 3401 in
1594 3339 1935 3416 Britanniam
1972 3353 2157 3414 usque

2177 3523 2209 3561 A
