2320 3650
562 146 723 192 NAT.
758 143 940 193 ms'r.
972 146 1038 193 x,
1073 138 1315 196 47—52.
1346 134 1668 212 (67—73.)
2022 137 2140 197 145

117 298 534 359 intellecturus
562 299 634 356 sit
657 297 850 357 alitam
876 295 1496 377 conloquia,'qnaeque
1516 293 1594 358 de
1618 291 1726 359 una
1756 317 1864 360 ave
1895 301 2139 377 galeriat

118 384 394 463 privatim
440 389 864 456 conmemorat,
916 384 1086 441 etiam
1128 379 1255 441 sine
1298 382 1386 441 hia
1417 385 1673 443 inmensa
1705 386 1860 454 vitae
1895 385 2137 463 ambage

121 469 283 527 circa
311 467 579 542 auguria.
624 463 998 524 Nominantur
1026 466 1097 548 ab
1123 461 1377 526 Homero
1413 483 1649 545 scopes,
1685 468 1872 535 avium
1894 485 2103 546 genus,
2124 479 2225 533 138

117 567 316 628 neque
338 548 540 610 harum
568 550 854 622 satyricos
885 559 1097 625 motus,
1132 565 1260 609 cum
1295 552 1651 625 insidientur,
1691 552 1990 630 plerisque
2021 562 2137 613 me-

69 652 98 692 s
119 644 385 695 moratos
417 632 596 693 facile
628 631 1000 710 conceperim
1027 644 1252 709 mente,
1291 649 1480 713 neque
1501 636 1680 713 ‘ipsae
1721 635 1830 694 iam
1864 654 2003 694 aves
2037 654 2137 695 no-

115 728 383 778 scuntur.
454 715 827 794 quamobrem
861 717 932 776 de
967 718 1258 778 confessis
1295 719 1642 780 disseruisse
1679 721 2049 797 praestiterit.

143 825 148 836 „
249 802 355 862 50.
393 801 566 879 (71.)
598 800 851 860 Gallinas
882 804 1147 878 saginare
1169 802 1397 862 Deliaci
1423 817 1701 881 coepere,
1732 803 1880 862 unde
1917 806 2101 880 pestis
2120 814 2223 868 139

105 883 598 962 exorta-opimas
625 886 748 964 agis
781 892 838 943 et
871 895 1088 963 suopte
1120 899 1374 964 corpore
1406 896 1608 945 unctas
1639 887 1972 966 devorandi.
2023 887 2137 947 hoc

107 973 366 1050 primum
411 968 657 1045 antiquis
703 983 973 1027 cenarum
1030 970 1346 1029 interdictis
1400 979 1707 1048 exceptum
1751 971 1981 1028 invenio
2027 974 2138 1030 iam

39 1057 276 1131 molege-
304 1052 374 1113 C.
422 1051 601 1111 Fanni
642 1067 765 1110 cos.
808 1065 886 1111 xl
936 1054 1098 1111 annis
1144 1062 1277 1111 ante
1319 1056 1545 1113 tertium
1587 1053 1856 1112 Punicum
1897 1054 2143 1130 bellum,

107 1143 190 1199 ne
235 1139 380 1217 quid
421 1136 663 1194 volucre
706 1144 1021 1213 poneretur
1064 1145 1300 1214 praeter
1341 1155 1505 1196 unam
1537 1137 1809 1214 gallinam
1845 1156 1994 1215 quae
2025 1156 2139 1199 non

107 1232 282 1283 esset
325 1220 537 1294 altilis,
582 1220 738 1297 quod
783 1219 995 1279 deinde
1022 1229 1194 1297 capnt
1227 1221 1559 1279 translatum
1600 1238 1710 1298 per
1753 1223 1935 1279 omnis
1970 1222 2137 1299 leges

108 1306 456 1367 ambulavit.
520 1305 928 1380 inventumque
959 1303 1378 1362 deverticulum
1413 1311 1503 1362 est
1533 1305 1588 1361 in
1618 1304 1878 1363 fraudem
1909 1323 2103 1365 earum
2120 1314 2222 1368 140

107 1391 491 1469 gallinaceos
536 1403 770 1465 quoq-ue
799 1387 1079 1464 pascendi
1130 1387 1282 1445 lacte
1328 1387 1566 1446 madidis
1611 1387 1773 1445 cibis.
1840 1379 2018 1447 multo
2060 1392 2136 1448 ita

39 1492 89 1533 ιε
109 1475 420 1553 gratiores
460 1470 873 1571 adprobantur.
949 1469 1198 1530 feminae
1222 1470 1450 1548 quidem
1481 1471 1551 1529 ad
1587 1463 1841 1546 saginam
1875 1488 1988 1529 non
2014 1488 2132 1530 om-

107 1577 220 1619 nes
256 1557 589 1633 eligantur,
632 1571 744 1620 nec
773 1555 884 1613 nisi
926 1556 983 1613 in
1017 1556 1250 1613 cervice
1299 1556 1496 1631 pingui
1530 1561 1680 1612 cute.
1744 1562 1954 1631 postea
1993 1556 2132 1614 culi-

104 1659 318 1703 narum
364 1647 544 1713 πως,
580 1647 638 1697 ut
671 1638 878 1697 clunes
924 1633 1292 1716 spectentur,
1336 1647 1398 1697 ut
1433 1636 1755 1697 dividantur
1789 1640 1844 1696 in
1874 1645 2132 1715 tergora,

104 1736 169 1787 ut
201 1745 236 1785 a
271 1723 434 1803 pede
464 1739 575 1780 uno
613 1720 881 1782 dilatatae
912 1723 1260 1799 repositoria
1294 1731 1627 1802 occupent„
1652 1720 1886 1781 Dedere
1921 1730 1979 1781 et
1998 1722 2132 1782 Par-

104 1812 190 1872 thi
227 1809 402 1869 cocis
429 1803 574 1866 snos
599 1811 817 1865 mores.
867 1821 986 1865 nec
1013 1814 1203 1865 tamen
1235 1806 1290 1864 in
1332 1799 1446 1865 hoc
1479 1807 1785 1882 mangonio
1828 1806 2135 1884 quicquam

38 1905 301 1958 mtotum
342 1890 564 1969 placet,
600 1890 772 1953 clune
802 1890 939 1949 alibi
971 1899 1214 1968 pectore
1246 1896 1458 1950 tantum
1496 1890 1757 1949 laudatis.

243 1975 426 2055 (72.)
473 1972 703 2033 Ariaria
747 1975 964 2051 primns
993 1975 1232 2033 instituit
1264 1975 1502 2033 inclusis
1543 1975 1788 2032 omnium
1819 1991 2095 2050 generum
2115 1983 2213 2037 141

101 2063 327 2125 avibus
371 2058 447 2117 Μ.
478 2057 724 2116 Laenius
755 2056 965 2117 Strabo
1009 2057 1275 2116 Brundisi
1321 2058 1610 2136 equestris
1655 2057 1892 2117 ordinis.
1953 2077 2026 2117 ex
2059 2074 2130 2117 eo

100 2146 431 2225 ecepimus
463 2157 703 2200 carcere
727 2142 989 2200 animalia
1015 2152 1301 2200 coercere
1326 2141 1530 2217 quibus
1554 2156 1746 2199 rerum
1776 2150 1976 2200 natura
2002 2159 2132 2199 cae-

100 2234 226 2292 lum
266 2224 702 2300 adsignaverat.
770 2225 870 2282 51.
905 2242 1168 2284 maxume
1200 2234 1389 2283 tamen
1419 2225 1658 2300 insignis
1692 2226 1860 2282 estin
1884 2223 1992 2283 hac
2017 2243 2133 2282 me·

38 2312 316 2375 iamai-ia
353 2307 526 2367 clodi
573 2308 797 2385 Aesopi
856 2309 1062 2384 tragici
1119 2308 1412 2366 histrionis
1457 2310 1649 2385 patina
1697 2304 1790 2366 HS
1843 2321 1882 2368 c
1922 2317 2131 2383 taxata,

98 2404 158 2459 in
193 2414 318 2476 qna
354 2393 553 2469 posuit
584 2393 707 2451 avis
738 2401 904 2450 cantu
936 2392 1130 2470 aliquo
1165 2401 1258 2450 aut
1292 2386 1534 2450 hnmano
1570 2404 1838 2450 sermone
1876 2391 2124 2466 vocaliS,

96 2484 198 2544 HS
239 2483 318 2538 V‘I
371 2475 628 2550 singulas
680 2481 999 2552 coemptaS,
1049 2475 1204 2556 nnlla
1236 2476 1345 2534 alia
1378 2477 1640 2535 inductus
1677 2477 1959 2536 suavitate
1993 2475 2098 2534 nisi
2118 2483 2216 2536 142

94 2578 166 2626 ut
209 2567 276 2622 in
307 2561 405 2619 his
447 2559 818 2617 imitationem
862 2560 1102 2618 hominis
1135 2560 1461 2632 manderet,
1494 2577 1566 2617 ne
1599 2568 1872 2635 quaestus
1905 2558 2135 2637 quidem

95 2664 253 2710 suos
283 2644 596 2703 ‘reveritus
639 2642 773 2702 illos
804 2644 1030 2720 opimos
1063 2652 1122 2702 et
1149 2658 1300 2701 voce
1340 2644 1598 2716 meritos,
1646 2642 1850 2719 dignus
1896 2658 2134 2720 prorsus
2192 2690 2195 2693 ,

38 2755 73 2797 ιο
97 2736 236 2794 filio
268 2748 306 2790 a
348 2743 464 2804 quo
489 2727 804 2786 'devoratas
838 2727 1080 2784 diximus
1109 2727 1464 2802 margaritas,
1542 2742 1657 2784 non
1688 2726 1764 2787 sit
1788 2734 1995 2797 tamen,
2029 2732 2088 2781 ut
2103 2744 2134 2783 s,
2151 2744 2217 2777 122

90 2832 320 2877 verum
356 2811 562 2884 fatear,
597 2809 772 2869 facile
806 2811 954 2868 inter
982 2810 1127 2869 duos
1152 2810 1418 2869 indicium
1440 2808 1827 2889 turpitudinis,
1849 2809 1956 2865 nisi
1981 2806 2133 2883 quod

90 2905 302 2962 minus
337 2903 434 2953 est
464 2911 710 2953 summas
729 2900 933 2953 -rerum
956 2904 1193 2952 naturae
1221 2908 1368 2971 opes
1398 2908 1564 2971 quam
1588 2893 1875 2950 hominum
1908 2890 2130 2965 linguas

93 2996 396 3046 cenasse.

238 3064 356 3125 52.
400 3061 567 3139 (73.)
618 3059 926 3121 Generatio
973 3062 1158 3120 avium
1208 3061 1455 3138 simplex
1511 3059 1737 3118 videtur
1768 3072 1935 3130 esse,
1972 3066 2216 3119 cum143

38 3162 162 3214 :set
217 3153 367 3227 ipsa
417 3145 626 3203 habeat
677 3162 777 3204 sua
823 3144 1130 3217 miracula,
1188 3146 1452 3221 quoniam
1501 3153 1557 3202 et
1600 3141 1988 3219 quadripedes
2024 3159 2131 3200 ova

92 3237 392 3314 gignunt,
421 3228 911 3303 chamaeleontes,
940 3229 1197 3287 lacertae
1224 3237 1281 3285 et
1303 3245 1450 3304 quae
1473 3227 1714 3286 diximus
1738 3226 1887 3284 inter
1908 3224 2214 3304 aqua-253}

91 3322 268 3382 tilia.
301 3313 459 3373 ‘item
485 3321 810 3389 serpentes.
861 3315 1222 3390 pinnatorum
1255 3319 1441 3369 autem
1478 3309 1779 3369 infecunda
1819 3318 1946 3367 sunt
1983 3324 2128 3387 quae

91 3405 390 3465 aduncos
426 3394 636 3471 habent
670 3390 892 3471 unguis.
952 3395 1216 3454 cenchris
1249 3393 1375 3452 sola
1408 3410 1482 3452 ex
1527 3394 1614 3453 his
1649 3410 1822 3472 supra
1854 3403 2129 3471 quaterna

188 3503 352 3544 pun.
387 3500 512 3537 NAT.
541 3500 678 3537 ntsr.
713 3483 773 3536 II.
1734 3478 1809 3537 10

2198 3526 2270 3610 A
