2320 3650
638 105 799 158 NAT.
836 104 1018 152 ms'r
1050 90 1598 175 X1.37.(55-62.)
2008 96 2128 157 185

112 258 531 338 serpentibus,
574 258 838 356 piscibus
870 258 1151 320 foramina
1196 243 1408 321 tantum
1440 262 1523 322 ad
1568 262 1818 322 olfactus
1865 265 1990 323 sine
2031 283 2130 325 na-

109 345 300 418 ribus,
326 351 388 403 et
410 342 544 402 binc
569 344 913 419 cognomina
936 345 1258 420 Simorum,
1295 344 1573 405 Silonum.
1626 338 1907 424 Septum'o
1930 366 2133 409 mense

109 429 330 508 genitis
361 443 787 505 saepenumero
823 426 1102 488 foramina
1132 430 1351 489 aurium
1385 438 1443 489 et
1475 432 1692 491 narium
1723 431 1989 493 defuere.

244 513 382 590 (60.
389 513 419 589 )
449 510 656 584 Labra,
681 529 713 570 a
739 511 946 588 quibus
969 510 1244 588 Brocchi,
1271 512 1576 574 Labeones
1601 515 1761 590 dicti,
1784 524 1844 574 ct
1868 533 1936 574 os
1956 527 2219 595 pro-159

53 598 248 660 sbum
277 596 554 656 duriusve
595 594 807 654 animal
842 596 1278 672 generantibus.
1351 615 1459 676 pro
1502 598 1573 657 iis
1616 615 1830 659 cornea
1863 609 1922 659 et
1965 611 2133 661 acuta

106 679 457 744 volucribus
483 687 693 739 rostra.
769 679 975 740 eadem
1020 690 1191 757 rapto
1232 682 1556 742 viventibus
1585 682 1839 759 adunca,
1875 684 2132 745 collecto

104 775 315 839 recta,
348 763 561 823 herbas
587 763 886 823 ruentibus
924 764 1237 843 limumque
1277 766 1424 843 lata,
1457 774 1517 825 ut
1562 784 1724 826 suum
1760 770 1982 844 generi.
2041 768 2131 828 lu-

106 849 324 910 mentis
356 849 488 907 vice
510 865 709 908 manus
733 847 806 906 ad
836 847 1169 924 colligenda
1195 849 1407 928 pabula
1432 867 1556 924 ora,
1589 853 1886 929 apertiora
1918 852 2131 912 laniatu

107 932 464 996 viventibus.
533 930 782 992 Mestum
811 931 952 991 nulli
987 942 1227 1010 praeter
1252 933 1572 1010 hominem,
1604 953 1715 993 nec
1742 936 1949 995 malae.
2010 935 2129 995 Ma-

50 1038 90 1077 ιο
109 1018 294 1079 xillus
328 1015 662 1084 crocodilus
688 1023 903 1075 tantum
933 1018 1272 1094 superiores
1303 1028 1501 1080 movet
1504 1011 1869 1093 {terrestres
1902 1020 2129 1098 quadri·

106 1103 303 1183 pedes
341 1100 550 1161 eodem
582 1115 699 1177 quo
732 1109 933 1159 cetera
966 1117 1129 1159 more
1168 1108 1522 1181 praeterque
1549 1104 1608 1161 in
1640 1102 1957 1203 oboliquom.

241 1185 414 1265 (61.)
459 1184 727 1248 Dentium
757 1185 864 1244 tria
898 1202 1153 1261 genera,
1192 1187 1401 1271 serrati
1430 1196 1527 1246 aut
1568 1189 1822 1247 continui
1863 1198 1960 1248 aut
1992 1207 2091 1249 ex·
2117 1199 2220 1252 160

107 1272 277 1331 serti.
328 1269 539 1346 serrati
569 1268 899 1346 pectinatim
923 1277 1237 1345 coeuntes,
1274 1288 1346 1329 ne
1380 1273 1672 1330 contrario
1704 1289 1955 1331 occursu
1986 1282 2129 1333 atte-

108 1363 347 1427 rantur,
397 1361 458 1413 ut
497 1352 903 1430 serpentibus,
947 1352 1243 1430 piscibus,
1279 1352 1535 1426 canibus.
1615 1357 1901 1431 continui,
1931 1367 1994 1415 ut
2027 1357 2129 1415 ho-

50 1459 88 1500 ιε,
105 1440 290 1512 mini„
317 1454 490 1514 equo.
555 1437 798 1510 exserti,
831 1445 894 1494 ut
915 1454 1089 1514 apro,
1121 1423 1562 1516 hippopotamo,
1598 1438 1931 1517 elephanto.
1972 1458 2128 1499 con·

93 1526 402 1583 stinuorum
457 1521 554 1598 qui
600 1521 866 1596 digerunt
916 1520 1108 1581 cibum
1162 1522 1261 1582 lati
1315 1532 1375 1581 et
1422 1524 1608 1598 acuti,
1666 1525 1763 1600 qui
1819 1524 2131 1583 conficiunt

108 1607 418 1685 duplices,
446 1606 542 1682 qui
572 1604 962 1665 discriminant
985 1623 1090 1665 eos
1122 1607 1308 1666 canini
1331 1606 1717 1685 appellantur.
1772 1608 1828 1666 hi
1854 1618 1983 1667 sunt
2006 1626 2128 1667 scr·
2170 1683 2179 1688 .

107 1693 253 1752 ratis
277 1689 618 1765 longissimi.
673 1690 925 1748 continui
948 1699 1043 1749 aut
1072 1699 1317 1770 utraque
1347 1699 1512 1769 parte
1537 1692 1655 1751 oris
1683 1701 1832 1767 sunt,
1860 1702 1919 1765 ut
1951 1709 2126 1770 equo,

109 1784 212 1837 aut
236 1773 859 1854 supaepioreprimores
882 1791 998 1834 non
1020 1784 1185 1849 sunt,
1232 1784 1292 1835 ut
1314 1774 1500 1835 bubus
1517 1820 1534 1852 ,
1569 1774 1806 1852 ovibus,
1839 1775 2127 1836 omnibus-

50 1882 89 1920 ιο
109 1879 229 1940 que
277 1876 432 1937 quae
489 1858 792 1918 ruminant.
881 1877 1095 1937 caprae
1146 1862 1487 1939 superiores
1538 1879 1654 1921 non
1705 1871 1834 1921 sunt
1893 1870 2131 1940 praeter

108 1946 416 2024 primores*
448 1943 765 2019 geminos.-
805 1943 946 2002 nulli
987 1946 1209 2004 exserti
1239 1945 1446 2023 quibus
1503 1947 1730 2011 serrati.
1797 1963 1931 2006 raro
1965 1946 2128 2005 femi-

106 2047 257 2103 nae,
292 2036 352 2086 et
385 2034 575 2086 tamen
600 2027 726 2085 sine
757 2045 883 2087 usu.
944 2029 1139 2106 itaque
1173 2031 1457 2107 cumapri
1486 2031 1846 2107 percutiant,
1878 2031 2128 2090 feminae

107 2130 252 2172 sues
286 2110 571 2171 mordent.
642 2110 782 2170 nulli
807 2112 899 2170 cui
932 2127 1148 2172 cornua
1175 2114 1418 2188 exserti,
1452 2114 1559 2173 sed
1585 2114 1847 2174 omnibus
1881 2131 2090 2173 conca·
2111 2124 2216 2177 162

106 2198 204 2271 vi,
251 2196 472 2259 ceteris
515 2194 724 2254 dentes
773 2194 966 2256 solidi.
1041 2196 1289 2273 piscium
1328 2195 1593 2256 omnibus
1637 2198 1845 2256 serrati
1892 2206 2130 2275 praeter

52 2297 378 2353 escarum,
420 2279 554 2338 huic
599 2280 695 2337 uni
735 2278 1067 2358 aquatilium
1110 2280 1286 2358 plani.
1357 2289 1562 2338 cetero
1603 2280 1797 2340 multis
1829 2298 2030 2341 eorum
2073 2283 2130 2340 in

105 2365 308 2441 lingua
353 2370 415 2421 et
453 2371 577 2421 toto
617 2378 760 2438 ore,
803 2373 865 2422 ut
902 2362 1069 2423 turba
1105 2363 1409 2423 volnerum
1439 2364 1700 2424 molliant
1742 2382 1894 2443 quac
1935 2368 2129 2424 attritu

105 2447 391 2524 subigere
435 2464 552 2505 non
600 2456 836 2525 queunt.
916 2447 1109 2507 multis
1152 2457 1212 2507 et
1251 2448 1308 2506 in
1352 2446 1583 2524 palat0,
1638 2456 1812 2527 atque
1858 2449 2028 2508 etiam
2072 2451 2133 2509 in

106 2530 316 2592 cauda.
386 2539 703 2609 praeterea
746 2532 824 2591 iu
820 2548 908 2590 os
934 2541 1281 2609 vergentes,
1325 2549 1400 2591 ne
1432 2533 1702 2592 excidant
1732 2532 1879 2608 cibi,
1912 2533 2128 2594 nullum

104 2614 463 2675 habentibus
489 2615 775 2677 retinendi
797 2615 1224 2675 adminiculum.

52 2717 85 2756 ;ο
231 2697 404 2778 (62.)
453 2699 683 2758 Similes
711 2699 897 2778 aspidi
939 2710 997 2759 et
1038 2700 1438 2779 serpentibus,
1470 2701 1575 2760 sed
1619 2702 1731 2761 duo
1777 2701 1835 2759 in
1878 2718 2091 2778 supera
2108 2711 2212 2765 163

101 2792 309 2862 parte,
369 2783 572 2842 dextra
626 2783 936 2862 laevaque
957 2784 1309 2861 longissimi,
1362 2786 1519 2845 tenui
1566 2784 1764 2844 fistula
1818 2784 2125 2862 perforati,

101 2876 164 2926 ut
192 2868 575 2945 scorpionum
608 2867 831 2942 aculei,
876 2886 1162 2928 venenum
1210 2868 1593 2929 infundentes.
1663 2885 1778 2927 non
1823 2867 1979 2927 aliud
2012 2868 2128 2928 hoc

101 2968 243 3010 esse
278 2967 450 3028 quam
479 2950 560 3010 fel
586 2952 974 3029 serpentium,
1009 2962 1069 3011 et
1093 2953 1228 3012 inde
1258 2970 1439 3012 venas
1462 2951 1570 3012 sub
1600 2954 1765 3031 spina
1792 2952 1866 3011 ad
1897 2968 1965 3010 os
1989 2970 2124 3031 per-

99 3053 311 3094 vemre
365 3034 790 3134 diligentissimi
843 3044 1113 3095 auctores
1148 3036 1440 3112 scribunt,
1494 3037 1721 3116 quidam
1760 3054 1932 3096 unum
1987 3055 2124 3097 esse

55 3136 82 3176 5
102 3136 239 3178 eum
269 3128 363 3193 et,
394 3118 530 3197 quia
554 3118 628 3178 sit
655 3120 946 3193 aduncus,
978 3121 1337 3198 resupinari,
1372 3138 1498 3180 cum
1519 3121 1914 3196 momorderit,
1947 3115 2126 3200 aliqui

100 3212 218 3262 tum
233 3202 539 3263 'decidere
570 3220 702 3262 eum
741 3220 1057 3303 rursusque
1100 3221 1451 3264 recrescere
1481 3204 1713 3264 facilem
1744 3205 2029 3280 decussu,
2066 3215 2126 3265 et

100 3287 229 3346 sine
273 3303 355 3347 eo
385 3303 536 3345 esse·
553 3304 705 3365 quos
733 3288 971 3348 tractari
1003 3305 1328 3347 cernamus.
1392 3289 1719 3366 scorpionis
1751 3290 1971 3349 caudae
2006 3292 2087 3349 in·
2106 3298 2208 3353 164

101 3387 242 3431 esse
286 3388 423 3430 eum
467 3378 527 3429 et
556 3370 857 3450 plerisque
899 3381 1124 3431 ternos.
1181 3371 1418 3450 Viperis
1460 3373 1665 3433 dentes
1702 3376 1939 3452 gingiva
1986 3391 2121 3433 con·
2268 3390 2269 3393 ¹

164 3486 196 3513 κ

2200 3542 2270 3578 Δ
