2320 3650
216 107 338 169 112
851 116 914 165 c,
959 116 1154 166 rum
1198 112 1504 164 suenum

213 273 552 355 speculatus
605 271 786 333 index
829 288 1032 334 morsu
1080 270 1200 330 levi
1263 270 1570 347 significat.
1650 267 1755 330 illa
1817 266 2225 350 somehow

214 358 487 439 quidquid
517 357 751 417 inclusit
781 358 1066 416 exanimat
1096 363 1437 434 partemque
1468 353 1631 413 socio
1661 350 1880 414 tribuit.

129 452 233 508 143
361 442 529 522 (67.)
598 440 727 515 Quo
778 441 961 517 magis
1010 440 1189 500 miror
1242 437 1522 517 quosdam
1576 437 1957 497 existumasse
2013 436 2228 513 aquati·

214 525 365 586 libus
403 526 620 585 nullum
664 526 862 584 inesse
902 541 1152 584 sensum.
1230 522 1391 582 novit
1430 521 1683 600 torpedo
1726 521 1844 580 vim
1895 537 2063 580 suam
2106 520 2232 599 ipsa

213 627 330 670 non
369 620 646 689 torpens,
691 626 984 687 versaque
1025 609 1083 667 in
1129 607 1264 667 limo
1307 624 1373 666 se
1417 605 1675 666 occultat
1705 606 1951 684 piscium
2002 604 2104 683 qui
2146 622 2264 663 nte-s

213 696 337 755 curi
382 701 824 773 supernatantes
864 692 1247 771 obtorpuere·
1271 691 1626 769 conripiens.
1705 689 1874 749 huius
1918 689 2114 750 iecori
2152 697 2231 748 te·
2280 719 2281 732 κ

211 780 430 839 ueritas
483 779 639 839 nulla
695 777 1043 856 praefertur.
1103 779 1250 836 -nec'
1292 776 1479 838 minor
1532 774 1801 836 sollertia
1853 790 2037 836 ranae
2092 771 2281 851 qmeq

214 863 274 921 in
316 863 459 922 mari
512 861 790 941 piscatrix
831 868 1094 919 vocatur.
1172 859 1482 919 eminentia
1532 857 1643 918 sub
1696 856 2232 918 oculis-cornicula

212 945 443 1006 turbato
476 945 611 1005 limo
643 945 894 1020 exserit,
932 942 1354 1004 adsultantibus
1379 942 1678 1021 pisciculis
1718 940 2097 1020 pertrahens,
2141 940 2232 1001 do·
2280 979 2281 1018 3

131 1037 236 1094 144
250 1047 362 1090 nec
405 1038 520 1089 tam
567 1046 754 1108 prope
800 1027 1083 1088 accedant
1120 1036 1185 1086 ut
1223 1027 1472 1088 adsiliat.
1536 1026 1712 1087 simili
1751 1025 1927 1086 modo
1974 1026 2273 1104 squatfuaa

217 1123 276 1173 ct
306 1111 582 1172 rhombus
638 1111 815 1173 abditi
854 1113 1055 1191 pinnas
1108 1120 1376 1172 exsertas
1406 1119 1641 1172 movent
1690 1111 1899 1189 specie
1953 1111 2231 1171 vermicu·

216 1197 435 1273 lorum,
474 1197 726 1275 itemque
772 1214 922 1274 quae
970 1204 1253 1255 vocantur
1296 1195 1475 1258 raiae.
1542 1211 1671 1255 nam
1714 1194 2025 1271 pastinaca
2067 1193 2231 1260 latro·

217 1282 440 1340 cinatnr
487 1299 564 1341 ex
608 1280 843 1340 occulto
903 1281 1258 1341 transeuntis
1300 1278 1506 1354 radio,
1577 1277 1732 1356 quod
1790 1277 1978 1338 telum
2031 1288 2126 1338 est
2163 1280 2231 1353 ei,

215 1364 425 1441 figens.
488 1373 823 1441 argumenta
857 1363 1157 1424 sollertiae
1203 1362 1402 1437 huius,
1444 1361 1601 1441 quod
1637 1362 1952 1424 tardissimi
1999 1363 2233 1441 piscium

214 1447 275 1508 hi
316 1448 588 1526 mugilem
627 1449 1060 1509 velocissimum
1107 1448 1356 1510 omnium
1395 1446 1679 1508 habentes
1718 1448 1784 1510 ,in
1813 1455 2029 1507 ventre
2071 1465 2276 1526 repe-u

215 1534 455 1592 riuntur.
915 1567 918 1570 -

133 1624 235 1679 145
351 1616 453 1678 43.
502 1616 945 1695 scolopendrae
987 1613 1366 1680 terrestribus
1410 1614 1628 1675 similes
1643 1651 1670 1689 ‚³
1699 1631 1846 1691 quas
1895 1614 2230 1695 centipedes
2280 1633 2281 1692 ῖ

215 1709 458 1775 vocant,
492 1700 661 1761 hamo
695 1699 977 1761 devorato
1009 1701 1199 1758 omnia
1228 1700 1527 1760 interanea
1569 1707 1877 1775 evomunt,
1911 1697 2111 1762 donec
2134 1699 2228 1772 h·

214 1800 367 1845 mum
402 1792 675 1861 egerant,
719 1783 930 1847 deinde
960 1782 1308 1845 resorbent„
1354 1792 1411 1844 at
1437 1782 1653 1862 volpes
1681 1784 1941 1845 marinae
1985 1782 2231 1845 simili-in
2280 1785 2282 1829 ἱ

220 1869 488 1945 periculo
520 1868 767 1944 glutiunt
798 1868 1042 1947 amplius
1074 1885 1260 1947 usque
1296 1868 1370 1929 ad
1399 1868 1631 1929 infirma
1667 1868 1843 1938 liniae
1877 1887 2036 1947 quae
2065 1868 2278 1930 facilen

218 1951 589 2029 praerodant.
637 1953 862 2012 cautius
885 1953 982 2031 qui
1005 1952 1195 2029 glanis
1216 1961 1461 2014 vocatur
1482 1969 1728 2013 aversos
1749 1953 1988 2013 mordet
2017 1953 2226 2028 hamos,

214 2052 328 2094 nec
359 2035 603 2096 devorat
628 2036 733 2096 sed
772 2030 920 2097 esca
941 2035 1178 2114 spoliat.
1282 2059 1292 2069 ·
1606 2072 1611 2077 ·
2090 2089 2119 2109 ,

341 2121 444 2180 44.
492 2118 799 2180 Grassatur
827 2122 979 2180 aries
1014 2129 1073 2179 ut
1102 2120 1286 2197 latro,
1335 2129 1394 2180 et
1422 2120 1989 2198 nuncgrandior'um
2019 2123 2227 2183 navium
2280 2168 2281 2199 ἦ

217 2203 274 2262 in
305 2204 433 2264 salo
464 2204 731 2264 stantium
763 2205 1089 2264 occultatus
1134 2203 1335 2264 umbra
1365 2206 1416 2263 si
1446 2223 1629 2283 quem«
1649 2204 1822 2266 nandi
1853 2206 2133 2286 voluptas
2156 2206 2223 2267 in·

214 2289 360 2347 vitet
399 2296 739 2366 exspectat,
786 2307 937 2348 nunc
968 2287 1134 2348 clato
1181 2298 1348 2349 extra
1395 2306 1609 2369 aquarnx
1632 2289 1848 2367 ,capite
1897 2291 2282 2369 piscantia-us

219 2370 457 2445 cymbas
497 2372 832 2451 speculatur
863 2371 1247 2450 occultusque
1282 2372 1556 2434 adnatans
1586 2374 1818 2450 mergit.
2080 2416 2087 2423 .

133 2462 236 2518 146
352 2456 455 2515 45.
504 2454 674 2535 (68.)
720 2455 1014 2535 Equidem,
1044 2465 1104 2515 et
1142 2455 1234 2517 his
1275 2458 1474 2517 inesse
1515 2475 1750 2519 sensum
1791 2457 2052 2521 arbitror
2092 2476 2226 2539 que

215 2556 408 2616 neque
457 2540 788 2601 animalium⁴
830 2558 1024 2620 neque
1075 2540 1346 2604 fruticum
1395 2541 1503 2601 sed
1550 2543 2135 2622 tertiam,quandam
2162 2561 2226 2605 ex

216 2632 466 2702 utroque
513 2633 771 2684 naturam
811 2624 1058 2699 habent,
1107 2626 1304 2685 urticis
1349 2625 1481 2687 dico
1520 2635 1578 2686 et
1623 2629 1935 2705 spongeis.
2004 2627 2221 2689 {Ji-time

215 2716 391 2767 noctu
420 2716 700 2786 vagantur
720 2717 1269 2785 noctuque-mutant.
1331 2728 1612 2779 carnosae
1636 2710 1864 2773 frondis
1892 2710 1987 2773 his
2018 2720 2282 2799 mlta-lq

216 2801 276 2852 et
309 2808 486 2851 carne
516 2802 848 2853 vescuntur.
911 2793 1001 2852 vis
1037 2794 1264 2872 pruritu
1293 2794 1535 2856 mordax
1563 2795 1905 2875 eademque-
1935 2814 2090 2876 quae
2122 2804 2219 2869 tet·

215 2877 420 2935 restris
466 2878 706 2936 urticae.
785 2877 1070 2937 contrahit
1114 2895 1259 2954 ergo
1306 2896 1371 2938 se
1414 2896 1583 2957 quam
1623 2897 1897 2947 maxume
1939 2882 2219 2959 rigente

215 2969 593 3037 praenatante
627 2961 913 3037 pisciculo
947 2961 1214 3025 frondem
1256 2980 1417 3025 suam
1460 2965 1683 3042 spargit
1725 2964 2217 3045 conplectensque

136 3049 235 3104 147
252 3042 514 3104 devorat.
600 3044 746 3104 alias
786 3047 1096 3105 marcentis
1138 3046 1338 3107 similis
1385 3055 1444 3107 et
1483 3049 1684 3108 iactari
1725 3067 1793 3109 se
1836 3067 2020 3127 passa
2062 3049 2216 3121 2153·

219 3125 389 3199 algae
431 3128 591 3201 vice,
647 3138 948 3197 contactos
991 3130 1236 3208 piscium
1271 3132 1598 3212 -attrituque
1650 3142 1859 3211 petrae
1913 3153 2023 3197 sca
2094 3196 2121 3207 γ,

220 3208 495 3280 pruritum
523 3211 755 3271 invadit.
817 3212 1023 3272 eadem
1052 3223 1224 3274 noctu
1258 3217 1521 3293 pectines
1558 3226 1616 3276 et
1648 3216 1896 3278 echinos
1928 3236 2011 3299 pe
2050 3288 2057 3295 ι
2120 3280 2123 3281 γ

223 3303 352 3344 cum
383 3289 675 3352 admoveri
705 3294 816 3354 sibi
847 3314 1070 3356 manum
1105 3300 1312 3374 sentit,
1344 3300 1607 3365 colorem
1635 3309 1819 3363 mutat
1847 3312 1911 3362 et
1944 3299 2206 3379 uouit&-

224 3373 332 3425 tur.
393 3375 543 3461 tacta
573 3378 867 3438 uredinem
896 3381 1093 3458 mittit,
1127 3382 1476 3463 paulumque
1517 3386 1567 3444 si
1597 3385 1701 3445 fuit
1730 3385 2205 3465 iuven-vannat*
