2320 3650
580 142 953 193 NAT.HIS'1·.
988 144 1082 190 xl.
1125 138 1370 194 29—35.
1421 91 1718 212 (35441).
2034 134 2151 194 177

129 304 372 362 citatae
381 298 692 379 provolant
727 295 1058 376 crebroque
1109 298 1368 358 lacerant
1405 300 1664 378 quamvis
1692 300 2153 378 praevelocibus

127 386 377 446 camelis
411 383 708 461 fugientis.
776 391 946 442 tanta
967 384 1285 476 pernicitas
1316 384 1637 461 feritasque
1676 392 1767 443 est
1797 402 1927 444 cum
1957 402 2152 444 amore

128 472 277 530 anri.
1199 490 1205 506 ·

258 552 365 615 32.
408 552 577 630 (37.)
611 549 788 610 Multa
819 559 1009 611 autem
1039 552 1262 611 insecta
1292 559 1357 611 et
1382 551 1553 611 aliter
1581 552 1916 628 naseuntur,
1949 562 2123 632 atque
2136 564 2238 617 112

79 659 103 698 5
125 640 188 697 in
216 638 426 717 primis
457 653 533 695 ex
568 647 734 694 rores
798 632 1019 695 Insidet
1065 635 1160 694 hie
1196 635 1439 714 raphani
1487 635 1634 695 folio
1670 637 1863 715 >primo
1904 655 2049 696 vere
2096 645 2157 697 et

124 723 423 800 spissatus
466 720 597 779 sole
638 720 699 778 in
726 718 1176 799 magnitudinem
1205 720 1323 779 mili
1355 721 1602 796 cogitur.
1661 719 1809 780 inde
1837 722 2153 798 porrigitur

122 805 487 865 vermiculus
517 820 735 884 parvos
774 813 833 863 et
864 803 1053 862 triduo
1087 819 1225 863 mox
1260 820 1460 879 uruca,
1493 820 1642 882 quae
1671 804 1916 863 adiectis
1946 803 2155 864 diebus

121 890 447 963 aller-escit,
478 888 793 963 inmobilis,
826 887 972 946 duro
1003 889 1245 947 cortice.
1282 889 1354 948 ad
1377 896 1591 948 tactum
1618 896 1833 947 tantum
1862 897 2150 965 movetur,

124 985 351 1034 araneo
395 972 636 1032 ader-eta
680 987 849 1049 quam
884 971 1296 1047 chrysallidem
1350 972 1669 1051 appellant.
1725 979 1898 1051 rupto
1944 972 2153 1042 deinde

56 1074 107 1115 10
134 1060 369 1117 cortice
405 1056 566 1116 volat
595 1056 838 1134 papilio.

259 1140 365 1201 33.
397 1139 579 1218 (38.)
645 1140 745 1199 Sic
765 1143 780 1158 '¹
795 1139 1073 1217 quaedam
1118 1158 1193 1199 ex
1230 1140 1396 1200 imbri
1439 1150 1793 1219 generantur
1834 1141 1892 1199 in
1932 1148 2110 1216 terra,
2138 1148 2240 1203 113

124 1226 423 1305 quaedam
458 1232 519 1282 et
548 1224 607 1282 in
637 1223 814 1301 ligno.
867 1242 981 1283 nec
1019 1226 1170 1283 enim
1196 1224 1354 1283 cossi
1384 1233 1599 1285 tantum
1629 1228 1686 1285 in
1718 1243 1814 1301 ec,
1849 1225 1953 1285 sed
1984 1225 2157 1285 etiam

123 1309 334 1372 tahani
380 1326 457 1367 ex
507 1325 584 1367 eo
625 1316 937 1368 naseuntur
976 1317 1038 1367 et
1076 1308 1189 1368 alia
1228 1308 1574 1387 ubieumque
1608 1321 1775 1369 umor
1806 1317 1898 1369 est
1928 1310 2152 1369 nimius.

128 1394 311 1473 (39.)
346 1393 497 1462 sieut
521 1392 986 1453 intra'hominem
1001 1394 1239 1454 taeniae
1285 1393 1569 1451 tricenum
1599 1394 1812 1471 pedum
1842 1392 2153 1470 aliquando

57 1501 105 1542 15
126 1487 191 1539 et
223 1478 475 1557 plurium
522 1476 910 1554 longitudine.-
975 1478 1084 1536 iam
1120 1478 1389 1536 incarne
1423 1477 1670 1537 exanimi
1714 1486 1772 1537 et
1801 1478 2114 1537 viventium
2138 1485 2242 1540 114

125 1580 375 1642 quoque
418 1560 705 1619 hominum
743 1561 998 1639 capillo,
1040 1578 1153 1639 qua
1191 1561 1473 1621 foeditate
1519 1569 1578 1621 et
1606 1561 1773 1622 Sulla
1817 1559 2075 1621 dictator
2095 1569 2155 1622 et

124 1647 382 1706 Alcman
428 1663 503 1703 ex
535 1643 1187 1705 clarissimis‘Graeciae
1227 1646 1421 1724 poetis
1464 1645 1694 1705 obiere.
1760 1645 1875 1705 hoc
1925 1644 2156 1723 quidem

124 1738 191 1791 et
236 1730 366 1789 avis
411 1728 679 1803 infestam
742 1728 1051 1806 phasianas
1104 1747 1252 1792 vero
1309 1731 1597 1789 interemit
1639 1730 1750 1789 nisi
1796 1728 2154 1808 pulver-antis

123 1829 292 1876 sese.
371 1812 528 1873 Pilos
572 1812 903 1873 habentium
945 1815 1167 1874 asinum
1218 1823 1433 1876 tantum
1475 1816 1762 1876 inmunem
1804 1813 1919 1874 hoc
1962 1813 2114 1875 malo
2140 1821 2239 1878 11⁵

51 1899 380 1967 2'0·eredunt
411 1906 481 1957 et-
497 1899 645 1957 ovis.
716 1899 1027 1974 gignuntur
1070 1907 1261 1959 autem
1304 1909 1362 1961 et
1398 1902 1584 1960 vestis
1623 1910 1880 1978 genere,
1925 1899 2153 1978 praeci-r

119 2000 246 2065 pue
296 1983 509 2042 lanicio
568 1983 1038 2061 interemptarum
1085 2002 1116 2043 a
1164 1984 1315 2063 lupis
1363 1987 1575 2045 ovium.
1663 1994 1862 2063 -aquas
1922 2001 2154 2062 quoque
2198 2046 2199 2049 ,

122 2068 411 2149 quasdam
439 2065 646 2144 quihus
680 2066 939 2127 lavemur
961 2067 1280 2145 fertiliores
1313 2071 1438 2128 eius
1467 2070 1707 2146 generis
1737 2068 1972 2127 invenio
2003 2065 2156 2146 apud

121 2161 430 2226 auctorem·
463 2151 686 2229 quippe
713 2169 840 2210 eum
873 2152 1048 2211 etiam
1079 2169 1256 2212 cerae
1281 2153 1488 2213 animal
1511 2154 1568 2213 id
1592 2154 1832 2230 gignant
1856 2151 2012 2231 quod
2037 2153 2152 2211 ani-

119 2236 362 2296 malium
394 2236 698 2294 minumum
740 2236 1116 2294 existimatur.
1170 2235 1314 2296 Alia
1350 2252 1550 2296 rursus
1579 2242 1935 2313 generantur
1963 2236 2150 2295 sordi-

45 2321 244 2381 asbus
285 2338 318 2379 a
348 2318 524 2378 radiis
559 2319 738 2394 solis,
769 2320 1176 2418 posteriorum
1217 2320 1455 2381 lascivia
1502 2328 1731 2379 crurum
1773 2320 2146 2411 petauristae

122 2403 244 2465 alia
280 2404 538 2481 pulvere
553 2403 751 2462 umido
781 2405 838 2462 in
872 2404 1139 2463 cavernis
1169 2404 1479 2463 volucria.

151 2505 164 2513 ·
259 2487 359 2548 34.
397 2486 566 2565 (40.)
625 2486 733 2546 Est
776 2487 984 2547 animal
1034 2488 1294 2547 eiusdem
1323 2488 1635 2566 temporis,
1672 2487 1849 2546 infixo
1882 2505 2113 2567 semper
2137 2498 2238 2553 116

120 2572 394 2649 sanguini
425 2573 619 2648 capite
650 2572 858 2631 vivens
880 2580 1053 2649 atque
1079 2573 1156 2631 ita
1186 2573 1599 2647 intumescens,
1630 2589 1800 2630 unum
1831 2572 2154 2632 animalium

123 2658 224 2718 enti
252 2655 369 2716 eibi
404 2672 523 2715 non
557 2657 638 2714 sit
664 2657 876 2716 exitus,
917 2655 1167 2716 dehiscit
1200 2675 1326 2715 eum
1361 2658 1530 2716 nimia
1563 2657 1854 2731 satietate,
1881 2656 2152 2717 alimento

41 2762 101 2804 eo
126 2742 265 2820 ipso
294 2742 572 2800 moriens.
641 2742 950 2819 numquam
992 2741 1107 2801 hoe
1146 2741 1207 2801 iu
1248 2743 1512 2801 iumentis
1548 2741 1833 2817 gignitur,
1880 2741 1938 2800 in
1966 2740 2154 2799 bubus

118 2826 447 2904 frequens,
494 2822 553 2884 in
586 2825 825 2900 canibus
863 2825 1211 2904 aliquando,
1254 2828 1310 2885 in
1340 2826 1546 2904 quihus
1589 2826 1797 2886 omnia.
1836 2825 1915 2883 *in
1944 2824 2151 2884 ovibus

122 2919 185 2970 et
223 2910 423 2988 capris
467 2909 585 2969 hoc
634 2909 841 2989 solum.
907 2910 1115 2989 Aeque
1162 2912 1305 2971 mira
1351 2912 1644 2988 sanguinis
1691 2918 1751 2969 et
1792 2908 2152 2969 hirundinum

117 2996 178 3053 in
216 2993 470 3074 palustri
521 3011 670 3072 aqua
721 2994 867 3054 sitis.
941 3013 1189 3073 namque
1224 3004 1283 3055 et
1323 2997 1445 3056 ¹‘hae
1490 3004 1615 3055 toto
1663 2994 1854 3072 capite
1899 2993 2149 3053 condun-

117 3088 230 3139 tur.
296 3077 408 3138 Est
437 3077 680 3138 voluere
716 3079 952 3140 canibus
984 3081 1291 3158 peculiare
1312 3098 1482 3140 suum
1509 3079 1752 3154 malum,
1787 3078 1941 3138 auris
1971 3079 2149 3138 maxi·

37 3180 211 3228 asme
246 3164 551 3224 lancinans
589 3180 739 3240 quae
769 3164 1003 3224 defendi
1033 3180 1229 3224 morsu
1264 3180 1379 3224 non
1411 3173 1646 3244 queunt.

247 3248 357 3308 35.
403 3246 572 3345 (41.)
631 3246 792 3308 Idem
838 3248 1028 3327 pulvis
1074 3250 1133 3306 in
1177 3249 1322 3308 lanis
1368 3258 1427 3308 et
1472 3257 1641 3309 veste
1691 3250 1874 3308 tineas
1926 3256 2105 3325 creat,
2134 3255 2233 3309 117

115 3334 448 3412 praecipue
495 3331 544 3391 si
578 3350 824 3393 araneus
870 3351 982 3393 una
1026 3332 1370 3393 includatur.
1453 3334 1572 3395 sitit
1612 3333 1793 3412 enim,
1832 3342 1890 3392 et
1923 3292 2234 3391 omne⁷m¹1⁵

111 3434 391 3503 umorem
449 3415 785 3477 absorbens
830 3417 1151 3478 ariditatem
1212 3416 1464 3497 ampliat.
1550 3417 1665 3480 hoe
1713 3427 1772 3477 et
1815 3418 1873 3478 in
1932 3416 2145 3517 chartis
2282 3474 2283 3479 ,

200 3507 760 3562 PL1N.NAT.msT.H.
1739 3499 1817 3562 12
2166 3536 2284 3616 Δ
