2320 3650
714 124 874 171 NAT.
918 123 1101 172 HIST.
1146 123 1213 170 v.
1257 118 1308 173 9.
1358 111 1663 190 (lo—111.)
1753 176 1756 179 Α
2090 108 2205 170 195

216 275 345 351 dat,
390 274 716 336 umbrarum
755 275 1019 335 defectus
1059 275 1130 334 iis
1177 270 1380 357 die-bus
1424 284 1494 352 et,
1524 274 1671 333 locis
1711 274 1834 334 sine
1875 274 1987 335 fine
2019 278 2205 337 adest.

214 359 419 438 Incipit
451 376 723 421 crescere
752 359 1094 433 luna-nova,
1139 375 1535 435 quaecumque
1578 366 1712 435 post
1756 358 2060 419 solstitium
2092 370 2203 435 est,

215 444 428 503 sensim
456 441 801 520 modiceque
835 459 1103 501 cancrum
1126 441 1271 501 -sole
1311 446 1675 515 transeunte,
1722 440 2204 502 abundantissime

216 535 404 585 autem
447 525 710 600 leonem,
756 533 816 584 et
847 525 1047 584 residit
1085 525 1143 583 in
1189 525 1413 600 virgine
1454 524 1658 585 iisdem
1702 523 1907 602 quibus
1949 527 2208 585 accrevit

171 609 418 686 sinodis.
477 609 534 667 in
563 617 742 668 totum
774 617 963 668 autem
990 616 1300 667 revocatur
1326 608 1472 666 inti-a
1505 608 1664 686 ripas
1698 609 1754 665 in
1784 606 1960 682 libra,
2003 618 2063 667 ut
2093 618 2204 669 tra·

212 691 293 753 dit
319 691 673 766 Herod-otuS,
708 692 1022 751 centesimo
1055 692 1169 750 die.
1253 708 1380 750 cum
1415 692 1661 766 crescit,
1702 708 1880 766 reges
1911 700 2007 750 aut
2029 709 2204 769 >prae-

211 775 406 835 fectos
444 774 725 851 navigare
761 792 833 834 eo
874 774 1039 834 nefas
1061 773 1381 834 iudicatum
1415 782 1521 833 est.
1612 782 1811 833 auctus
1849 791 1957 851 per
1996 783 2206 853 puteos

209 874 515 918 mensurae
547 859 699 919 notis
731 857 1254 936 deprehenduntur.
1319 859 1527 916 iustum
1554 858 1964 917 incrementum
1994 867 2083 917 est
2106 875 2200 917 cu·
2220 863 2290 918 58

212 941 459 1001 bitorum
492 940 645 1002 XVI.
719 942 973 1000 minores
1015 959 1199 1018 aquae
1250 957 1367 999 non
1407 942 1591 1000 omnia
1631 942 1846 1017 rigant,
1890 941 2207 1019 ampliores

142 1038 197 1080 ιο
217 1018 474 1085 detinent
503 1023 716 1084 tardius
750 1024 1110 1084 recedendo.
1189 1021 1298 1083 hae
1338 1025 1568 1085 serendi
1611 1033 1873 1102 tempora
1906 1023 2209 1083 absumunt

213 1107 342 1167 solo
371 1108 670 1181 madente,
704 1104 839 1168 illae
867 1125 982 1167 non
1011 1107 1145 1167 dant
1174 1108 1423 1167 sitiente.
1482 1115 1782 1185 utrumque
1812 1117 2041 1195 reputat
2069 1125 2205 1186 pro·

211 1191 417 1250 vincia.
440 1192 534 1253 in
563 1151 685 1249 XII
709 1190 912 1251 cubitis
945 1190 1152 1250 famem
1187 1192 1388 1266 sentit,
1421 1191 1479 1248 in
1508 1188 1643 1249 XIII
1674 1190 1974 1251 etiamnum
2005 1191 2206 1267 esurit,

210 1270 374 1333 XIIII
401 1270 592 1336 cubita
622 1273 964 1334 hilaritatem
997 1274 1285 1349 adferunt,
1318 1272 1427 1332 XV
1455 1275 1855 1349 securitatem,
1898 1273 2034 1334 XVI
2063 1275 2207 1334 deli-

214 1357 354 1417 cias.
434 1375 762 1417 ,maxumum
813 1358 1227 1418 incrementum
1269 1356 1340 1416 ad
1380 1355 1495 1415 hoc
1542 1357 1671 1416 aevi
1725 1356 1830 1415 fuit
1886 1357 2207 1416 cubitorum

142 1453 194 1496 ιε
211 1438 400 1500 XVIII
428 1437 667 1503 Claudio
697 1440 994 1520 principe,
1029 1441 1332 1500 minumum
1360 1438 1415 1497 V
1442 1438 1774 1501 Pharsalico
1808 1437 1992 1515 bello,
2028 1441 2206 1500 veluti

209 1540 414 1582 necem
448 1523 641 1600 Magni
674 1525 942 1602 prodigio
974 1524 1220 1601 quodam
1250 1523 1478 1583 flumine
1514 1530 1837 1583 aversante.
1932 1541 2058 1582 cum
2090 1534 2205 1584 ste-

208 1614 343 1665 tere
369 1624 586 1685 aqnae,
621 1608 839 1684 apertis
867 1606 1112 1666 molibus
1135 1606 1516 1667 admittuntur.
1577 1614 1640 1664 ut
1660 1623 1929 1684 quaeque
1959 1606 2207 1666 liberata

211 1696 483 1750 est=terra
503 1733 520 1764 ,
565 1692 792 1750 seritur.
872 1688 1032 1749 Idem
1063 1691 1242 1753 amnis
1273 1707 1415 1749 unus
1453 1690 1698 1748 omnium
1729 1689 1913 1749 nullas
1945 1693 2205 1768 exspirat

211 1790 398 1834 auras.
475 1772 735 1833 Dicionis
781 1772 1111 1852 Aegyptiae
1169 1791 1303 1834 esse
1360 1775 1559 1853 incipit
1621 1791 1654 1833 a
1700 1774 1812 1833 fine
1854 1773 2203 1854 Aethiopiae
2221 1780 2291 1835 59

137 1857 427 1931 ²⁰Syene.
486 1858 563 1916 ita
605 1866 850 1917 vocatur
876 1858 1180 1936 peninsula
1209 1856 1269 1917 M
1309 1875 1579 1936 passuum
1623 1857 1832 1918 ambitu
1872 1859 1929 1916 in
1961 1877 2073 1937 qua
2110 1877 2204 1919 ca-

211 1948 329 1999 stra
354 1948 480 1999 sunt
502 1940 689 2000 latere
704 1940 962 2001 Arabiae
984 1950 1142 2001 etex
1175 1941 1445 2002 adverso.
1492 1941 1676 2002 insula
1703 1950 1792 2001 est
1805 1941 2002 2001 Philae
2018 1940 2122 2001 DC
2146 1941 2206 2000 Μ
2291 1943 2295 1949 “

211 2037 478 2101 passuum
521 2040 554 2082 a
583 2022 697 2083 Nili
740 2023 977 2099 fissura,
1021 2024 1178 2083 unde
1206 2024 1490 2121 appellari
1532 2025 1772 2084 diximus
1820 2023 2011 2085 Delta.
2084 2019 2210 2085 hoc
2303 2037 2308 2040 ·

209 2107 456 2183 spatium
497 2106 674 2166 edidit
704 2106 1134 2181 ArtemidoruS,
1182 2115 1239 2166 et
1267 2108 1323 2165 in
1355 2124 1428 2165 eo
1458 2105 1599 2168 CCL
1636 2107 1848 2186 oppida
1877 2108 2208 2184 fluisse,1u-

210 2187 285 2249 ba
321 2187 523 2249 CCCC
553 2188 612 2248 M
637 2207 938 2267 passuum,
979 2189 1360 2249 Aristocreon
1393 2189 1475 2253 ab
1509 2190 1898 2268 Elephantide
1946 2191 2019 2250 ad
2052 2209 2211 2250 mare

135 2283 191 2325 25
210 2269 412 2330 DCCL
443 2271 501 2331 M
529 2290 819 2349 passuum.
876 2271 1218 2351 Elephantis
1244 2272 1427 2332 insula
1451 2273 1593 2332 intra
1625 2274 1993 2332 novissimum
2026 2282 2209 2333 catar-

207 2364 407 2413 racten
448 2354 558 2420 1111
604 2354 663 2414 M
710 2374 979 2434 passuum
1025 2364 1083 2415 et
1121 2373 1295 2433 supra
1337 2352 1747 2429 Syenen.XVI
1797 2355 1855 2415 M
1897 2356 2209 2432 habitatur,

209 2437 592 2514 navigationis
615 2438 879 2517 ‘Aegypti
910 2439 1082 2514 finis,
1125 2438 1197 2498 ab
1246 2438 1601 2499 Alexandria
1643 2438 1909 2498 DLXXX
1948 2438 2007 2498 M
2046 2458 2206 2517 pass.

209 2521 274 2580 In
302 2530 513 2586 tantum
546 2539 821 2582 erravere
855 2540 1028 2600 supra
1053 2522 1275 2599 scripti.
1326 2520 1413 2581 Ibi
1447 2521 1838 2600 Aethiopicae
1866 2525 2212 2582 conveniunt

211 2621 412 2667 naves.
438 2673 443 2678 ,
474 2621 722 2683 namque
761 2623 862 2666 eas
911 2606 1186 2683 plicatilis
1214 2605 1427 2670 umeris
1458 2605 1807 2668 transferunt
1839 2607 2106 2683 quotiens
2139 2607 2210 2666 ad

139 2696 193 2737 3⁰
215 2695 563 2749 catarractas
597 2697 828 2749 ventum
862 2698 973 2748 est.
1126 2703 1134 2709 ·

380 2772 550 2852 (11.)
584 2771 896 2850 ⁴Aegyptus
940 2788 1118 2849 super
1148 2781 1403 2832 ceteram
1449 2773 1796 2851 antiquitatis
1828 2771 2071 2849 gloriam
2096 2771 2294 2833 XX60

211 2852 271 2912 M
301 2854 520 2921 urbium
550 2854 660 2914 sibi
685 2855 953 2918 Ammase
983 2864 1267 2932 regnante
1299 2856 1549 2916 habitata
1571 2855 1851 2934 praefert,
1885 2874 2034 2915 nunc
2068 2873 2207 2935 quo-

214 2954 325 3014 que
355 2937 546 2997 multis
582 2938 803 2998 etiamsi
845 2938 1196 3015 ignobilibus
1248 2940 1541 3018 frequens.
1621 2937 1989 2998 celebrantur
2019 2948 2210 2999 tamen

211 3018 534 3097 Apollinis,
576 3038 713 3082 mox
742 3021 1141 3098 Leucotheae,
1175 3023 1478 3100 Diospolis
1515 3039 1740 3099 magna,
1774 3022 1976 3082 eadem
2009 3022 2209 3083 Thebe

138 3116 192 3156 35
211 3111 505 3180 poctarum
552 3114 778 3165 centum
818 3105 1031 3165 nobilis
1073 3107 1253 3182 fama,
1301 3105 1522 3185 Coptos
1567 3105 1887 3166 Indicarum
1927 3087 2207 3166 Arabica-

211 3202 450 3265 rumque
489 3189 765 3247 mercium
804 3187 957 3249 Nilo
980 3206 1318 3267 proxumum
1375 3191 1723 3267 emporium,
1780 3207 1919 3249 mox
1957 3189 2208 3249 Veneris

212 3269 487 3346 oppidum
529 3280 588 3330 et
633 3272 837 3331 iterum
880 3272 1069 3348 Iovis,
1115 3289 1185 3331 ac
1227 3271 1528 3353 Tentyris,
1572 3273 1719 3332 infra
1767 3273 1922 3351 quod
1966 3272 2209 3348 Abydus

211 3350 530 3413 Memnonis
563 3355 730 3430 regia
766 3363 823 3414 et
846 3354 1030 3415 Osiris
1060 3355 1279 3432 templo
1311 3357 1601 3432 inclutum,
1632 3355 1739 3417 VII
1766 3355 1823 3415 M
1854 3356 1907 3415 D
1939 3373 2208 3437 passuum

1755 3440 1880 3500 13*
2111 3483 2112 3488 η

2195 3517 2320 3581 Α
