2320 3650
291 120 413 184 126
974 133 1030 180 c.
1065 133 1253 179 rum
1288 133 1588 180 saeuum

276 291 367 349 los
402 306 472 348 ac
512 289 716 348 volare
761 295 1007 365 cogunt,
1053 291 1204 347 sicut
1237 298 1293 347 et
1337 290 1532 364 corvi,
1567 292 1664 367 qui
1705 299 1764 348 et
1797 289 1910 365 ipsi
1952 304 2072 346 non
2110 302 2249 347 came

273 381 487 432 tantum
521 373 746 432 aluntur
800 373 905 432 sed
948 366 1247 431 robustos
1265 389 1496 452 quoque
1545 373 1698 432 fetus
1743 388 1882 431 suos
1915 371 2121 448 fugant
2158 372 2253 431 lon·

273 457 419 533 gius.
486 459 678 536 itaque
710 460 904 535 parvis
928 459 984 515 in
1016 457 1159 515 vicis
1185 472 1299 515 non
1326 457 1456 534 plus
1487 456 1617 515 bina
1643 457 1911 531 coniugia
1940 465 2097 531 sunt,
2128 457 2253 515 circa

274 540 639 600 Crannonem
685 541 914 618 quidem
954 540 1292 599 Thessaliae
1338 541 1562 616 singula
1601 549 1913 618 perpetuo.
1985 542 2254 615 genitores

189 634 256 686 32
277 624 467 685 suboli
506 626 640 684 loco
674 624 900 683 cedunt.
963 624 1213 683 Diversa
1245 626 1303 682 in
1330 623 1440 683 hac
1474 633 1532 683 et
1563 625 1897 702 supradicta
1930 622 2071 682 alite
2107 627 2286 701 quaed

273 710 421 769 dam.
486 710 648 768 corvi
678 717 809 767 ante
840 708 1150 767 solstitium
1178 716 1493 784 generant,
1529 709 1704 767 iidem
1735 717 2093 784 aegrescunt
2121 726 2256 766 sexa

274 794 440 870 genis
472 791 696 868 diebus,
735 793 826 852 siti
857 809 1141 865 maxume,
1179 801 1482 876 antequam
1514 792 1609 851 fici
1640 790 1966 869 coquantur
1999 801 2254 850 autumno

277 877 478 935 cornix
512 876 582 935 ab
616 893 690 935 eo
723 885 985 953 tempore
1031 877 1349 953 conripitur
1381 875 1605 934 morbo.
1679 873 1859 935 Corvi
1900 877 2131 953 pariunt
2159 891 2256 934 cum

275 960 594 1040 plurumum
629 961 852 1039 quinos,
931 977 1034 1026 ore
1068 976 1175 1017 eos
1218 977 1428 1038 parere
1460 969 1556 1019 aut
1597 961 1762 1019 coire
1793 959 2255 1036 volgus-arbitra·

274 1053 397 1118 tur,
444 1044 694 1121 ideoque
735 1043 1036 1119 gravidas,
1099 1046 1147 1102 si
1197 1045 1423 1118 ederint
1467 1045 1766 1103 corvinum
1811 1060 2024 1118 ovom‚
2066 1059 2173 1121 per
2206 1051 2286 1108 on

270 1136 496 1205 partum
540 1127 792 1186 reddere
817 1172 833 1202 ‚
877 1135 1050 1206 atque
1092 1129 1149 1185 in
1185 1136 1364 1186 totum
1407 1127 1721 1187 difficulter
1762 1145 2012 1206 parere,
2046 1129 2095 1186 si
2134 1137 2261 1186 tecto

275 1211 641 1270 inferantur.·
676 1210 1032 1270 Aristoteles
1062 1221 1270 1289 negat,
1302 1229 1449 1286 non,
1484 1211 1777 1285 Hercule,
1807 1213 1997 1288 magis
2030 1227 2190 1289 quam
2220 1213 2263 1268 in

275 1294 549 1373 Aegypto
581 1294 738 1370 ibim,
770 1295 875 1354 sed
906 1295 1062 1355 illam
1095 1295 1595 1355 exosculationem
1628 1313 1779 1373 quae
1816 1314 2005 1373 saepe
2041 1297 2264 1355 cernitur

190 1389 260 1442 33
282 1379 510 1457 qualem
542 1381 599 1437 in
629 1379 908 1438 columbis
946 1396 1099 1438 esse.
1165 1377 1341 1439 Corvi
1372 1381 1429 1438 in
1460 1381 1733 1457 auspiciis
1772 1381 1885 1439 soli
1914 1380 2182 1439 videntur
2202 1380 2263 1435 in·

275 1464 572 1523 tellectum
624 1462 843 1522 habere
897 1464 1376 1540 significationum
1435 1469 1682 1542 suarum.
1769 1481 1898 1523 nam
1932 1479 2093 1523 ‘cum
2136 1461 2286 1520 nean

273 1547 537 1625 hospites
573 1547 753 1606 occisi
788 1556 947 1622 sunt,
983 1564 1183 1606 omnes
1217 1542 1251 1606 ‘e
1287 1548 1698 1625 Peloponneso
1734 1555 1795 1605 et
1831 1547 2024 1607 Attica
2052 1548 2285 1630 regione¹

233 1635 245 1656 ‘
277 1632 638 1690 volaverunt.
704 1647 974 1709 pessuma
1008 1648 1206 1690 eorum
1235 1632 1605 1708 significatio,
1647 1649 1777 1690 cum
1807 1632 2062 1709 glutiunt
2087 1647 2269 1689 vocem

274 1715 433 1774 velut
469 1716 823 1791 strangulati.
2284 1727 2285 1778 ξ

176 1808 259 1862 ’34
411 1797 577 1879 (16.)
622 1797 818 1858 chos
849 1800 1053 1876 unguis
1080 1808 1138 1859 et
1159 1808 1476 1859 noeturnae
1500 1817 1639 1859 aves
1669 1798 1907 1874 habent,
1935 1807 2000 1858 ut
2025 1806 2285 1871 noema

274 1881 465 1956 bubo,
504 1882 714 1942 ululae.
790 1885 1033 1943 omnium
1070 1884 1272 1943 horum
1307 1884 1554 1956 hebetes
1596 1883 1844 1942 interdiu
1895 1885 2072 1943 oculi.
2139 1880 2286 1944 bubni

274 1965 533 2024 funebris
580 1976 639 2024 et
672 1984 935 2035 maxume
981 1968 1337 2027 abominatus
1380 1968 1633 2045 publicis
1662 1964 1991 2045 praecipue
2020 1967 2285 2045 auspiciis*

278 2050 508 2109 deserta
539 2051 769 2127 incolit,
803 2070 914 2110 nec
952 2060 1166 2112 tantum
1206 2051 1470 2111 desolata
1512 2052 1619 2111 sed
1656 2052 1783 2110 dira
1821 2053 1999 2110 etiam
2041 2058 2101 2110 et
2132 2052 2285 2109 inae·

277 2152 468 2210 cessa,
502 2137 689 2195 noctis
720 2145 1054 2211 monstrum,
1085 2153 1198 2195 nec
1234 2146 1399 2195 cantu
1430 2136 1634 2235 aliquo
1653 2134 1887 2194 vocalis
1915 2136 2029 2194 sed
2056 2136 2265 2211 genitu.

191 2230 261 2282 35
289 2221 482 2297 itaque
530 2220 585 2278 in
624 2219 864 2279 urbibus
905 2228 1000 2279 aut
1042 2221 1272 2279 omnino
1317 2222 1375 2278 in
1410 2221 1545 2279 luce·
1575 2220 1734 2277 visus
1776 2220 1961 2279 dirum
2008 2212 2285 2279 omnum

179 2310 190 2320 '
278 2312 385 2362 est.
444 2304 797 2380 privatorum
819 2303 1084 2363 domibus
1105 2305 1449 2364 insidentem
1471 2303 1793 2382 plurumum
1817 2304 1945 2363 scio
1972 2320 2092 2361 non
2113 2284 2286 2381 ἠίθεοι

275 2387 539 2446 feralem.
594 2388 761 2447 volat
805 2404 1107 2465 numquam
1151 2404 1266 2466 quo
1313 2387 1509 2461 libuit
1553 2387 1659 2446 sed
1691 2395 2073 2446 transversus
2088 2385 2271 2444 auter-

276 2479 386 2529 tur.
451 2468 703 2550 Capitoli
743 2471 951 2532 cellam
992 2473 1178 2548 ipsam
1218 2473 1446 2530 intravit
1488 2472 1625 2530 Sex.
1676 2470 1957 2548 Palpelio
1991 2468 2191 2529 nistre
2218 2465 2285 2525 1..

278 2555 531 2614 Pedanio
581 2572 735 2614 coss.
756 2601 774 2631 ,
808 2564 1050 2634 propter
1094 2557 1250 2634 quod
1291 2556 1456 2615 nonis
1496 2553 1715 2614 Martiis
1751 2553 1894 2614 urbs
1926 2553 2193 2613 lustrata·
2200 2554 2285 2610 etv

279 2657 351 2698 eo
391 2655 558 2698 anno.

191 2733 260 2801 36
371 2724 468 2784 13.
520 2723 687 2802 (17.)
730 2723 1095 2815 Inauspicata
1128 2732 1219 2782 est
1256 2733 1317 2782 et
1346 2722 1697 2805 incendiaria
1728 2723 1878 2796 avis,
1912 2738 2090 2800 qnam
2118 2720 2286 2820 prop-⁴

275 2818 367 2868 ter
411 2820 831 2885 saepenumero
855 2806 1174 2867 lustratam
1229 2808 1428 2866 urbem
1478 2809 1559 2865 iu
1590 2792 1894 2866 annalibus
1946 2805 2285 2874 iuvenum.

278 2894 426 2951 sicut
460 2889 520 2950 L.
558 2890 764 2951 Cassio
800 2890 865 2950 C.
905 2889 1088 2952 Mario
1134 2908 1289 2950 coss.
1309 2902 1476 2972 quo
1507 2904 1655 2950 anno
1688 2898 1748 2949 et
1764 2889 2015 2948 bubone
2050 2892 2180 2948 viso
2202 2887 2276 2946 h·

279 2986 456 3037 strata
490 2985 598 3036 est.
667 2975 830 3049 Quae
864 2977 937 3034 sit
964 2977 1087 3036 avis
1120 2993 1190 3035 ea
1220 2993 1334 3035 nec
1365 2976 1683 3054 reperitur
1680 2990 1806 3034 nec
1830 2973 2099 3033 traditur.
2170 2969 2274 3049 qui-
2284 3024 2285 3029 ,

280 3060 407 3119 dam
455 3061 532 3120 ita
577 3060 1055 3137 interpretantur,
1105 3061 1514 3120 incendiariam
1558 3068 1694 3118 esse
1740 3072 2151 3138 quaefflunque
2182 3052 2285 3115 ab}

281 3145 539 3217 paruerit
576 3143 884 3204 carbonem
916 3144 1115 3203 ferens
1150 3162 1226 3202 ex
1261 3147 1376 3203 aris
1402 3144 1501 3203 vel·
1530 3142 1828 3204 altaribus.
1898 3141 2001 3201 alti
2047 3140 2286 3232 πρυ-4

280 3225 467 3282 nicem
498 3240 624 3286 eam
669 3236 915 3302 vocant,
962 3228 1068 3288 sed
1099 3228 1248 3287 haec
1285 3229 1412 3306 ipsa
1456 3244 1606 3305 quae
1649 3230 1813 3287 esset
1844 3227 2000 3286 iuter
2042 3220 2271 3300 avt-qui

202 3309 267 3363 37
291 3321 354 3360 se
403 3308 555 3364 scire
599 3310 823 3370 diceret
867 3329 981 3370 nou
1027 3313 1237 3371 inveni.
1317 3313 1410 3371 14.
1461 3309 1717 3370 Cliviam
1744 3306 1983 3390 quoque
2021 3301 2285 3385 avendi}

285 3386 527 3471 antiquis
550 3395 888 3452 nominatam
914 3396 1304 3507 animadverto
1330 3391 1602 3470 ignorari.
1647 3395 1875 3472 quidam
1898 3391 2285 3455 clamatoriam*
