2320 3650
609 87 770 141 mr.
812 88 995 137 msr.
1036 87 1102 136 v,
1147 83 1387 140 27—29.
1434 74 1739 155 (ae—29.)
2041 75 2162 138 205

170 239 330 304 Lxx
366 239 650 320 quondam
693 239 904 318 oppida
947 238 1180 315 habuit,
1223 257 1372 299 nunc
1408 239 1654 300 XXXVI
1693 241 1888 302 habet.
1970 259 2045 301 ex
2073 242 2164 302 his

174 324 556 387 celeberrima
584 332 819 402 praeter
846 340 1020 400 supra
1051 323 1201 382 dicta
1232 321 1450 399 Canas,
1495 322 1802 399 Candyba,
1840 323 1936 382 ubi
1971 323 2165 387 lauda-

174 417 273 468 tur
320 405 560 466 Oeninm
609 424 845 481 nemus,
910 405 1183 481 Podalia,-
1236 404 1452 466 Choma
1499 406 1857 484 praefluente
1904 406 2163 482 Aedesa,

177 490 471 566 Cyaneae,
502 489 872 564 Ascandalis,
911 488 1172 564 Amelas,
1202 487 1588 567 Noscopium,
1620 488 1793 565 Tlos,
1822 488 2162 551 Telandrus.

129 594 155 634 5
179 573 599 652 conprehendit
655 572 1092 632 mediterraneis
1147 581 1207 631 et
1249 570 1580 648 Cabaliam,
1622 574 1783 632 cuius
1823 581 1945 633 tres
1986 572 2166 633 urbes

177 655 532 754 Oenianda,
548 654 829 731 Balbura,
875 653 1097 714 Bubon.
1200 653 1255 714 A
1294 654 1568 715 Telmeso
1615 654 1930 715 Asiaticum
1972 673 2130 716 mare
2146 668 2247 720 102

174 740 301 800 sive
338 738 703 816 Carpathium
735 747 793 798 et
824 756 974 817 quae
1002 739 1242 816 proprie
1270 748 1513 799 vocatur
1540 737 1701 799 Asia.
1773 737 1838 798 Ιιι
1867 739 2011 799 duas
2039 756 2166 799 eam

176 832 377 902 partes
406 821 669 900 Agrippa
709 822 918 884 divisit.
994 838 1162 880 uuam
1197 820 1431 881 inclusit
1461 821 1535 881 ab
1576 824 1799 882 oriente
1826 821 2075 898 Phrygia
2106 831 2166 881 et

175 905 486 981 Lycaonia,
519 904 590 964 ab
631 904 935 965 occidente
965 903 1209 981 Aegaeo
1244 905 1417 980 mari,
1450 922 1484 964 a
1511 905 1750 965 meridie
1782 903 2098 984 AegyptiO,
2125 923 2162 964 a

110 1008 161 1051 10
180 989 576 1067 septentrione
605 986 1012 1065 Paphlagonia.
1080 988 1247 1046 huius
1288 986 1697 1064 longitudinem
1724 986 2080 1049 CCCCLXX
2108 987 2166 1049 Μ

179 1089 480 1152 passuum,
524 1070 874 1130 latitudinem
905 1068 1167 1130 CCCXX
1204 1069 1263 1130 M
1302 1070 1462 1130 fecit.
1543 1071 1779 1131 alteram
1825 1071 2164 1131 determina-

176 1158 260 1215 vit
290 1155 365 1215 ab
405 1156 628 1215 oriente
659 1153 930 1213 Armenia
964 1154 1217 1228 minore,
1269 1152 1341 1214 ab
1387 1154 1693 1215 occidente
1736 1154 2016 1232 Phrygia,
2057 1153 2162 1229 Ly-

179 1240 417 1313 caonia,
456 1236 820 1315 Pamphylia,
854 1255 887 1297 a
916 1237 1312 1314 septentrione
1344 1238 1644 1313 provincia
1669 1237 1903 1311 Pontica
1922 1282 1940 1313 ,
1984 1255 2017 1296 a
2046 1256 2163 1297 me-

178 1321 323 1381 ridie
365 1323 523 1380 mari
547 1319 916 1399 Pamphylio,
963 1319 1195 1399 longam
1236 1317 1499 1381 DLXXV
1539 1319 1600 1381 Μ
1642 1337 1950 1400 passuum,
1994 1320 2164 1382 latam

110 1424 158 1465 ιε
180 1402 493 1465 CCCXXV
521 1403 629 1463 Μ.

349 1488 516 1566 (29.)
556 1486 620 1546 Ιιι
649 1502 927 1566 proxuma
957 1503 1060 1547 ora
1092 1483 1260 1546 Caria
1291 1495 1413 1561 est,
1444 1503 1590 1546 mox
1608 1485 1800 1561 Ionia,
1829 1486 1977 1547 ultra
2008 1503 2131 1547 eam
2147 1496 2249 1551 103

178 1571 405 1632 Aeolis.
469 1569 637 1630 Caria
678 1569 903 1630 mediae
929 1568 1132 1629 Doridi
1176 1569 1673 1645 circumfunditur,
1717 1571 1788 1631 ad
1816 1587 1976 1629 mare
2009 1578 2164 1630 utro-

179 1673 294 1733 que
340 1653 524 1714 latere
573 1652 848 1713 ambiens.
921 1653 979 1712 in
1021 1670 1090 1713 ea
1130 1654 1579 1731 promontorium
1619 1614 1940 1727 Pedalium,
1987 1654 2165 1712 amnis

179 1738 429 1800 Glaucus
466 1736 738 1797 deferens
767 1735 1156 1812 Telmedium,
1207 1738 1421 1815 oppida
1450 1736 1738 1813 Daedala,
1792 1735 1941 1812 Crya
1972 1736 2162 1812 fugiti-

108 1839 401 1897 2ovorum,
432 1820 640 1882 flumen
667 1819 870 1895 Axon,
921 1819 1196 1899 oppidum
1230 1818 1504 1896 Calynda.
1605 1819 1704 1883 28.
1762 1821 1960 1881 Amnis
1985 1819 2163 1881 indus

177 1907 236 1965 in
267 1904 662 1980 Cibyratarum
705 1905 852 1981 iugis
883 1913 1043 1964 ortus
1075 1905 1285 1983 recipit
1315 1903 1415 1964 LX
1446 1905 1720 1983 perennis
1750 1904 1957 1968 fluvios
1979 1948 1997 1980 ,
2045 1914 2161 1965 tor·

175 1989 354 2049 tentis
380 2005 524 2047 vero
553 1988 794 2065 amplius
825 1985 891 2048 C.
953 1988 1225 2066 oppidum
1269 1986 1497 2048 Caunos
1532 1987 1796 2064 liberum,
1832 1989 1964 2049 dein
1993 1987 2249 2063 Pyr-104

176 2088 302 2131 nos.
365 2080 565 2151 portus
599 2070 845 2146 Cressa,
879 2088 911 2131 a
946 2087 1060 2149 qno
1093 2070 1330 2131 Rhodus
1366 2071 1549 2131 insula
1576 2069 1686 2131 XX
1714 2070 1790 2130 M.
1852 2072 2020 2131 locus
2052 2070 2158 2130 Lo-

176 2172 365 2231 ryma,
400 2155 613 2234 oppida
645 2153 944 2228 Tisanusa,
978 2153 1276 2229 Paridion,
1312 2152 1611 2230 Larymna,
1644 2155 1800 2213 sinus
1834 2154 2162 2229 Thymnias,

105 2240 628 2317 25promontorium
651 2236 1066 2316 Aphrodisias,
1101 2236 1375 2316 oppidum
1406 2236 1604 2313 Hyda,
1643 2238 1801 2297 sinus
1837 2237 2161 2312 Schoenus,

175 2323 344 2399 regio
387 2320 666 2382 Bubasus.
740 2320 1013 2399 oppidum
1053 2321 1159 2381 fuit
1192 2320 1521 2396 Acanthus,
1561 2319 1675 2381 alio
1718 2322 1945 2381 nomine
1983 2319 2163 2380 Dulo-

175 2405 349 2484 polis.
423 2414 513 2465 est
554 2406 609 2464 in
653 2405 1046 2483 promontorio
1078 2401 1293 2464 Cnidos
1318 2403 1533 2481 libera,
1580 2402 1847 2483 Triopia,
1891 2403 2023 2464 dein
2056 2403 2159 2464 Pe-

174 2505 319 2566 gusa
368 2496 428 2548 et
460 2488 655 2549 Stadia
693 2487 1006 2566 appellata.
1088 2487 1182 2547 Ab
1227 2504 1296 2547 ea
1329 2485 1503 2547 Doris
1542 2487 1757 2566 incipit.
1829 2488 1936 2547 sed
1969 2489 2244 2565 prius105

172 2580 339 2649 terga
363 2580 422 2630 et
450 2572 897 2632 mediterraneas
919 2570 1341 2631 iurisdictiones
1363 2570 1994 2632 indicasse’conveniat.
2038 2569 2162 2630 Una

104 2671 159 2715 so
177 2654 504 2733 appellatur
534 2652 879 2729 Cibyratica.
937 2655 1124 2733 ipsum
1153 2653 1424 2731 oppidum
1455 2653 1739 2730 Phrygiae
1771 2662 1878 2713 est.
1951 2670 2164 2714 conve·

172 2740 345 2797 niunt
359 2753 432 2798 eo
462 2736 625 2796 XXV
661 2738 923 2797 civitates
953 2737 1335 2798 celeberrima
1365 2736 1506 2796 urbe
1539 2735 1845 2797 Laodicea.
1931 2735 2162 2796 29.1n-

174 2821 365 2899 posita
397 2830 488 2881 est
519 2819 676 2919 Lyco
709 2820 949 2895 flumini,
993 2820 1175 2881 latera
1214 2820 1575 2881 adluentibus
1603 2820 1807 2913 Asopo
1856 2828 1913 2879 et
1945 2817 2160 2898 Capro,

173 2903 468 2983 appellata
498 2905 682 2982 primo
716 2902 1050 2981 Diospolis,
1095 2904 1228 2963 dein
1257 2903 1474 2963 Rhoas.
1569 2899 1777 2983 reliqui
1820 2904 1875 2962 in
1922 2920 1994 2962 eo
2027 2917 2161 2963 con·

172 2995 348 3047 ventu
391 3004 538 3065 qnos
576 2988 872 3048 nominare
931 3003 1046 3046 non
1092 2989 1293 3064 pigeat
1340 2986 1707 3062 Hydrelitae,
1776 2986 2160 3062 Thimisones,

101 3089 156 3133 as
174 3068 589 3148 Hierapolitae.
673 3070 842 3130 Alter
894 3079 1210 3129 conventus
1255 3088 1289 3128 a
1328 3070 1598 3145 Synnade
1654 3071 1882 3148 accepit
1932 3087 2157 3131 nomen.

174 3156 520 3214 conveniunt
548 3153 878 3229 Lycaones,
909 3153 1194 3231 Appiani,
1240 3150 1527 3231 Corpeni,
1570 3153 1883 3229 Dorylaei,
1929 3153 2160 3234 Midaei,

172 3234 491 3313 Iulienses,
523 3245 581 3297 et
604 3237 812 3315 reliqui
839 3234 1130 3313 ignobiles
1152 3236 1355 3315 populi
1384 3235 1511 3296 XV.
1564 3236 1793 3299 Tertius
1812 3239 2130 3317 Apameam
2145 3243 2245 3300 106

173 3319 328 3380 vadit
371 3328 503 3380 ante
553 3320 900 3399 appellatam
929 3316 1248 3396 Celaenas,
1300 3320 1430 3382 dein
1474 3318 1740 3381 Ciboton.
1823 3324 1930 3382 sita
1977 3320 2161 3382 estin
2229 3375 2234 3382 ,

2181 3549 2318 3565 *ι
