2320 3650
615 116 1660 201 NA'r.ms'r.xl111.22.(28.29.)
2020 114 2141 177 277

126 293 316 370 ipsum
346 288 454 346 iam
485 287 827 364 principem.
883 303 994 344 nec
1027 285 1140 349 alio
1174 287 1357 362 magis
1387 285 1613 349 Drusus
1640 283 1862 345 Caesar
1891 303 2141 362 regene-

123 392 294 434 rasse
344 378 567 450 patrem
616 369 907 429 Tiberium
958 368 1275 428 ferebatur.
1356 368 1653 447 Torquato
1705 388 1836 430 rara
1889 370 2100 447 gloria,
2129 379 2230 434 146

126 457 356 538 quando
407 464 466 515 et
506 452 661 516 haec
699 471 796 514 ars
836 454 957 512 suis
998 453 1228 530 legibus
1275 462 1535 528 constat,
1580 470 1695 512 nen
1735 454 1969 515 labasse
2018 472 2142 513 ser-

123 559 333 615 mone,
376 554 494 598 non
524 534 780 598 levatum
815 538 1128 597 vomitione
1165 554 1277 597 nec
1311 538 1426 597 alia
1462 540 1728 615 corporis
1766 546 1967 616 parte,
2013 539 2145 598 dum

72 626 390 700 5biberet,
443 623 747 683 matutinas
790 620 989 681 obisse
1033 622 1297 699 vigiliae,
1329 622 1674 707 plurumum
1720 621 1988 682 hausisse
2032 639 2144 681 uno

121 719 305 791 potu,
344 708 666 786 plurumum
696 714 1008 785 praeterea
1042 705 1169 765 aliis
1201 705 1517 765 minoribus
1545 700 1880 781 addidisse,
1915 715 2146 784 optuma

122 795 245 855 fide
277 802 387 852 non
420 793 749 870 respirasse
781 791 838 848 in
864 790 1180 850 hauriendo
1216 809 1406 868 neque
1428 792 1758 868 exspuisse,
1792 790 2050 869 nihilque
2074 789 2147 850 ad

122 877 467 939 elidendum·
503 879 556 935 in
602 874 947 953 pavimentis
978 890 1181 934 sonum
1221 892 1299 933 ex
1328 876 1463 933 vino
1493 873 1838 953 reliquisse,
1882 874 2145 950 diligenti

122 963 277 1023 scito
321 961 514 1037 legum
558 967 760 1018 contra
807 957 1040 1017 bibendi
1085 957 1371 1018 fallacias,
1447 957 1707 1035 Tergilla
1755 957 2104 1019 Ciceronem
2127 965 2231 1021 14⁷

48 1067 98 1107 10
120 1046 205 1107 Μ.
242 1045 305 1103 F.
342 1045 508 1103 binos
543 1043 788 1119 congios
821 1043 985 1102 simul
1017 1042 1249 1101 haurire
1281 1042 1513 1102 solitum
1544 1044 1657 1121 ipsi
1689 1042 1888 1119 obicit,
1919 1042 2147 1102 Marco-

122 1149 244 1210 que
273 1128 579 1207 Agrippae
623 1146 655 1186 a
699 1126 1017 1186 temulento
1054 1126 1335 1225 scyphum
1376 1129 1683 1204 inpactum.
1748 1128 1959 1186 etenim
1998 1127 2149 1186 haec

122 1216 262 1273 sunt
297 1212 593 1272 ebrietatis
625 1228 828 1289 opera.
896 1210 1002 1271 sed
1030 1211 1292 1270 nimirum
1328 1211 1477 1270 hanc
1507 1210 1752 1310 gloriam
1782 1209 2020 1271 auferre
2053 1208 2147 1269 Ci-

124 1315 274 1358 cero
311 1296 493 1355 voluit
535 1294 900 1354 interfectori
932 1295 1114 1372 patris
1145 1296 1233 1353 sui
1263 1293 1337 1353 M.
1373 1293 1645 1354 Antonio.
1706 1297 1757 1354 is
1789 1297 1939 1354 enim
1974 1304 2107 1354 ante
2131 1304 2235 1359 148

125 1399 265 1443 eum
297 1381 627 1440 avidissime
672 1379 1143 1457 adprehenderat
1183 1379 1334 1438 hanc
1365 1379 1610 1457 palmam
1643 1379 1799 1438 edito
1835 1381 2004 1439 etiam
2044 1397 2147 1439 vo-

46 1488 99 1527 15
123 1467 343 1527 lumine
376 1464 448 1523 de
482 1468 583 1523 su'a
615 1463 934 1537 ebrietate,
979 1480 1093 1540 quo
1125 1463 1478 1541 patrocinari
1509 1462 1618 1521 sihi
1650 1478 1824 1522 ausus
1852 1464 2146 1542 adproba-

120 1552 224 1609 vit*
240 1550 445 1627 plane,
489 1548 851 1627 utlequidem
879 1545 1158 1622 arbitror,
1198 1556 1407 1625 quanta
1438 1548 1587 1606 mala
1620 1564 1726 1624 per
1757 1548 2149 1607 temulentiam

122 1645 413 1694 terrarum
459 1632 587 1691 orbi
630 1632 937 1691 intulisset.
1000 1632 1215 1708 exiguo
1245 1640 1514 1708 tempore
1545 1639 1679 1690 ante
1713 1632 2001 1710 proelium
2032 1632 2148 1691 Ac·

118 1720 341 1779 tiacum
361 1717 421 1776 id
438 1717 715 1776 volumen
745 1715 1017 1790 evomuit,
1056 1731 1172 1793 quo
1209 1714 1385 1774 facile
1417 1715 1792 1792 intellegatur
1811 1715 2015 1795 *ebrius
2038 1717 2149 1774 iam

121 1802 410 1879 sanguine
443 1801 651 1861 civium
684 1809 743 1859 et
772 1807 930 1859 tanto
964 1801 1145 1877 magis
1182 1817 1311 1859 eum
1342 1800 1564 1860 sitiens.
1624 1818 1871 1879 namque
1906 1808 1966 1859 et
1996 1799 2146 1861 haec

42 1910 98 1950 20
120 1888 454 1947 necessitas
487 1887 682 1944 vitium
717 1886 1019 1944 comitatur
1046 1895 1106 1944 ut
1139 1884 1375 1944 bibendi
1401 1885 1761 1945 consuetudo
1783 1894 2000 1962 ‘augeat
2028 1887 2148 1945 avi-

120 1974 402 2046 ditatem,
454 1971 776 2048 scitumque
815 1979 905 2028 est
935 1970 1280 2043 Scytharum
1312 1970 1523 2046 legati,
1573 1970 1953 2050 quantoplus
1986 1968 2148 2029 bibe-

119 2055 241 2115 rint
272 2064 430 2114 tanto
462 2055 645 2130 magis
678 2054 842 2122 sitire
872 2052 1137 2112 Parthos.

257 2138 424 2218 (29.)
471 2137 580 2198 Est
630 2146 689 2197 et
731 2136 1054 2196 occidentis
1090 2137 1325 2214 populis
1365 2154 1469 2196 sua
1502 2135 1759 2197 ebrietas
1791 2136 2108 2214 frugema·
2133 2145 2236 2200 149

120 2223 294 2298 dida,
357 2222 618 2300 pluribus
650 2221 846 2280 ¹modis
899 2238 1007 2299 per
1052 2219 1269 2280 Gallias
1316 2218 1777 2298 Hispaniasque,
1826 2220 2148 2280 nominibus

42 2330 96 2368 25
119 2308 257 2369 aliis
301 2307 405 2365 sed
449 2307 676 2365 ratione
724 2304 947 2364 eadem.
1012 2303 1324 2382 Hispaniae
1367 2304 1477 2372 iam
1514 2313 1572 2364 et
1597 2301 1957 2364 ‘vetustatem
1988 2304 2149 2364 ferre

120 2411 197 2452 ea
249 2407 468 2467 genera
522 2389 861 2449 docuerunt.
935 2388 1241 2467 Aegyptus
1281 2403 1515 2468 quoque
1561 2406 1594 2447 e
1628 2387 1799 2465 fruge
1836 2388 1945 2448 sibi
1978 2398 2150 2467 potus

119 2475 334 2535 similis
371 2474 762 2551 excogitavit,
807 2472 1080 2551 nullaque
1128 2474 1185 2531 in
1219 2480 1387 2550 parte
1418 2472 1612 2531 mundi
1645 2481 1842 2532 cessat
1874 2473 2150 2547 ebrietaS,

117 2575 327 2619 meros
360 2560 578 2638 quippe
605 2558 870 2617 hauriunt
900 2557 1034 2617 talis
1064 2573 1275 2632 sucoS,
1307 2573 1419 2615 nec
1452 2556 1724 2616 diluendo
1754 2567 1815 2615 ut
1844 2559 1978 2616 vina
2005 2559 2151 2616 miti-

119 2652 288 2721 gant.
339 2651 416 2718 at,
452 2641 761 2722 HerculeS,
793 2641 915 2701 illic
948 2641 1124 2701 tellus
1145 2641 1358 2717 -fruges
1392 2658 1603 2718 parere
1634 2641 1957 2701 videbatur.
2015 2642 2150 2717 heu,

37 2747 93 2787 30
118 2729 271 2786 mira
299 2728 566 2786 vitiorum
586 2725 880 2785 sollertia!
919 2727 1209 2785 inventum
1232 2734 1321 2784 est
1338 2725 1814 2805 quemadmodum
1836 2742 1984 2803 aqua
2010 2741 2151 2804 quo-

118 2829 243 2890 que
267 2810 605 2871 inebriaret.
649 2810 779 2868 Duo
806 2818 935 2868 sunt
958 2809 1220 2888 liquores
1242 2808 1501 2868 humanis
1528 2808 1875 2888 corporibus
1900 2811 2106 2886 gratis-
2134 2819 2237 2871 150

119 2896 279 2970 simi,
320 2896 471 2953 intus
500 2896 638 2970 vini,
672 2893 814 2953 foris
847 2892 988 2968 olei,
1021 2893 1290 2953 arborum
1316 2912 1348 2952 e
1378 2903 1599 2976 genere
1633 2893 1801 2953 ambo
1826 2894 2150 2974 praecipui,

119 2979 234 3039 sed
292 2979 412 3039 olei
463 2978 856 3038 necessarius.
928 2995 1041 3036 nec
1084 2980 1351 3056 segniter
1396 2977 1453 3036 in
1507 2994 1580 3036 eo
1633 2979 1752 3037 vita
1809 2976 2150 3038 elaboravit.

115 3072 347 3142 quanto
381 3071 571 3122 tamen
610 3064 666 3122 in
708 3070 849 3139 potu
884 3062 1245 3138 ingeniosior
1274 3062 1448 3121 fuerit
1489 3061 1793 3140 adparebit
1837 3061 1909 3121 ad
1949 3060 2150 3120 biben-

37 3171 90 3212 35
116 3148 260 3206 dum
314 3146 629 3223 generibus
678 3155 907 3205 centum
948 3148 1246 3223 octoginta
1299 3146 1589 3225 quinque,
1636 3148 1685 3204 si
1730 3146 1963 3224 species
2005 3160 2149 3204 vero

114 3233 530 3306 aestimentur,
568 3249 757 3309 paene
786 3229 1003 3307 duplici
1031 3248 1269 3291 numero
1297 3232 1669 3307 excogitatis,
1701 3239 1979 3308 tantoque
2013 3247 2150 3340 pau-

115 3315 389 3374 cioribus
424 3315 562 3387 olei,
603 3315 675 3374 de
706 3332 823 3393 quo
853 3315 909 3372 in
940 3318 1209 3395 sequenti
1238 3315 1533 3376 volumine
1564 3314 1842 3375 dicemus.
