2320 3650
524 112 686 158 NAT.
723 86 904 158 H'ls'r.
936 109 1117 157 xlm.
1142 107 1391 161 -20—-22
1426 97 1723 182 (πᾶ-28.)
2004 102 2125 164 275

299 285 330 327 e
360 275 556 326 terrae
587 274 707 325 tota
735 275 833 324 aut
859 265 934 325 ad
965 266 1296 344 portionem
1324 267 1486 326 sitas.
1538 268 1686 327 item
1710 268 1936 328 caelum
1951 280 2127 348 prae-

117 357 261 416 bent
297 351 468 427 alibi,
515 349 829 419 alibivero
871 351 1140 428 inpositis
1171 351 1355 410 tectis
1396 361 1629 428 arcent,
1683 353 2031 434 traduntque
2072 364 2133 415 et

114 441 267 500 hacc
295 440 641 514 praecepta:
674 434 825 495 latus
859 434 1049 494 cellae
1072 436 1336 508 ¹vinariae
1369 444 1467 496 aut
1497 445 1661 496 certe
1698 432 1991 499 fenestras
2024 438 2127 498 ob-

114 522 268 584 verti
297 522 350 578 in
380 519 712 597 aquibuem
750 528 1030 597 oportere
1062 520 1159 579 vel
1196 521 1395 598 utique
1425 521 1481 579 iu
1510 528 1777 581 exortum
1814 525 2129 601 aequinoc-

69 633 94 671 5
113 607 328 668 tialem.
374 603 712 663 sterculim’a
747 612 805 662 et
837 603 1108 663 arborum
1140 604 1376 665 radices
1393 604 1608 685 procul
1640 606 1875 682 abesse,
1912 609 2148 673 omnia-1

115 709 234 772 «fue
278 689 473 749 odoris
522 687 775 748 evitandi
822 687 1099 748 facillimo
1142 690 1200 748 in
1245 692 1378 751 vina
1415 691 1691 768 transitu,
1735 691 1885 750 ficos
1934 693 2131 770 utique

113 787 180 837 et
211 774 537 851 caprificos.
590 772 764 831 doliis
797 773 968 832 etiam
998 774 1306 835 intervalla
1338 775 1482 849 dari,
1518 793 1592 834 ne
1614 777 1766 834 inter
1783 792 1928 835 sese
1949 777 2090 835 vitia
2107 783 2219 839 ¹134

112 868 351 937 serpant
386 857 733 934 contagione
764 858 883 915 vini
913 875 1151 935 semper
1185 861 1473 919 ocissima.
1537 861 1672 938 quin
1704 869 1763 918 et
1789 858 2009 936 figuras
2033 877 2129 941 re7

110 947 294 1007 ferre.
356 942 654 1005 ventriosa
685 953 756 1001 ac
788 941 981 1020 patula
1013 943 1198 1000 minus
1226 943 1407 1003 utilia.
1467 945 1652 1042 picari
1683 952 1964 1023 oportere
1994 961 2132 1022 pro-

51 1049 93 1089 ιο
113 1031 268 1090 tinus
313 1045 345 1086 a
384 1027 543 1086 canis
588 1034 751 1101 ortu,
794 1034 1005 1103 postea
1047 1026 1318 1105 perfundi
1357 1029 1575 1087 marina
1619 1046 1769 1108 aqua
1815 1038 1911 1088 aut
1955 1028 2131 1103 salsa,

111 1115 250 1176 dein
280 1113 473 1171 cinere
510 1127 545 1169 e
578 1112 885 1170 sarmentis
920 1109 1199 1189 adspergi
1227 1112 1326 1171 vel
1358 1112 1599 1189 argilla,
1650 1113 1914 1172 abstersa
1944 1130 2138 1171 murra

112 1197 342 1260 suffiri*
324 1212 602 1274 ipsasque
635 1197 891 1278 saepius
878 1194 1110 1254 cellas.
1156 1195 1436 1256 inbecilla
1463 1198 1597 1256 vina
1619 1196 1897 1257 demissis
1923 1197 1985 1256 in
2014 1205 2131 1256 ter-

107 1302 238 1344 ram
260 1280 430 1342 doliis
456 1279 774 1355 servanda,
786 1267 991 1340 'valida
1016 1282 1324 1358 expositis.
1375 1297 1679 1359 numquam
1699 1280 2000 1360 inplenda,
2036 1290 2096 1340 et
2119 1287 2219 1343 135

111 1366 273 1447 quod
295 1367 548 1446 supersit
565 1381 745 1443 passo
771 1353 871 1424 aut
885 1355 1121 1424 defruto
1143 1365 1623 1443 perunguendum
1650 1365 1903 1425 admixto
1930 1382 2133 1440 crocu,
2187 1390 2193 1400 ·

51 1466 90 1507 ιε
112 1453 246 1533 pisa
286 1451 470 1509 veteri
515 1467 643 1508 cum
673 1466 835 1527 sapa.
907 1450 996 1507 sic
1021 1449 1309 1527 opercula
1350 1449 1638 1509 doliorum
1655 1449 2001 1510 medicanda
2031 1449 2134 1509 ad·

107 1538 233 1597 dita
277 1534 560 1596 mastiche
604 1543 706 1592 aut*
745 1534 879 1610 pice
920 1533 1156 1594 Bruttia.
1229 1535 1463 1612 ¹aperiri
1504 1543 1742 1594 vetant
1763 1535 1873 1593 nisi
1920 1534 2135 1593 sereno

107 1623 242 1696 die,
288 1627 484 1680 austro
529 1617 703 1678 flante
747 1617 957 1676 lunave
990 1618 1187 1695 plena.
1247 1616 1390 1677 Flos
1419 1618 1537 1677 vini
1565 1618 1847 1680 candidus
1871 1617 2092 1698 proba·
2117 1626 2223 1683 136

104 1716 223 1766 tur.
282 1703 499 1763 rubens
543 1704 710 1762 triste
746 1703 973 1780 signum
1010 1712 1132 1779 est,
1179 1703 1230 1762 si
1270 1720 1386 1762 ιιοιι
1418 1705 1467 1761 is
1496 1704 1612 1762 vini
1645 1703 1815 1762 colos
1835 1705 1955 1778 sit,
1998 1703 2140 1762 item

103 1806 254 1850 vasa
292 1787 710 1849 incalescentia
752 1786 1113 1866 operculave
1163 1789 1445 1852 sudantia.
1510 1787 1667 1867 quod
1711 1787 1989 1848 celeriter
2027 1787 2136 1848 ilo-

51 1893 250 1941 prere
292 1874 560 1951 coeperit
611 1872 975 1951 odoremque
1029 1874 1264 1933 trahere
1305 1890 1422 1932 non
1461 1873 1595 1933 fore
1635 1855 1930 1933 diutinum.
2008 1872 2140 1952 ipsa

105 1976 354 2042 quoque
396 1956 623 2017 defruta
668 1974 737 2016 ac
781 1975 957 2035 sapa,
1005 1974 1132 2016 cum
1164 1959 1238 2017 sit
1272 1957 1497 2018 caelum
1530 1959 1655 2017 sine
1687 1957 1851 2034 luna,
1895 1957 2013 2016 hoc
2047 1966 2139 2016 est

100 2049 169 2105 in
198 2042 410 2103 sideris
445 2043 569 2101 eius
610 2041 799 2116 coitu,
833 2058 1026 2139 neque
1060 2041 1198 2117 alio
1204 2041 1310 2113 die
1330 2042 1507 2121 coqui
1536 2041 1785 2117 dehent,
1821 2050 2139 2120 praeterea

99 2126 404 2209 plumbeis
429 2126 623 2200 vam,
667 2141 782 2183 non
817 2125 1070 2200 εει-εἰει,
1087 2109 1453 2204 nucibusque
1493 2124 1862 2202 iuglandibus
1906 2124 2136 2184 additis.

101 2231 213 2274 eas
257 2213 409 2271 enim
448 2170 661 2269 fumum
705 2211 1005 2288 excipere.
1078 2206 1431 2290 Campaniae
1472 2208 1832 2269 nobilissima
1869 2208 2138 2287 exposita

52 2323 79 2364 5
101 2296 223 2358 sub
253 2295 349 2356 diu
385 2297 444 2354 in
477 2294 636 2354 cadis
672 2292 975 2353 verberari
1005 2293 1171 2369 sole,
1204 2293 1369 2369 luna,
1402 2293 1624 2369 imbre,
1674 2293 1864 2352 ventis
1907 2293 2136 2370 aptissi-

97 2393 263 2443 mum
301 2380 550 2439 videtur.

235 2464 343 2524 22.
392 2461 564 2543 (28.)
609 2463 700 2522 Ac
724 2464 779 2521 si
811 2463 940 2542 quis
976 2459 1331 2541 diligentius
1342 2459 1608 2554 reputet,⁴
1650 2463 1706 2521 in
1737 2459 1896 2521 nulla
1926 2470 2095 2541 parte
2120 2470 2221 2526 137

96 2549 429 2629 operosior
460 2548 575 2608 vita
611 2556 735 2622 est,
782 2565 890 2617 ceu
923 2565 1039 2607 non
1068 2541 1509 2635 saluberrimum
1545 2546 1615 2606 ad
1650 2555 1825 2646 potus
1856 2562 2044 2626 aquae
2070 2546 2137 2606 li·
2211 2619 2220 2626 ‚

94 2651 359 2716 quorem
403 2640 605 2693 natura
637 2632 900 2708 dederit,
945 2650 1059 2710 quo
1092 2642 1300 2692 cetera
1324 2628 1530 2691 omnia
1547 2631 1851 2692 animantia
1884 2638 2135 2689 utuntur.

51 2729 161 2782 nat
213 2734 330 2777 nos
368 2718 560 2777 vinum
600 2715 807 2776 bibere
855 2725 913 2776 et
954 2719 1204 2777 iumenta
1230 2715 1530 2793 cogimus,
1601 2725 1883 2793 tantoque
1926 2731 2135 2793 opere,

89 2813 270 2866 tanto
305 2801 514 2862 labore
540 2809 605 2861 et
633 2801 909 2880 inpendio
944 2811 1172 2861 constat
1204 2797 1360 2880 quod
1386 2799 1634 2861 hominis
1665 2807 1915 2859 mentem
1947 2806 2140 2857 mutet

88 2907 170 2950 ac
190 2887 473 2947 furorem
503 2886 725 2962 gignat,
761 2883 990 2945 milibus
1021 2886 1312 2946 scelerum
1337 2884 1426 2944 ob
1439 2885 1495 2944 id
1520 2884 1711 2958 editis,
1744 2891 1900 2944 tauta
1937 2882 2136 2943 dulce-

88 2974 240 3034 dine
296 2980 363 3031 ut
413 2985 621 3048 magna
663 2987 801 3048 pars
840 2986 960 3029 ιιοιι
1011 2969 1165 3029 aliud
1218 2970 1373 3029 vitae
1432 2970 1750 3069 praemium
1806 2967 2133 3043 intellegat.

88 3059 245 3136 quin
274 3057 476 3132 imme,
507 3063 568 3113 ut
600 3054 733 3133 plus
766 3055 1082 3132 capiamuS‚
1121 3070 1299 3114 sacco
1330 3054 1647 3131 frangimus
1680 3052 1856 3128 viris,
1891 3060 1951 3111 et
1980 3051 2091 3111 alia
2117 3055 2223 3114 138

51 3143 479 3206 iinritamenta
513 3140 916 3216 excogitantur
945 3156 1018 3199 ac
1049 3138 1287 3198 bibendi
1320 3145 1496 3198 causa
1529 3138 1699 3198 etiam
1727 3153 1957 3196 venena
1998 3152 2134 3195 con-

88 3226 427 3304 cipiantur,
458 3223 586 3283 aliis
616 3224 862 3283 cicutam
891 3221 1397 3301 praesumentibus
1427 3230 1489 3281 ut
1519 3221 1727 3281 bibere
1753 3237 1913 3280 mors
1939 3229 2134 3299 cogat,

86 3310 236 3370 aliis
276 3309 527 3388 pumicis
559 3306 798 3367 farinam
828 3317 887 3367 et
916 3326 1066 3387 quae
1099 3306 1416 3367 referendo
1449 3307 1645 3407 pudet·
1660 3305 1899 3367 docere.
1958 3323 2089 3364 cau·
2114 3311 2221 3366 139

81 3396 372 3455 tissimos
416 3410 493 3453 ex
535 3392 609 3451 iis
649 3390 895 3453 balineis
948 3394 1120 3472 coqui
1164 3391 1424 3453 videmus
1475 3392 1873 3536 exmqigffiue
1915 3387 2131 3449 efferri.

1919 3539 1924 3550 ”’
2221 3545 2269 3611 l
