2320 3650
547 104 706 152 NAT.
739 103 916 152 ms‘r.
937 104 1024 151 11.
1067 99 1271 154 9—12.
1306 71 1536 170 (6—9.)
1998 90 2075 153 73

111 275 139 318 0

221 259 235 274 ’
410 255 718 319 diuturnae
768 257 913 316 lucis
962 257 1154 335 plena.
1214 275 1246 316 a
1277 256 1446 317 nobis
1489 267 1676 317 autem
1706 276 1813 336 per
1844 268 2073 319 noctem

112 361 225 402 cern
425 342 625 402 sidera
667 350 732 406 nt
769 339 992 420 reliqua
1034 341 1243 400 lumina
1288 359 1320 399 e
1368 342 1657 416 tenebris,
1726 351 1782 401 et
1833 352 2074 420 propter

108 425 189 486 has
220 443 417 486 causas
453 434 743 485 nocturno
774 435 1039 504 tempore
1074 424 1269 484 deficit
1300 424 1450 485 luna.
1511 427 1643 485 stati
1679 435 1867 485 autem
1896 435 2070 505 atque

109 512 344 569 menstrui
363 526 486 569 non
511 519 645 593 sunt
666 510 893 587 utrique
919 509 1185 569 defectus
1209 517 1451 587 propter
1475 509 1873 588 obliquitatem
1896 511 2070 587 signi·

76 593 190 652 sieri
214 594 497 672 lunaeque
528 594 911 669 multivagos,
943 602 1003 652 ut
1038 592 1250 652 dictum
1280 602 1401 668 est,
1436 593 1655 670 flexus,
1691 610 1805 652 non
1834 611 2065 673 semper
2088 618 2134 652 ιε

104 677 147 736 in
173 678 432 756 scripulis
461 679 711 756 partium
743 686 1099 753 congruente
1131 676 1382 740 siderum
1418 686 1593 737 motu.

205 762 292 821 11.
328 760 456 841 (8.)
493 759 660 821 Haec
696 762 843 821 ratio
884 760 1141 823 mortalis
1174 762 1392 820 animos
1438 760 1704 820 subducit
1733 760 1789 818 in
1825 761 2066 836 caelum,
2086 772 2156 827 49

104 860 158 903 ac
182 844 331 905 velut
368 846 506 906 inde
555 844 1074 923 contemplantibus
1116 846 1284 903 trium
1332 862 1718 904 maxumarum
1748 862 1938 904 rerum
1971 862 2068 904 na-

103 936 238 988 turae
264 931 513 1006 partium
552 928 995 1006 magnitudinem
1026 929 1267 1005 detegit.
1300 945 1413 987 non
1445 938 1648 1007 posset
1677 929 1892 1007 quippe
1914 937 2069 988 totus

57 1022 91 1064 ιο
107 1011 180 1071 sol
204 1013 363 1073 adimi
393 1014 576 1076 terris
607 1013 1003 1073 intercedente
1035 1012 1187 1087 luna,
1226 1013 1274 1071 si
1305 1021 1462 1073 terra
1499 1015 1682 1073 maior
1713 1021 1874 1072 esset
1903 1030 2072 1091 quam

104 1094 227 1156 luna.
277 1099 444 1158 tertia
498 1115 577 1157 ex
622 1105 868 1175 utroque
911 1098 1148 1157 vastitas
1194 1096 1334 1156 solis
1385 1097 1685 1158 oculorum
1718 1098 2070 1174 argumentis

102 1174 389 1256 aperietur,
445 1190 513 1241 ut
555 1197 679 1266 ,non
717 1183 791 1239 sit
834 1198 1084 1240 necesse
1128 1180 1557 1258 amplitudinem
1599 1184 1724 1241 eius
1770 1179 2069 1244 oculorum

104 1266 417 1340 argumentis
450 1274 630 1344 atque
663 1266 995 1324 coniectura
1026 1265 1195 1326 animi
1225 1267 1499 1324 scrutari:
1561 1266 1874 1325 inmensum
1910 1283 2066 1339 esse,
2088 1281 2159 1332 50

106 1349 213 1423 quia
240 1348 507 1408 arborum
555 1350 613 1411 in
646 1349 914 1412 limitibus
953 1357 1353 1426 porrectarum
1387 1349 1443 1407 in
1480 1349 1769 1427 quotlibet
1799 1367 2069 1426 passuum

57 1430 230 1490 familia
267 1432 499 1493 umbras
536 1432 774 1511 paribus
814 1434 984 1493 iaciat
1027 1432 1344 1494 intervallis
1386 1441 1669 1510 tamquam
1713 1441 1838 1492 toto
1877 1433 2066 1510 spatio

104 1514 311 1590 medius,
343 1526 403 1575 et
434 1519 572 1596 quia
602 1534 712 1594 per
741 1517 1164 1595 aequinoctium
1195 1515 1458 1575 omnibus
1481 1517 1536 1575 in
1560 1516 1868 1576 meridiana
1893 1516 2067 1594 plaga

105 1594 451 1661 habitantibus
487 1600 659 1660 simul
691 1601 788 1659 liat
818 1619 851 1661 a
883 1602 1140 1674 vertice,
1177 1601 1312 1658 item
1348 1602 1481 1677 quia
1512 1602 1666 1661 circa
1699 1599 2067 1659 solstitialem

108 1680 347 1743 circulum
377 1684 759 1745 habitantium
803 1685 1042 1747 meridie
1084 1683 1160 1744 ad'
1198 1686 1654 1760 septentrionem
1693 1683 1928 1743 umbrae
1971 1700 2064 1743 ca-

108 1761 243 1841 dant,
274 1776 396 1829 ortu
424 1784 574 1829 vero
610 1768 683 1831 ad
718 1785 1021 1845 occasum,
1066 1786 1215 1847 quae
1269 1767 1405 1829 lieri
1427 1768 1585 1831 nullo
1618 1769 1790 1830 modo
1822 1776 2065 1847 possent

61 1849 197 1907 anisi
223 1852 388 1914 multo
435 1871 609 1933 quam
651 1862 807 1914 terra
835 1855 1017 1914 maior
1049 1861 1245 1928 esset,
1284 1870 1400 1912 ⁴nec
1444 1854 1600 1932 quod
1627 1862 1879 1913 montem
1907 1852 2066 1912 Idam

113 1934 348 1994 exoriens
378 1936 676 2001 latitudine
713 1947 1062 2017 exsuperet,
1099 1937 1301 1997 dextra
1330 1936 1613 2016 laevaque
1647 1938 1810 2014 large
1845 1937 2065 2015 ample·

116 2023 277 2093 ctens,
311 2023 654 2098 praesertim
684 2030 837 2081 tanto
874 2023 1158 2083 discretus
1190 2022 1516 2083 intervalla
1579 2022 1862 2082 Defectus
1894 2021 2063 2080 lunae
2083 2029 2150 2081 51

113 2102 514 2176 magnitudinem
550 2107 674 2165 eius
717 2105 850 2166 haut
891 2105 1068 2165 dubia
1096 2106 1318 2165 ratione
1355 2105 1643 2180 declarat,
1696 2106 1842 2164 sicut
1871 2114 2067 2164 terrae

117 2185 411 2255 parvitatem
442 2190 573 2267 ipse
610 2189 907 2250 deficiens.
969 2188 1227 2266 Namque
1277 2207 1400 2249 cum
1451 2191 1560 2248 sint
1591 2199 1712 2248 tres
1741 2189 2065 2249 umbrarum
2114 2260 2117 2265 .

66 2262 329 2346 ²⁵figurae,
379 2282 757 2352 constetque,
810 2275 860 2351 si
905 2290 1010 2350 par
1052 2272 1245 2331 lumini
1290 2274 1364 2331 sit
1411 2274 1647 2332 materia
1690 2291 1838 2351 quae
1872 2273 2063 2346 iaciat,

114 2348 327 2414 umbram
350 2356 651 2416 columnae
676 2355 871 2434 effigie
893 2357 1003 2416 iaci
1026 2374 1137 2415 nec
1160 2355 1379 2415 habere
1406 2356 1574 2416 linem
1591 2401 1608 2432 ,
1643 2358 1693 2414 si
1714 2373 1857 2426 vero
1886 2357 2065 2417 maior

117 2436 314 2496 materia
342 2456 507 2516 quam
540 2441 750 2516 lumen,
783 2439 1022 2499 turbinis
1052 2441 1221 2515 recti,
1255 2447 1313 2497 ut
1337 2440 1410 2499 sit
1439 2441 1607 2499 imum
1635 2441 1758 2498 eius
1783 2441 2061 2518 angustis·
2268 2506 2271 2517 ⁴

118 2513 279 2577 simum
308 2531 363 2580 et
384 2524 553 2584 simili
578 2524 749 2583 modo
772 2524 981 2583 infinita
1006 2522 1324 2599 longitudo,
1360 2524 1405 2581 si
1428 2524 1611 2583 minor
1633 2526 1868 2584 materia
1894 2542 2063 2603 quam
2264 2532 2271 2621 ff

120 2593 215 2673 lux,
242 2614 415 2665 metae
448 2609 736 2666 exsistere
770 2607 1025 2684 effigiem
1055 2608 1112 2666 in
1144 2609 1453 2666 cacuminis
1482 2607 1651 2666 finem
1678 2608 2054 2682 desinentem,

72 2678 360 2765 wtalemque
408 2693 572 2750 cerni
605 2691 856 2751 umbram
898 2690 1206 2751 deficiente
1232 2691 1407 2769 luna,
1465 2691 1652 2770 palam
1685 2691 1776 2766 fit,
1821 2700 1879 2750 ut
1909 2691 2062 2750 nulla
2077 2699 2145 2751 52

123 2766 322 2856 {implius
341 2774 692 2853 relinquatur
713 2774 1017 2849 dubitati0,
1067 2775 1329 2852 superari
1368 2776 1808 2852 magnitudinem
1845 2783 2060 2849 terrae,

122 2844 166 2903 ld
185 2852 386 2925 quidem
417 2867 475 2918 et
508 2859 697 2918 tacitis
726 2866 959 2918 naturae
994 2859 1176 2936 ipsius
1209 2859 1453 2918 indiciis
1511 2856 1625 2917 Cur
1658 2858 1806 2917 enim
1837 2859 2062 2935 partitis

121 2928 306 2995 vicibus
333 2944 455 3000 anni
491 2941 761 3001 brumalis
814 2942 1078 3002 abscedit
1129 2950 1224 3000 aut
1266 2944 1516 3001 noctium
1550 2942 1841 3020 opacitate
1873 2949 2061 3000 terras

124 3012 312 3105 felicit?
354 3021 671 3085 Exusturus
700 3024 833 3085 haut
863 3024 1056 3101 dubie,
1091 3034 1148 3084 et
1179 3027 1266 3084 sic
1288 3044 1519 3105 quoque
1547 3044 1796 3085 exurens
1819 3024 2061 3103 quadam

72 3106 178 3150 3⁵¹1!-
191 3112 350 3174 parte.
379 3117 529 3169 tanta
556 3109 882 3185 magnitudo
917 3117 1026 3168 est.
1454 3106 1455 3109 ’
2132 3172 2135 3173 γ

227 3182 310 3242 12·
339 3190 455 3271 (9.)
487 3192 561 3253 Et
608 3193 886 3252 rationem
932 3192 1162 3270 quidem
1211 3191 1476 3251 defectus
1522 3192 1815 3270 utriusque
1849 3192 2143 3270 primus53

126 3254 324 3327 Romani
345 3277 575 3349 generis
605 3276 663 3334 in
689 3277 923 3352 volgum
947 3276 1149 3334 extulit
1174 3276 1462 3352 Sulpicius
1487 3274 1702 3351 Gallus,
1739 3277 1834 3353 qui
1859 3274 2060 3335 consul

133 3357 235 3407 (ΝΒ
253 3347 319 3411 Μ.
340 3353 612 3424 Marcello
645 3359 768 3438 fuit,
802 3360 908 3420 sed
936 3367 1050 3418 tum
1081 3359 1338 3418 tribunus
1369 3359 1630 3438 militum,
1669 3358 2059 3419 sollicitudine

2118 3510 2174 3548 A
