2320 3650
598 69 757 115 NAT.
799 67 980 116 ms‘r.
1017 68 1136 114 vn.
1175 63 1416 119 30-36,
1457 55 1750 137 (31—36.)
2078 56 2157 118 23

322 191 325 196 .
1593 165 1647 214 ο

286 220 386 281 31.
452 221 714 301 Reliquis
755 222 922 282 animi
966 221 1132 281 bonis
1181 223 1526 299 praestitere
1571 231 1802 281 ceteros
1844 224 2241 298 mortalis,118

142 306 473 383 sapientia,
518 305 596 363 ob
649 305 703 364 id
742 304 900 380 Cati,
946 304 1184 365 Corculi
1223 301 1379 383 apud
1424 299 1712 364 Romanos
1749 309 2155 383 cognominati,
2188 314 2196 334 ⁸

147 389 311 467 apud
362 386 623 449 Graecos
678 391 955 449 Socrates
997 390 1238 449 oraculo
1289 387 1575 466 Apollinis
1630 388 1814 463 Pythii
1863 391 2154 468 praelatus

150 474 398 533 cunctis.
464 472 586 533 32.
649 472 816 551 (32.)
884 491 1081 532 rursus
1125 472 1400 532 mortales
1455 472 1819 532 oraculorum
1871 476 2116 536 societa-
2143 484 2241 538 119

105 566 281 619 stem
331 556 548 617 dedere
595 554 823 616 Chiloni
875 556 1332 617 Lacedaemonio
1391 565 1706 633 praecepta
1748 559 1869 616 eius
1913 558 2158 637 Delphis

134 641 561 701 consecrando
618 642 808 700 aureis
878 640 1113 714 litteris,
1175 658 1322 716 quae
1389 649 1516 698 sunt
1568 638 1747 698 haec:
1802 658 2027 701 nosse
2081 660 2157 702 se

148 742 550 803 quemque,
612 734 673 783 et
725 723 908 784 nihil
960 726 1247 786 nimium
1311 740 1617 801 cupere,
1673 726 2156 802 comitemque

147 809 365 868 aeris
397 807 625 867 alieni
658 817 873 885 atque
906 808 1070 867 litis
1102 826 1275 866 esse
1307 809 1682 867 miseriam.
1739 809 1871 885 quin
1905 818 1961 868 et
1991 808 2176 868 funus·

151 893 317 966 eius,
372 909 499 951 cum
548 893 771 951 victore
823 891 941 952 lilio
987 889 1292 969 Olympiae
1341 892 1700 968 exspirasset
1741 891 1983 967 gaudie,
2037 900 2158 951 tota

70 998 131 1040 10
150 974 404 1036 Graecia
432 984 745 1052 prosecuta
778 984 887 1035 est.

285 1058 387 1136 33..
434 1058 600 1137 (33.)
663 1059 942 1118 Divinitas
989 1068 1047 1118 et
1076 1060 1363 1136 quaedam
1403 1056 1669 1118 caelitum
1711 1059 1964 1119 societas
1998 1059 2156 1120 nobi·

150 1141 374 1204 lissima
399 1160 475 1201 ex
501 1142 725 1202 feminis
751 1145 806 1201 in
837 1142 1059 1216 Sibylla
1090 1143 1217 1217 fuit,
1253 1162 1327 1202 ex
1358 1143 1495 1200 viris
1525 1143 1580 1200 in
1610 1141 1975 1219 Melampode
2007 1145 2156 1221 apud

152 1222 449 1299 Graecos,
490 1226 642 1303 apud
672 1226 964 1290 Romanos
995 1228 1051 1285 in
1081 1225 1321 1285 Marcio.

283 1308 391 1369 34.
428 1309 593 1389 (34.)
656 1310 759 1370 Vir
793 1320 1059 1388 optumus
1096 1310 1278 1369 semel
1316 1328 1348 1368 a
1386 1309 1616 1368 condito
1653 1325 1800 1368 aevo
1844 1308 2126 1370 iudicatus
2141 1321 2240 1374 120

78 1419 133 1461 15
155 1401 247 1452 est
277 1394 475 1470 Scipio
509 1391 722 1454 Nasica
763 1413 794 1453 a
830 1395 1013 1453 iurato
1051 1403 1286 1468 senatu,
1332 1392 1480 1451 idem
1529 1394 1584 1450 in
1613 1401 1753 1468 tog-a
1795 1392 2034 1452 candida
2066 1393 2153 1453 bis

152 1476 392 1553 repulsa
430 1486 659 1538 notatus
706 1495 739 1537 a
772 1477 1013 1555 popu10.
1076 1479 1132 1535 in
1179 1491 1392 1536 summa
1444 1477 1498 1536 ei
1544 1476 1599 1533 in
1640 1477 1821 1553 patrIa
1855 1477 2002 1534 mori
2045 1493 2158 1536 non

153 1559 345 1634 licuit,
375 1577 522 1635 non,
555 1559 841 1634 Hercule,
876 1562 1057 1639 magis
1090 1576 1259 1638 quam
1292 1569 1453 1619 extra
1484 1559 1709 1620 vincula
1740 1558 1824 1618 illi
1855 1560 2153 1637 sapientis·
2221 1627 2232 1636 ,

154 1644 300 1702 simo
335 1642 406 1700 ab
439 1644 714 1721 Apolline
747 1646 994 1704 iudicato
1028 1645 1274 1703 Socrati.

282 1726 382 1785 35.
426 1726 594 1804 (35.)
655 1728 1026 1788 Pudicissima
1055 1728 1265 1786 femina
1297 1727 1478 1794 semel
1513 1736 1895 1787 matronarum
1927 1736 2154 1788 senten-

76 1812 235 1875 20tia
282 1809 527 1871 iudicata
580 1821 669 1872 est
719 1812 976 1893 Sulpicia
1014 1812 1302 1872 Paterculi
1351 1811 1499 1888 iilia,
1539 1828 1688 1870 uxor
1727 1810 1890 1870 Fulvi
1933 1809 2152 1888 Flacci,

155 1894 345 1954 electa
386 1912 461 1953 ex
515 1905 741 1955 centum
774 1899 1107 1975 praeceptis
1166 1912 1313 1974 quae
1366 1894 1729 1955 simulacrum
1781 1894 2031 1955 Veneris
2081 1914 2154 1971 ex

154 1977 451 2051 Sibyllinis
518 1979 676 2037 libris
739 1979 1070 2054 dedicaret,
1130 1981 1336 2039 iterum
1401 1980 1701 2056 religionis
1756 1981 2153 2056 experimento

156 2057 392 2121 Claudia
428 2061 657 2122 inducta
684 2062 921 2123 Romam
953 2063 1121 2123 deum
1151 2072 1352 2121 matre.

279 2143 379 2204 36.
425 2144 593 2225 (36.)
643 2145 878 2211 Pietatis
903 2146 1173 2223 exempla
1204 2147 1414 2206 infinita
1446 2147 1676 2223 quidem
1696 2154 1820 2205 toto
1844 2146 1991 2204 orbe
2020 2163 2120 2206 ex·
2141 2157 2234 2208 121

85 2229 394 2302 asstitere,
430 2228 536 2288 sed
565 2227 785 2290 Romae
821 2246 988 2288 unum
1031 2231 1121 2286 cui
1163 2230 1472 2306 conparari
1517 2239 1724 2289 cuncta
1766 2246 1879 2288 non
1921 2237 2151 2306 queant.

160 2311 382 2372 humilis
422 2313 481 2370 in
512 2311 691 2389 plebe
741 2323 799 2371 et
841 2314 974 2374 ideo
1011 2312 1292 2390 ignobilis
1325 2330 1646 2390 puerpera,
1689 2312 1937 2390 supplici
1981 2330 2155 2373 causa

163 2411 401 2454 carcere
455 2395 676 2456 inclusa
708 2405 888 2456 matre
941 2410 1067 2455 cum
1119 2398 1485 2474 impetrasset
1540 2396 1777 2471 aditum,
1829 2415 1866 2455 -a
1908 2396 2152 2456 ianitore

158 2494 671 2556 semperexcussa
700 2497 774 2538 ne
808 2481 943 2559 quid
972 2479 1214 2539 inferret
1243 2477 1391 2553 cibi,
1429 2478 1793 2556 deprehensa
1832 2489 1930 2538 est.
1962 2479 2153 2541 uberi-

163 2561 266 2620 bus
297 2562 414 2620 suis
446 2562 611 2621 alens
645 2576 791 2622 eam.
862 2581 976 2641 quo
1012 2564 1288 2623 miraculo
1332 2563 1527 2621 matris
1563 2561 1724 2621 salus
1761 2562 1968 2622 donata
2004 2563 2153 2623 filiae

88 2662 145 2705 ao
164 2644 360 2722 pietati
389 2653 498 2720 est,
532 2645 849 2724 ambaeque
879 2648 1182 2724 perpetuis
1214 2647 1517 2720 alimentiS,
1552 2654 1610 2705 et
1638 2646 1803 2705 locus
1833 2646 1936 2706 ille
1968 2646 2156 2706 eidem

166 2737 534 2788 consecratus
568 2728 746 2804 deae,
779 2728 846 2788 C.
882 2729 1148 2802 Quinctio
1181 2729 1278 2788 Μ’.
1312 2729 1502 2789 Acilio
1537 2746 1690 2788 coss.
1728 2729 1944 2806 templo
1968 2729 2152 2801 Pieta-

167 2812 237 2870 tis
266 2818 562 2871 exstructo
595 2814 650 2871 in
691 2813 843 2873 illius
882 2815 1136 2872 carceris
1174 2814 1349 2888 sede,
1396 2813 1492 2875 ubi
1522 2831 1672 2872 nunc
1701 2810 1965 2872 Marcelli
1996 2811 2152 2871 thea-

167 2904 306 2954 trum
347 2902 454 2954 est.
531 2894 919 2957 Gracchorum
948 2905 1116 2974 pater
1149 2897 1429 2973 anguibus
1467 2896 1772 2974 prehensis
1821 2898 1879 2954 in
1925 2895 2122 2969 domo,
2142 2904 2238 2957 122

158 2995 289 3037 cum
317 2979 771 3056 responderetur
799 2982 984 3059 ipsam
1012 2981 1293 3039 victurum
1322 2980 1557 3040 alterius
1581 2997 1756 3039 sexus
1777 2981 2149 3056 interempto:

96 3062 367 3122 asinino
415 3079 629 3136 vero,
685 3065 900 3141 inquit,
947 3081 1171 3122 meum
1220 3073 1508 3137 necate,
1562 3061 1915 3122 Cornelia
1970 3063 2152 3121 euim

167 3145 451 3204 iuvenis
499 3155 613 3205 est
656 3156 724 3206 et
759 3164 1021 3224 parere
1064 3146 1295 3206 adhuc
1336 3154 1601 3224 potest.
1664 3146 1776 3206 hoc
1826 3154 1949 3206 erat
1989 3148 2154 3207 uxori

171 3244 409 3306 parcere
452 3237 514 3289 et
559 3229 646 3288 rei
690 3230 955 3307 publicae
994 3229 1319 3291 consulere.
1388 3230 1560 3307 idque
1606 3246 1741 3289 mox
1781 3238 2154 3291 consecutum

171 3320 281 3392 est.⁸
307 3307 383 3371 M.
408 3310 658 3390 Lepidus
682 3312 1008 3391 Appuleiae
1031 3315 1229 3375 uxoris
1255 3314 1492 3373 caritate
1517 3321 1650 3392 post
1670 3313 1970 3393 repudium
1993 3312 2151 3373 obiit.

2139 3528 2318 3556 *-
