2320 3650
189 104 309 166 192
876 113 937 162 3.
970 113 1164 162 Pmm
1194 112 1493 161 smmum

183 289 327 331 vosa
370 270 620 330 exilitas.
711 269 767 327 in
812 269 1014 330 eadem
1057 270 1372 347 praecipua
1413 267 1715 347 hilaritatis
1760 268 1977 342 sedes,
2042 269 2195 347 quod
2300 258 2301 341 J

185 355 411 414 titillatu
447 370 710 419 maxume
738 352 1095 430 intellegitur
1129 352 1345 413 alarum
1388 351 1461 411 ad
1501 369 1641 430 quas
1672 350 1856 427 subit,
1901 369 2028 410 303
2064 353 2195 412 3111ιί

185 439 447 497 tenuiore
486 437 726 497 humana
763 445 927 512 cute,
965 436 1098 496 ideo
1129 435 1408 496 scabendi
1434 432 1741 496 dulcedine
1772 434 1856 494 ibi
1887 453 2191 514 proxuma.

184 520 260 580 ob
291 520 406 581 hoc
449 521 506 580 in
545 520 783 599 praeliis
827 520 1328 598 gladiatorumque
1367 519 1721 597 spectaculis
1775 527 2031 579 mortem
2073 538 2193 580 cum

182 606 298 664 risu
333 606 575 665 traiecta
612 604 958 682 praecordia
986 604 1317 664 attulerunt.
1418 640 1421 645 «
2201 626 2220 664 ⁵

101 697 199 755 199
327 685 495 767 (78.)
529 688 743 751 Subest
770 697 992 747 venter⁸
1012 687 1369 749 stomachum
1394 685 1767 761 habentibus,
1800 688 2031 747 ceteris
2062 689 2187 747 sim·

181 773 321 852 plex
340 818 356 849 ,
388 771 798 832 ruminantibus
825 772 1115 848 geminu8‚
1157 772 1441 848 sanguine
1472 769 1801 833 carentibus
1831 770 2054 831 nullus.
2114 772 2189 830 13-
2234 773 2243 781 ’

180 859 422 916 testinus
466 857 615 916 enim
656 855 728 914 ab
772 873 875 915 ore
907 856 1190 932 incipiens
1223 852 1563 932 quibusdam
1597 853 1805 914 eodem
1840 853 2186 928 reflectitur,

109 1018 114 1021 ¹
178 950 238 999 ut
271 941 511 1018 saepiae
553 948 613 999 et
661 939 901 1016 polypo.
977 940 1034 997 in
1073 938 1304 999 homine
1347 938 1604 1001 adnexus
1646 938 1838 999 infimo
1882 938 2186 998 stomacho

179 1023 378 1083 similis
410 1023 633 1083 canino.
702 1021 805 1081 His
832 1022 976 1085 solis
1006 1021 1328 1083 animalium
1359 1021 1828 1099 inferior-epate
1863 1024 2186 1098 angustior,
2202 1037 2242 1078 n

177 1109 371 1184 itaque
402 1115 461 1165 et
491 1106 617 1165 sola
646 1115 902 1181 vomunt,
935 1108 1070 1184 quia
1095 1105 1328 1184 repleto
1359 1113 1604 1183 propter
1632 1105 1928 1182 angustias
1960 1107 2187 1184 suppri-

180 1191 347 1249 mitur
389 1189 581 1265 cibus,
630 1189 787 1268 quod
825 1191 1098 1257 accidere
1135 1207 1249 1249 non
1293 1197 1492 1267 potest
1536 1189 1607 1248 iis
1641 1206 1884 1265 quorum
1925 1191 2190 1266 spatiosa

178 1273 385 1334 laxitas
422 1292 552 1333 eum
583 1275 637 1333 in
670 1274 946 1334 inferiora
974 1274 1318 1335 transmittit.

94 1369 199 1421 200
347 1359 514 1437 (79.)
561 1357 653 1417 Ab
695 1358 810 1418 hoc
848 1357 1174 1419 ventriculo
1217 1357 1409 1419 lactes
1438 1357 1498 1415 in
1530 1373 1643 1415 ove
1680 1363 1741 1414 et
1771 1353 2043 1431 homine,
2088 1375 2190 1434 per

180 1460 323 1520 quas
354 1441 563 1501 labitur
595 1441 830 1517 cibus,
812 1461 869 1501 ιιι
901 1443 1114 1503 ceteris
1143 1440 1351 1515 hillae,
1389 1457 1424 1500 a
1452 1436 1661 1519 quibus
1693 1439 2012 1517 capaciora
2044 1441 2185 1501 inte·
2202 1453 2239 1495 n

179 1527 327 1586 stina
372 1527 444 1586 ad
486 1526 711 1601 alvom,
757 1526 1088 1604 hominique
1128 1523 1570 1591 flexuosissimis
1614 1521 1873 1585 orbibus.
1964 1523 2188 1585 idcirco

179 1611 365 1686 magis
404 1610 559 1669 avidi
602 1609 863 1677 ciborum
907 1609 1114 1688 quibus
1147 1607 1220 1668 ab
1254 1607 1389 1666 alvo
1422 1607 1652 1684 longius
1683 1606 1953 1685 spatium.
2017 1607 2189 1668 iidem

176 1695 359 1751 minus
396 1693 673 1762 sollertes
707 1692 918 1771 quibus
947 1691 1326 1753 obesissimus
1354 1700 1580 1751 venter.
1617 1689 1782 1749 Aves
1811 1707 2188 1769 quoquegs-

176 1778 361 1835 minos
393 1778 549 1835 sinus
581 1775 797 1836 habent
826 1776 1106 1855 quaedam
1126 1820 1143 1852 ,
1179 1793 1348 1835 unum
1393 1792 1509 1854 quo
1539 1782 1872 1852 merguntur
1900 1777 2185 1858 recentia,

177 1870 240 1919 ut
269 1868 489 1937 guttur,
523 1860 800 1936 alterum,
834 1862 893 1919 in
925 1878 1092 1942 quem
1126 1879 1201 1920 ex
1233 1876 1304 1918 30
1340 1859 1623 1919 dimittunt
1652 1859 2045 1920 concoctione
2074 1877 2240 1920 mam

92 1953 424 2018 201turata,
457 1952 517 2002 ut
551 1943 824 2020 gallinae,
863 1942 1186 2022 palumbes,
1226 1942 1551 2017 columbae,
1588 1942 1880 2022 perdices.
1948 1953 2189 2005 ceterae

176 2027 303 2088 fere
340 2033 539 2087 carent
573 2044 680 2103 30,
720 2027 825 2087 sed
857 2027 992 2104 gula
1028 2029 1351 2107 patentiore
1386 2035 1648 2100 utuntur,
1681 2034 1741 2085 ut
1771 2026 2029 2104 graculi,
2065 2045 2185 2087 cor·

176 2113 255 2188 vi,
291 2114 581 2171 cornices.
619 2111 901 2189 quaedam
930 2120 1135 2171 neutro
1166 2111 1370 2184 modo,
1409 2110 1514 2169 sed
1545 2118 1833 2169 ventrem
1840 2107 2188 2188 proxumum

176 2196 422 2272 habent,
470 2195 673 2275 quibus
720 2196 1039 2274 praelonga
1086 2195 1255 2255 colla
1285 2203 1344 2253 et
1374 2183 1644 2271 angusta,
1691 2203 1747 2253 ut
1779 2194 2186 2272 porphyrioni.

175 2280 398 2339 Venter
430 2280 819 2358 solidipedum
848 2298 1054 2358 asper
1057 2288 1116 2338 et
1147 2279 1340 2339 durus.
1421 2277 1781 2337 terrestrium
1822 2276 1952 2337 aliis
2000 2279 2184 2340 denti·
2202 2292 2239 2336 ιι

178 2362 405 2421 3313133
436 2365 789 2440 asperitatis),
823 2359 952 2424 aliis
983 2361 1346 2423 cancellatim
1378 2361 1686 2421 mordacis.
1751 2359 1959 2439 quibus
1990 2380 2187 2442 neque

178 2446 383 2505 dentes
417 2448 701 2524 utrimque
730 2464 841 2512 neo
877 2448 1210 2521 ruminatio,
1243 2445 1336 2504 hic
1372 2446 1751 2504 conficiuntur
1782 2443 1929 2519 cibi,
1963 2444 2104 2506 hinc
2136 2448 2189 2505 13

90 2529 399 2592 malvom
432 2529 792 2590 delabuntur.
856 2528 1045 2589 Media
1073 2529 1224 2589 haec
1250 2528 1522 2588 umbilico
1553 2528 1778 2588 adnexa
1807 2527 2100 2606 omnibus,
2135 2532 2189 2589 13

175 2613 405 2675 homine
439 2613 644 2673 suillae
676 2614 865 2673 infima
896 2622 1061 2691 parte
1093 2613 1328 2686 similis,
1374 2629 1406 2672 a
1438 2611 1680 2671 Graecis
1710 2610 2051 2691 appellatur
2088 2631 2186 2674 co·

176 2697 295 2774 lon,
325 2695 423 2756 ubi
449 2696 717 2756 ,dolorum
744 2714 949 2774 magna
982 2714 1175 2756 causa.
1235 2696 1638 2773 angustissima
1671 2694 1929 2770 canibuS,
1964 2714 2082 2773 qua
2115 2697 2188 2757 de
2203 2703 2245 2745 ³⁰

178 2799 351 2841 causa
378 2781 703 2839 vehementi
732 2782 857 2840 nisu
886 2798 996 2840 nec
1026 2782 1150 2839 sine
1183 2781 1439 2840 cruciatu
1467 2779 1665 2839 levant
1690 2795 1836 2839 eam.
1890 2780 2190 2841 insatiabi-

177 2866 253 2926 113
289 2864 632 2938 animalium,
667 2863 875 2942 quibus
905 2882 939 2924 a
967 2871 1173 2923 ventre
1207 2863 1466 2943 protinus
1496 2872 1661 2923 recto
1693 2864 1965 2922 intestino
1994 2871 2186 2924 trans·

90 2958 196 3012 203
219 2958 354 3009 eunt
385 2947 532 3023 cibi,
581 2955 643 3007 ut
682 2948 846 3026 lupis
859 2948 1145 3008 cervariis
1182 2957 1241 3008 et
1271 2948 1419 3006 inter
1447 2948 1569 3007 avis
1599 2947 1834 3024 mergis.
1925 2945 2187 3008 Venti-es

180 3033 492 3110 elephanto
525 3039 823 3108 quattuor,
861 3039 1066 3092 cetera
1108 3031 1288 3092 subus
1329 3030 1566 3106 similia,
1611 3030 1807 3110 pulmo
1851 3021 2182 3111 quadruplo

176 3116 359 3174 maior
399 3115 638 3175 bubulo:
696 3114 920 3175 Avibus
952 3126 1155 3180 venter
1185 3132 1463 3176 carnosus
1495 3114 1886 3195 callosasque.
1953 3115 2011 3174 13
2038 3133 2180 3175 ven·
2199 3127 2242 3170 ³⁶

177 3207 265 3256 tre
300 3196 658 3258 hirundinum
705 3198 879 3277 pullis
920 3199 1103 3278 lapilli
1145 3198 1390 3259 candido
1425 3206 1521 3259 aut
1553 3198 1777 3259 rubenti
1808 3198 2051 3274 colore,
2088 3202 2183 3278 qui

180 3279 489 3339 chelidonii
517 3291 816 3358 vocantur,
854 3284 1092 3360 magicis
1122 3283 1333 3344 narrati
1365 3281 1582 3342 artibus
1610 3285 1995 3361 reperiuntur.
2036 3292 2098 3342 et
2126 3284 2180 3342 13

176 3362 543 3447 13ν3333ι3ι3
573 3366 829 3425 secundo
852 3376 1056 3426 ventre
1079 3367 1233 3444 pilae
1257 3364 1601 3425 rotunditate
1627 3367 1919 3443 nigricans
1937 3366 2178 3443 tophus,
