2320 3650
145 35 268 97 296
526 112 531 113 ⁷
756 46 815 96 c.
841 46 1034 94 run-11
1064 44 1366 94 securim

141 218 486 280 pervenere.
550 200 756 261 eadem
799 202 884 279 {ut
925 200 1195 278 diximus]
1237 200 1296 258 iu
1339 197 1617 277 Aegypto
1653 197 1815 258 nulla
1861 214 2007 257 cura
2051 215 2162 277 po-

143 296 306 346 tuere
355 283 537 363 gigni.
613 284 957 347 Cerasorum
999 284 1330 364 Aproniana
1367 299 1631 342 maxume
1665 282 1913 358 rubent,
1957 284 2166 359 niger-

59 380 157 433 103
174 373 313 429 rima
345 379 474 428 sunt
502 368 755 445 Lutetia,
795 365 1125 428 Caeciliana
1154 384 1300 427 vero
1326 375 1385 427 et
1412 366 1677 426 rotunda.
1734 358 1995 426 iunianis
2022 384 2164 442 gra—

138 463 226 512 tus
257 470 466 531 sapor,
509 454 831 531 sed‘paene
859 460 1069 512 tantum
1099 450 1206 510 sub
1237 451 1449 511 arbore
1476 454 1614 525 sua}
1651 452 1803 514 adeo
1835 451 2066 510 teneris
2099 457 2166 509 ut

138 547 422 613 gestatum
473 555 587 597 non
630 537 900 596 tolerent.
973 537 1329 614 principatus
1364 535 1654 595 duracinis
1697 552 1853 615 quae
1892 533 2207 595 Plinianas

142 619 451 699 Campania
488 621 779 700 appellat²
821 621 877 679 iu
909 619 1146 696 Belgica
1178 637 1322 679 vero
1348 618 1631 678 Lusitanis
1651 663 1668 693 ,
1714 621 1772 677 iu
1800 619 1952 697 ripis
1983 620 2161 679 etiarn

138 704 343 765 Rheni.
402 708 603 764 tertius
642 705 730 763 his
765 703 930 773 colos
961 722 994 763 e
1025 706 1191 779 nigro
1221 720 1292 763 ac
1327 702 1551 762 rubenti
1579 702 1903 780 viridique,
1948 703 2162 762 similis

55 800 158 853 104
174 788 698 849 maturescentibus
728 805 979 866 semper.
1028 788 1212 846 minus
1240 787 1685 865 quinquennium
1712 794 1805 846 est
1828 787 1992 865 quod
2022 803 2161 864 pro·

142 874 303 932 diere
334 890 481 950 quae
509 881 721 933 vocant
760 872 993 946 laurea,
1034 889 1149 931 non
1180 874 1438 947 ingratae
1470 870 1898 946 amaritudinis,
1944 871 2162 930 insitae

138 954 404 1015 iu'lauro.
463 965 593 1016 sunt
622 965 678 1016 et
705 955 1084 1016 Macedonica
1104 968 1332 1033 parvae
1362 953 1590 1014 arboris
1621 963 1881 1032 raroque
1908 955 2028 1014 tria
2061 973 2163 1014 cu·
2183 973 2225 1012 ιο

138 1039 254 1100 hita
296 1041 670 1116 excedentis,
716 1048 774 1098 et
801 1041 1022 1098 minore
1056 1041 1357 1098 etiamnum
1396 1038 1639 1112 frutice,
1687 1038 2161 1098 chamaecerasi.

138 1126 285 1183 inter
316 1126 496 1200 prima
528 1124 640 1184 hoc
667 1141 699 1182 e
733 1123 919 1201 pomis
950 1123 1163 1184 colono
1203 1124 1447 1199 gratiam
1487 1130 1731 1182 annuam
1771 1122 1983 1182 refert.
2066 1140 2160 1182 se·

138 1208 464 1285 ptentrione
494 1207 837 1286 frigidisque
861 1206 1096 1284 gaudet,
1129 1209 1383 1267 siccatur
1410 1207 1579 1266 etiam
1603 1207 1735 1267 sole
1765 1207 2159 1286 conditurque

140 1301 199 1350 ut
227 1292 381 1351 oliva
415 1292 592 1351 cadis.

55 1387 156 1440 105
297 1374 615 1454 26.”(31.)
664 1372 828 1447 Quae
863 1392 998 1433 cura
1038 1384 1096 1434 et
1128 1376 1321 1435 cornis
1359 1383 1534 1452 atque
1566 1375 1740 1434 etiam
1768 1374 2026 1434 lentisco
2053 1374 2223 1434 ad·15

139 1458 397 1534 hibetur,
451 1477 524 1519 ne
584 1459 718 1536 quid
760 1476 873 1518 nou
912 1458 1156 1527 hominis
1205 1460 1397 1518 ventri
1435 1467 1623 1519 natum
1671 1477 1810 1518 esse
1855 1458 2156 1519 videatur!

135 1545 449 1602 miscentur
490 1560 736 1620 sapores
788 1552 846 1603 et
885 1543 999 1602 alio
1042 1543 1188 1602 alius
1233 1542 1474 1621 placere
1518 1542 1766 1619 cogitur.
1835 1543 2159 1601 miscentur

136 1645 281 1687 vero
330 1636 389 1685 et
438 1634 631 1686 terrae
673 1627 939 1705 caelique
978 1636 1216 1687 tractus.
1299 1628 1354 1685 in
1396 1626 1511 1686 alio
1558 1626 1671 1685 cibi
1714 1644 1946 1702 genere
1991 1625 2155 1687 India

138 1710 493 1786 advocatur,
545 1711 603 1768 in
648 1710 762 1769 alio
814 1710 1152 1788 Aegyptus,
1203 1707 1413 1786 Creta,
1479 1708 1710 1784 Cyrene
1762 1708 2157 1787 singulaeque
2269 1758 2272 1775 Α

137 1804 348 1854 terrae.
407 1811 518 1853 nec
551 1803 743 1854 cessat
764 1795 821 1854 in
842 1796 1143 1856 veneficiis
1167 1797 1307 1871 vita,
1339 1794 1643 1856 dummodo
1670 1796 1861 1855 omnia
1883 1794 2155 1859 devoret.
2172 1814 2216 1855 ἰο

136 1879 362 1958 planius
398 1878 513 1940 hoc
557 1878 654 1939 liet
682 1881 737 1938 in
771 1880 1073 1939 herbarum
1108 1889 1331 1941 natura.

57 1973 157 2029 106
294 1963 393 2023 27.
444 1964 611 2043 (32.)
660 1964 889 2024 Interim
932 1981 1080 2042 quae
1122 1973 1254 2023 sunt
1293 1965 1608 2024 communia
1645 1971 1710 2023 et
1743 1965 1934 2042 pomis
1978 1966 2152 2023 omui-

137 2048 363 2126 busque
419 2051 607 2124 suciS‚
672 2066 945 2127 saporum
995 2066 1219 2125 genera
1273 2062 1405 2108 xm
1459 2048 1859 2127 reperiuntur:
1938 2048 2154 2124 dulcia,

137 2133 364 2207 suavis,
405 2133 666 2210 pinguis,
708 2151 967 2209 amarus,
1025 2140 1325 2211 austerus,
1372 2149 1542 2209 acer,
1584 2125 1819 2207 acutus,
1872 2132 2170 2208 acerbus,¹

138 2216 356 2292 aciduS,
389 2217 599 2276 salsus.
650 2226 884 2295 praeter
909 2216 1055 2276 haec
1080 2217 1188 2277 tria
1216 2225 1345 2276 sunt
1372 2233 1592 2294 genera
1614 2215 1863 2275 mirabili
1884 2234 2213 2277 maxumezs
2265 2225 2266 2228 ’

135 2310 365 2359 natura:
419 2318 588 2360 unum
629 2302 687 2360 in
732 2317 846 2379 quo
898 2300 1099 2380 plures
1143 2302 1362 2379 pariter
1403 2301 1720 2360 sentiuntur
1763 2318 2052 2380 sapores,
2094 2309 2156 2361 ut

52 2390 153 2447 107
173 2384 336 2443 vinis.
388 2401 633 2463 namque
659 2384 833 2444 in‘his
864 2394 920 2444 et
948 2393 1213 2444 austerus
1244 2387 1302 2445 et
1329 2393 1530 2444 acutus
1554 2394 1611 2444 et
1634 2384 1817 2444 dulcis
1845 2395 1904 2444 et
1927 2388 2149 2461 suavis,

137 2486 339 2527 omnes
370 2467 560 2528 alieni.
619 2469 860 2528 alterum
891 2478 981 2528 est
1006 2487 1193 2545 genus
1224 2470 1279 2528 in
1305 2486 1421 2547 quo
1451 2471 1524 2528 sit
1554 2467 1611 2528 et
1653 2468 1877 2529 alienus
1917 2470 2152 2548 quidem
2263 2485 2264 2488 ’

136 2552 241 2612 sed
272 2560 329 2611 et
358 2551 492 2612 suus
526 2553 753 2632 quidam
784 2571 855 2613 ac
883 2552 1231 2631 peculiaris,
1270 2562 1331 2613 ut
1361 2554 1417 2611 in
1455 2552 1627 2612 lacte.
1684 2554 1972 2633 siquidem
2002 2556 2152 2634 inest

136 2637 189 2694 ei
229 2636 384 2714 quod
421 2646 612 2696 tamen
642 2638 765 2696 iure
795 2637 908 2696 dici
935 2636 1105 2697 dulce
1137 2646 1198 2696 et
1224 2639 1438 2716 pingue
1464 2646 1524 2697 et
1554 2655 1733 2696 suave
1769 2655 1887 2697 non
1917 2647 2209 2717 possetsto

52 2729 154 2782 108
170 2721 465 2798 optinente
491 2720 728 2781 lenitate
756 2738 904 2798 quae
930 2723 1056 2799 ipsa
1083 2722 1343 2781 succedit
1370 2722 1427 2780 in
1440 2724 1677 2801 ‘saporis
1699 2722 1910 2782 vicem.
1940 2722 2151 2783 Nullus

116 2803 225 2864 ²hic
267 2806 463 2882 aquiS‚
523 2823 597 2864 ne
636 2822 808 2865 sucus
848 2805 1111 2884 quidem,
1162 2814 1224 2864 ut
1265 2803 1455 2865 tamen
1496 2823 1569 2866 eo
1622 2807 1753 2885 ipso
1800 2807 1901 2888 §iat
1939 2807 2150 2886 aliquis

134 2905 205 2946 ac
242 2906 405 2947 suum
444 2905 629 2964 genus
674 2888 869 2949 faciat.
926 2889 1125 2948 sentiri
1170 2889 1401 2967 quidem
1443 2907 1627 2967 aquae
1667 2907 1942 2969 saporem
1973 2892 2147 2951 ullum

134 2989 407 3031 sucumve
437 2974 633 3032 vitium
665 2981 772 3032 est.
816 2989 1079 3050 magnum
1102 2972 1192 3031 his
1219 2974 1483 3033 omnibus
1507 2975 1562 3033 in
1588 2974 1773 3035 odore
1797 2985 2146 3036 momentum
2258 3022 2260 3034 .

134 3061 191 3109 et
209 3070 412 3127 magna
439 3057 733 3132 coguatio,
766 3057 860 3133 qui
887 3065 946 3117 et
975 3058 1104 3134 ipse
1126 3057 1316 3116 nullus
1337 3067 1426 3117 est
1454 3061 1618 3137 aquis
1650 3067 1767 3134 aut,
1800 3059 1850 3118 si
1882 3062 2196 3136 sentimus-¹·

115 3131 361 3192 ‘omuino
405 3138 601 3197 vitium
645 3148 752 3197 est.
822 3140 1022 3199 mirum
1065 3142 1177 3200 tria
1217 3150 1455 3201 naturae
1497 3144 1814 3221 praecipua
1859 3145 2141 3206 elementa

135 3215 257 3272 sine
288 3232 500 3290 sapore
533 3238 700 3296 esse,
741 3222 865 3281 sine
898 3223 1114 3300 odore,
1147 3225 1272 3284 sine
1306 3240 1483 3302 suco,
1516 3245 1742 3305 aquam,
1779 3243 1941 3305 aera,
1975 3228 2134 3306 ignis.

48 3301 151 3352 109
275 3294 375 3355 28.
423 3297 588 3380 (33.)
634 3303 795 3381 Ergo
826 3323 1096 3367 sucorum
1126 3310 1315 3370 vinosi
1347 3312 1511 3388 piro,
1552 3309 1753 3388 moro,
1782 3319 2012 3390 myrto,
2041 3313 2134 3374 mi·
