2320 3650
798 112 960 160 NA'r.
1005 110 1190 161 Hls'r.
1237 112 1486 162 PRAEF.
2151 106 2187 163 5

160 274 270 331 iter
302 279 397 331 est
429 288 547 330 non
579 271 712 330 trita
746 268 1082 329 auctoribus
1112 271 1207 330 via
1253 288 1364 329 nec
1410 289 1520 348 qua
1565 271 1931 350 peregrinari
1969 272 2187 333 animus

162 362 422 434 expetat.
481 372 654 414 nemo
701 355 856 433 apud
902 371 1009 412 nos
1046 355 1142 433 qui
1191 356 1344 415 idem
1376 359 1777 433 temptaverit,
1825 375 1996 417 nemo
2033 358 2186 435 apud

162 440 428 501 Graecos
465 441 565 518 qui
599 457 745 499 unus
791 439 977 498 omnia
1021 456 1092 498 ea
1124 440 1481 499 tractaverit.
1546 458 1750 516 magna
1793 459 1930 520 pars
1965 442 2185 502 studio·

160 544 283 585 rum
329 525 722 585 amoenitates
771 525 1132 602 quaerimuS‚
1185 542 1356 603 quae·
1382 541 1527 583 vero
1559 533 1803 585 tractata
1836 526 1907 586 ab
1940 527 2069 587 aliis
2102 527 2183 586 di-

122 619 369 670 5cuntur
399 611 698 669 inmensae
733 608 1064 668 subtilitatis
1095 608 1366 668 obscuris
1399 627 1593 668 rerum
1623 609 1883 669 tenebris
1916 631 2183 689 premun-

160 703 266 754 tur.
336 695 452 753 iam
486 695 676 754 omnia
726 693 1059 770 attingenda
1093 711 1243 771 quae
1279 692 1488 753 Graeci
1521 697 1624 772 τῆς
1665 686 2186 774 ἔγκυκλοπαιδείας

157 788 395 852 vocant,
434 788 495 837 et
529 787 726 838 tamen
756 778 953 855 ignota
989 786 1085 837 aut
1116 779 1339 836 incerta
1372 777 1621 855 ingeniis
1655 779 1844 855 facta,
1894 778 2005 838 alia
2038 797 2182 839 vero

158 864 235 923 ita
281 863 484 923 multis
527 862 758 941 prodita
803 871 863 921 ut
904 863 963 920 in
1003 861 1296 922 fastidium
1343 863 1455 921 sint
1498 864 1766 924 adducta.
1841 860 1962 923 Res
2009 865 2187 924 ardua
2203 873 2267 924 15

159 948 409 1007 vetustis
444 948 762 1007 novitatem
795 947 969 1022 dare,
1021 948 1192 1005 novis
1227 948 1664 1025 auctoritatem,
1718 948 2006 1008 obsoletis
2038 950 2182 1007 nito-

102 1044 147 1085 ιο
162 1051 303 1107 rem,
332 1030 613 1101 obscuris
638 1031 849 1107 lucem,
883 1031 1156 1091 fastiditis
1181 1032 1449 1113 gratiam,
1485 1033 1674 1092 dubiis
1698 1033 1890 1108 iidem,
1917 1034 2182 1093 omnibus

160 1134 302 1177 vero
336 1125 605 1176 naturam
639 1124 699 1175 et
731 1125 972 1176 naturae
1021 1134 1123 1176 sua
1159 1116 1370 1176 omnia.
1422 1117 1593 1177 nobis
1632 1119 1828 1196 itaque
1864 1120 2036 1179 etiam
2068 1135 2181 1181 non

163 1201 462 1262 adsecutis
510 1201 774 1260 voluisse
821 1200 1051 1260 abunde
1095 1201 1401 1280 pulchrum
1445 1210 1620 1281 atque
1664 1203 2031 1280 magnificum
2068 1213 2177 1263 est.

160 1285 449 1365 Equidem
485 1285 563 1345 ita
595 1284 807 1360 sentio,
842 1286 1202 1363 peculiarem
1234 1287 1291 1344 in
1321 1286 1524 1345 studiis
1550 1305 1783 1347 causam
1811 1305 2011 1348 eorum
2044 1307 2180 1348 esse
2202 1296 2267 1349 16

130 1372 253 1449 ¹qui
282 1364 728 1430 difficultatibus
759 1370 930 1428 victis
956 1370 1259 1430 utilitatem
1284 1371 1513 1430 iuvandi
1536 1372 1934 1449 praetulerunt
1956 1374 2179 1449 gratiae

100 1468 144 1507 1⁵
160 1455 453 1534 placendi,
488 1454 664 1532 idque
697 1455 807 1513 iam
841 1463 899 1513 et
929 1455 986 1512 in
1017 1454 1144 1514 aliis
1180 1454 1459 1533 operibus
1492 1455 1619 1533 ipse
1645 1456 1784 1530 feci,
1816 1465 1874 1515 et
1898 1458 2181 1535 profiteor

157 1541 351 1600 mirari
401 1538 469 1598 T.
518 1537 767 1614 Livium,
827 1547 1126 1599 auctorem
1177 1539 1659 1615 celeberrimum,
1714 1541 1771 1599 in
1811 1540 2180 1623 historiarum

158 1643 386 1685 suarum
437 1640 585 1702 quas
630 1623 847 1701 repetit
889 1622 963 1683 ab
1008 1625 1237 1700 origine
1278 1623 1439 1684 urbis
1480 1625 1733 1702 quodam
1762 1625 2055 1686 volumine
2093 1627 2179 1684 sic

159 1726 384 1769 orsum:
440 1709 586 1767 satis
620 1709 732 1767 iam
767 1707 879 1766 sibi
902 1707 1131 1784 gloriae
1167 1710 1509 1788 quaesitum,
1550 1719 1607 1770 et
1639 1711 1904 1789 potuisse
1929 1729 1995 1770 se
2023 1712 2176 1771 desi-

158 1794 330 1869 dere,
400 1794 459 1852 ni
507 1792 725 1852 animus
772 1792 997 1872 inquies
1039 1803 1387 1873 pasceretur
1433 1811 1636 1873 opere.
1716 1793 1992 1856 Profecto
2027 1797 2178 1856 enim

95 1880 355 1959 ²⁰populi
387 1879 646 1956 gentium
672 1879 911 1937 victoris
937 1888 997 1938 et
1027 1878 1272 1939 Romani
1307 1880 1552 1940 nominis
1575 1881 1826 1957 gloriae,
1861 1899 1976 1941 non
2009 1900 2172 1950 suae,

155 1964 547 2043 conposuisse
594 1963 694 2022 illa
730 1963 972 2022 decuit.-
1011 1964 1192 2024 maius
1224 1965 1490 2024 meritum
1522 1975 1684 2025 esset
1716 1967 1913 2044 operis
1951 1984 2172 2038 amore,

152 2065 261 2108 non
294 2048 472 2108 animi
504 2065 705 2122 causa,
738 2065 1186 2126 perseverasse,
1223 2058 1282 2109 et
1310 2048 1425 2108 hoc
1456 2051 1679 2128 populo
1715 2049 1977 2110 Romano
2003 2069 2172 2130 prae-

152 2135 403 2208 stitisse,
452 2149 569 2190 non
599 2131 732 2190 sibi.
794 2131 1010 2208 Viginti
1055 2133 1210 2193 milia
1254 2152 1448 2193 rerum
1487 2134 1785 2211 dignarum
1821 2154 1960 2195 cura
1998 2137 2258 2215 (quo-17

152 2219 320 2294 uiam,
346 2225 408 2278 ut
432 2217 512 2275 ait
534 2215 820 2276 Domitius
842 2215 999 2291 Piso,
1028 2217 1340 2277 thesauros
1366 2227 1601 2296 oportet
1627 2238 1786 2294 esse,
1814 2237 1928 2278 non
1955 2221 2170 2299 libros)
2207 2237 2216 2252 ²

90 2303 524 2374 25exlectione
554 2300 905 2360 voluminum
939 2303 1177 2361 circiter
1211 2302 1381 2362 duum
1412 2302 1659 2378 milium,
1705 2322 1946 2382 quorum
1984 2323 2172 2383 pauca

148 2387 458 2448 admodum
502 2385 750 2445 studiosi
801 2387 1083 2463 attingunt
1128 2397 1376 2466 propter
1407 2397 1702 2447 secretum
1733 2391 2046 2465 materiae,
2096 2408 2171 2448 ex

149 2472 458 2552 exquisitis
483 2469 822 2530 auctoribus
846 2480 1076 2531 centum
1098 2471 1444 2532 inclusimus
1470 2475 1702 2549 triginta
1728 2493 1836 2533 sex
1867 2475 2167 2534 volumini-

146 2557 272 2632 bu8‚
309 2556 561 2616 adiectis
585 2553 765 2614 rebus
787 2555 1065 2633 plurumis
1091 2574 1238 2635 quas
1263 2565 1358 2616 aut
1382 2558 1793 2634 ignoraverant
1817 2557 2048 2639 priores
2073 2567 2169 2618 aut

146 2650 355 2720 postea
389 2640 698 2699 invenerat
724 2640 860 2699 vita.
916 2639 1045 2699 Nec
1077 2640 1400 2701 dubitamus
1431 2643 1605 2703 multa
1638 2663 1774 2704 esse
1801 2662 1951 2723 quae
1980 2652 2038 2702 et
2061 2660 2167 2701 nos
2193 2656 2253 2709 18

84 2724 582 2804 sopraeterierint.
646 2722 909 2783 homines
946 2726 1097 2784 enim
1121 2743 1317 2785 sumus
1349 2736 1408 2786 et
1441 2730 1709 2806 occupati
1744 2728 1987 2802 officiis,
2032 2726 2165 2787 sub-

147 2810 464 2888 sicivisque
496 2807 859 2886 temporibus
892 2810 1000 2869 ista
1032 2828 1321 2883 curamus,
1356 2812 1413 2871 id
1446 2821 1535 2871 est
1564 2814 1877 2872 nocturnis.
1933 2829 2005 2869 ne
2039 2813 2166 2891 quis

144 2903 400 2953 vestrum
423 2901 589 2970 putet
618 2891 708 2950 his
735 2902 1026 2953 cessatum
1050 2894 1230 2953 horis,
1267 2896 1392 2955 dies
1417 2896 1588 2955 vobis
1619 2896 2003 2975 inpendimus,
2038 2915 2165 2956 cum

145 2995 347 3038 somno
371 2976 767 3036 valetudinem
791 2988 1189 3056 conputamuS‚
1215 2980 1312 3039 vel
1330 2980 1445 3041 hoc
1468 2981 1598 3040 solo
1624 2982 1884 3059 praemio
1910 2983 2165 3042 contenti

148 3063 322 3140 quod,
348 3062 481 3122 dum
507 3061 618 3136 ista
646 3062 737 3139 (ut
759 3063 837 3121 ait
859 3060 934 3121 Μ.
963 3062 1185 3143 Varro)
1211 3067 1576 3140 musinamur,
1610 3058 1873 3143 pluribus
1898 3066 2056 3126 horis
2079 3069 2161 3124 vi-

82 3163 129 3200 35
146 3149 344 3206 vimus.
380 3144 656 3224 profecto
681 3147 829 3205 enim
860 3149 976 3206 vita
1008 3148 1205 3224 vigilia
1238 3158 1347 3208 est.
1406 3148 1628 3222 Quibus
1654 3150 1727 3209 de
1762 3152 1953 3211 causis
1988 3160 2162 3230 atque
2189 3162 2248 3215 19

147 3230 583 3291 difficultatibus
629 3230 766 3290 nihil
810 3249 952 3291 auso
1000 3234 1338 3309 promittere
1387 3233 1501 3292 hoc
1545 3235 1730 3311 ipsum
1780 3244 1840 3294 tu
1892 3246 2158 3314 praestas

146 3316 300 3394 quod
323 3316 393 3375 ad
420 3324 477 3373 te
511 3313 838 3373 scribimus,
879 3315 1026 3375 haec
1051 3317 1259 3375 fiducia
1288 3319 1507 3393 operiS‚
1532 3317 1680 3377 haec
1706 3329 1795 3377 est
1819 3319 2154 3377 indicatura.

145 3399 319 3459 multa
362 3398 535 3459 valde
581 3400 842 3476 pretiosa
887 3400 1022 3459 ideo
1053 3401 1323 3464 videntur
1358 3402 1490 3478 quia
1522 3411 1651 3461 sunt
1680 3402 1913 3479 templis
1946 3402 2151 3460 dicata.
