2320 3650
578 75 740 120 ΝΑΤ.
771 72 954 120 HIs'r.
978 72 1073 120 xi.
1114 66 1352 121 16—18.
1381 58 1689 136 (ιδ-19.)
2029 60 2145 126 167

83 232 491 307 lictoresque
507 226 749 287 :adsidui
782 226 1060 286 custodes
1092 226 1471 285 auctoritatis,
1547 226 1817 303 procedit
1847 226 2005 287 foras
2034 244 2147 288 non
2165 237 2235 290 54
2268 223 2269 234 ’

82 319 204 376 nisi
250 315 595 390 migraturo
642 312 925 369 examine.
1004 310 1063 369 id
1101 310 1280 369 multo
1322 309 1686 386 intellegitur
1717 319 1883 384 ante,
1930 312 2149 390 aliquot

85 400 326 461 diebus
365 413 660 455 murmure
692 397 842 454 intus
875 403 1212 472 strepente,
1256 393 1568 472 adparatus
1600 395 1791 454 indice
1823 394 1974 455 diem
2004 405 2143 456 tem-

83 486 432 563 pestivom
457 480 846 570 eligentium.
890 480 940 538 si
983 479 1111 556 quis
1158 477 1308 538 alam
1356 480 1409 538 ei
1443 479 1779 552 detruncet,
1821 497 1936 542 non
1967 480 2148 558 fugiat

50 583 396 628 sexamen.
472 583 601 623 cum
650 559 1039 661 processere,
1084 580 1148 621 se
1197 579 1467 641 quaeque
1504 580 1843 642 proxumam
1872 565 1958 624 illi
1994 568 2151 644 cupit

88 671 240 712 esse
298 660 367 710 et
404 652 461 708 in
492 648 690 708 officio
722 648 987 726 conspici
1017 646 1252 723 gaudet.
1322 646 1545 710 fessum
1574 649 1786 706 umeris
1819 648 2146 726 sublevant,

86 736 373 796 validius
407 734 707 809 fatigatum
742 750 817 791 ex
851 740 977 790 toto
1008 740 1262 808 portant.
1331 733 1381 791 si
1413 748 1524 810 qua
1556 732 1772 798 lassata
1807 731 2025 793 defecit
2055 744 2151 795 aut

85 821 264 880 forte
306 818 643 891 aberravit,
678 817 862 876 odore
894 817 1288 894 persequitur.
1348 815 1697 893 ubicumque
1730 815 1829 875 ille
1860 818 2146 895 consedit,

86 905 176 963 ibi
213 910 575 963 cunctarum
607 910 799 960 castra
831 909 979 959 sunt.

50 1003 70 1042 ο
237 985 407 1085 (18)
452 984 613 1044 Tunc
647 993 877 1044 ostenta
908 985 1124 1044 faciunt
1159 985 1382 1063 privata
1405 1002 1477 1044 ac
1505 983 1762 1062 publica,
1797 1003 1908 1045 uva
1931 984 2145 1063 depen·
2163 998 2231 1049 55

90 1074 289 1132 dente
317 1073 382 1129 in
413 1068 679 1130 domibus
703 1069 1073 1147 templisque,
1099 1086 1283 1147 saepe
1314 1070 1549 1147 expiata
1579 1070 1808 1146 maguis
1821 1070 2145 1130 eventibus.

91 1158 337 1216 sedere
387 1156 444 1213 in
491 1171 597 1213 ore
640 1153 870 1213 infantis
918 1162 1036 1212 tum
1087 1154 1257 1213 etiam
1288 1151 1578 1228 PlatoniS,
1623 1155 1962 1214 suavitatem
1990 1154 2150 1215 illam

91 1238 462 1319 praedulcis
510 1238 709 1315 eloqui
743 1238 1180 1316 portendentes.
1255 1237 1470 1296 sedere
1514 1239 1570 1297 in
1603 1240 1811 1297 castris
1842 1238 2020 1297 Drusi
2047 1242 2147 1300 im·

94 1324 454 1403 peratoris,
502 1340 627 1381 cum
677 1324 1075 1400 prosperrime
1116 1331 1428 1400 pugnatum
1458 1321 1610 1399 apud
1643 1321 1998 1384 Arbalonem
2033 1333 2146 1399 est,

51 1408 248 1469 ⁵haut
289 1424 587 1485 quaquam
625 1415 910 1485 perpetua
940 1406 1312 1484 haruspicum
1343 1406 1709 1480 coniectura,
1748 1407 1845 1483 qui
1877 1407 2059 1467 dirum
2088 1408 2146 1468 id

97 1501 417 1551 ostentum
455 1492 785 1551 existimant
817 1508 1072 1568 semper.
1132 1490 1300 1549 Duce
1336 1507 1552 1567 prenso
1583 1498 1762 1549 totum
1794 1499 2025 1550 tenetur
2048 1510 2147 1568 ag-
2163 1500 2232 1554 56

95 1595 280 1650 men,
336 1575 554 1633 amisso
595 1574 867 1635 dilabitur
903 1576 1227 1652 migratque
1274 1574 1345 1635 ad
1390 1573 1559 1633 alios.
1627 1592 1762 1633 esse
1793 1576 1992 1653 utique
2022 1577 2148 1637 sine
2184 1617 2189 1621 ⁴

98 1679 259 1738 rege
299 1675 425 1718 non
457 1669 718 1736 possunt.
784 1660 995 1720 invitae
1026 1668 1218 1718 autem
1243 1658 1590 1718 interemunt
1621 1675 1759 1735 eos,
1795 1677 1922 1719 cum
1947 1660 2149 1738 plures

97 1746 309 1818 fuere,
340 1744 663 1822 potiusque
694 1745 1054 1812 nascentium
1084 1742 1290 1803 domos
1321 1744 1578 1818 diruunt,
1614 1744 1663 1803 si
1698 1753 2014 1821 proventus
2042 1744 2145 1805 de-

50 1839 82 1879 v
102 1838 418 1908 speratur.
487 1837 621 1889 tunc
653 1838 711 1888 et
753 1830 924 1888 fucos
971 1827 1226 1906 abigunt.
1289 1842 1632 1907 quamquam
1666 1837 1727 1888 et
1768 1829 1840 1889 de
1872 1829 1942 1889 iis
1971 1831 2147 1890 video
2165 1835 2233 1891 57

101 1913 376 1973 dubitari
403 1914 817 1991 propriumque
849 1913 921 1973 iis
950 1931 1139 1989 genus
1163 1931 1300 1973 esse
1333 1914 1565 1992 aliquos
1597 1915 1967 1990 existimare,
2001 1915 2151 1974 sicut

99 1997 385 2070 furibnS,
423 1997 823 2073 grandissimis
869 1998 1018 2057 inter
1047 1997 1219 2073 illos,
1270 1997 1374 2057 sed
1402 1999 1583 2074 nigris
1611 1997 1844 2077 lataque
1874 1999 2035 2074 alvo,
2071 2000 2150 2059 ita

101 2081 461 2160 appellatis,
497 2082 628 2158 quia
662 2082 854 2140 furtim
877 2082 1164 2141 devorent
1192 2082 1385 2142 mella.
1456 2091 1676 2142 certum
1710 2092 1799 2142 est
1833 2082 1905 2142 ab
1939 2081 2148 2160 apibus

98 2165 288 2224 fucos
310 2165 582 2224 interfici.
645 2168 854 2243 utique·
872 2184 1075 2243 regem
1104 2182 1222 2225 non
1242 2165 1478 2226 habent.
1530 2184 1723 2244 aequo
1742 2166 1916 2226 modo
1941 2168 1990 2224 si
2022 2168 2147 2225 sine

50 2266 82 2304 s
103 2249 335 2309 aculeo
368 2259 681 2309 nascantur
701 2251 759 2308 in
784 2252 1125 2327 quaestione
1158 2259 1268 2309 est.
1330 2248 1538 2309 Umido
1562 2268 1705 2309 vere
1728 2251 1936 2310 melior
1970 2250 2144 2326 fetus,
2163 2258 2232 2312 58

103 2334 283 2392 sicco
317 2331 438 2391 mel
470 2335 790 2411 copiosius.
852 2335 1007 2412 quod
1043 2336 1091 2393 si
1123 2334 1322 2394 deficit
1351 2334 1574 2412 aliquas
1613 2335 1778 2394 alvos
1812 2334 2008 2409 cibus,
2044 2336 2145 2394 im-

102 2426 322 2495 petum
356 2417 411 2474 in
444 2435 756 2495 proxumas
787 2419 1004 2479 faciunt
1033 2419 1274 2497 rapinae
1306 2420 1632 2497 proposit0.
1693 2426 1752 2478 at
1780 2419 1919 2478 illae
1946 2428 2148 2480 contra

103 2501 378 2577 dirigunt
423 2502 625 2561 aciem.
694 2511 752 2562 et
784 2504 834 2562 si
865 2512 1062 2562 custos
1095 2503 1276 2576 adsit,
1323 2503 1600 2563 alterutra
1636 2519 1808 2579 parS,
1854 2519 2004 2582 quae
2035 2502 2147 2562 sibi

101 2586 328 2644 favere
360 2587 581 2662 sensit,
692 2604 728 2644 n
758 2586 981 2666 adpetit
1010 2605 1158 2647 eum.
1221 2586 1314 2646 Ex
1348 2587 1477 2646 aliis
1509 2604 1744 2685 quoque
1774 2605 1957 2666 saepe
1988 2588 2145 2648 dimi·

50 2677 253 2729 nocant
310 2671 537 2747 causis,
563 2604 858 2770 ‹ffasque
899 2673 1060 2731 acies
1106 2672 1428 2732 contrarias
1479 2671 1592 2732 duo
1639 2672 2022 2750 imperatores
2062 2673 2146 2730 in·

111 2761 386 2829 struunt,
420 2770 684 2814 maxume
716 2757 841 2816 rixa
867 2757 933 2814 -in
966 2755 1365 2816 convehendis
1400 2754 1640 2816 floribus
1677 2764 1882 2816 exorta
1915 2764 1976 2815 et
2005 2772 2146 2815 suos

111 2836 454 2916 quibusque
512 2839 925 2916 evocantibus,
976 2857 1127 2917 quae
1172 2840 1463 2901 dimicatio
1504 2841 1718 2900 iniectu
1761 2840 2021 2919 pulveris
2051 2847 2146 2901 aut

109 2922 277 2981 fumo
310 2931 435 2982 tota
466 2922 788 2983 discutitur.
837 2925 1253 2985 reconciliatur
1281 2942 1427 2984 vero
1459 2923 1613 2985 lacte
1637 2925 1735 2984 vel
1757 2942 1907 3003 aqua
1936 2924 2141 2985 mulsa.

249 3005 347 3066 18.
400 3006 569 3086 (19.)
618 3007 781 3086 Apes
814 3017 944 3068 sunt
977 3017 1036 3068 et
1076 3009 1330 3070 rusticae
1362 3008 1832 3087 silvestresque,
1870 3007 2230 3074 horridaess

50 3109 92 3150 ³5
113 3089 440 3168 adspectu,
477 3092 659 3152 multo
690 3094 1126 3168 iracundiores,
1159 3093 1267 3153 sed
1290 3110 1473 3171 opere
1505 3111 1575 3154 ac
1608 3093 1811 3154 labore
1842 3102 2146 3171 praestan-

110 3183 226 3233 ωε.
291 3175 643 3235 urbanarum
664 3177 779 3237 duo
811 3195 1066 3255 genera:
1114 3186 1387 3254 optumae
1411 3177 1624 3237 breves
1654 3178 1969 3256 variaeque
2001 3188 2060 3238 et
2089 3180 2146 3239 in

111 3261 534 3320 rotunditatem
566 3262 960 3339 conpactiles,
997 3261 1326 3321 deteriores
1359 3261 1572 3339 longae
1613 3271 1672 3321 et
1706 3262 1911 3342 quibus
1946 3262 2142 3323 simili-
2268 3320 2269 3339 ,

111 3344 254 3404 tudo
286 3361 626 3424 vesparum,
661 3348 966 3406 etiamnum
996 3346 1346 3407 deterrimae
1371 3363 1448 3406 ex
1476 3347 1546 3406 iis
1570 3348 1816 3427 pilosae.
1873 3345 1936 3406 In
1959 3346 2142 3407 Ponto
2174 3378 2270 3580 Δ
