2320 3650
534 196 537 205 ,
577 117 737 165 mr.
784 116 966 169 ms‘r.
1012 117 1080 165 v,
1123 111 1362 168 29-30.
1415 92 1721 183 (sl-433.)
2020 104 2145 171 209
2227 125 2230 129 ’

151 268 535 349 Neontichos‚
577 268 847 332 Temnos.
921 259 979 330 in
1009 287 1121 329 ora
1147 278 1337 330 autem
1371 267 1604 330 Titanus
1634 269 1815 330 amnis
1852 279 1911 331 et
1940 271 2142 332 civitas

151 354 222 415 ah
253 362 326 414 e‘o
358 355 775 431 cognominata.
835 354 941 414 fuit
970 363 1030 413 et
1061 352 1303 431 Grynia,
1331 371 1481 414 nunc
1508 362 1720 414 tantum
1749 363 1973 431 portus,
2008 356 2145 416 olim

151 438 334 499 insula
382 437 767 516 adprehensa.
860 437 1132 516 oppidum
1176 437 1388 517 Elaea,
1444 446 1505 497 et
1552 455 1629 498 ex
1670 436 1854 513 Mysia
1902 441 2144 507 veniens

153 519 360 583 Caicus
393 521 595 610 amnis,
658 521 932 600 oppidum
953 520 1183 599 Pitane,
1221 519 1466 581 Canaius
1495 522 1694 581 amnis.
1755 521 2225 588 Intercidere122

104 633 133 673 5
156 603 379 681 Canae,
413 604 825 682 Lysimachea,
860 605 1144 682 Atarnea,
1180 602 1439 680 Carene,
1474 601 1770 682 Cisthene,
1804 604 1985 682 Cilla,
2029 606 2140 667 Co·
2255 646 2258 649 >

89 728 92 729 ν
151 690 392 765 cylium,
448 688 684 767 Thebe,
737 689 984 765 Astyre,
1040 686 1298 765 Chrysa,
1357 688 1796 769 Palaescepsis,
1844 688 2139 768 Gergitha,

148 772 470 834 Neandros.
548 790 700 844 nunc
731 782 821 834 est
851 772 1184 852 Perperene
1216 773 1451 848 civitas,
1487 772 1870 847 Heracleotes
1899 783 2138 850 tractus,

152 855 455 935 Coryphas
497 856 804 936 oppidum,
848 875 1045 919 amnes
1086 856 1349 933 Grylios,
1392 855 1616 933 Ollius,
1653 858 1818 935 regio
1854 857 2139 935 Aphrodi-

150 942 269 1001 sias
298 958 448 1019 quae
477 949 647 1002 antea
677 941 920 1001 Politice
954 939 1160 1019 Orgas.
1235 943 1403 1018 regio
1434 942 1703 1021 Scepsis,
1747 942 1957 1003 flumen
1987 941 2138 1003 Eve-

83 1042 314 1102 wnum,
360 1025 523 1085 cuius
563 1025 622 1084 in
659 1025 800 1104 ripis
842 1025 1189 1086 intercidere
1231 1020 1555 1103 Lyrnesos,
1598 1025 1846 1097 Miletos.
1920 1024 1985 1095 In
2025 1027 2141 1088 hoc

148 1116 333 1171 tractu
362 1106 465 1168 Ide
493 1124 711 1185 mons,
730 1117 790 1169 et
823 1110 879 1168 in
913 1126 1016 1170 ora
1047 1127 1197 1188 quae
1227 1109 1409 1168 sinum
1442 1111 1865 1188 cognominavit
1899 1119 1972 1173 et.
2004 1127 2138 1170 con-

146 1200 378 1252 ventum
398 1190 808 1269 Adramytteos
830 1193 967 1253 olim
988 1193 1247 1254 Pedasus
1270 1193 1441 1254 dicta.
1484 1194 1709 1255 flumina
1732 1194 1968 1270 Astron,
1997 1192 2137 1254 Cor·

147 1275 363 1351 maloS,
397 1273 672 1354 Crianos,
707 1276 1088 1353 Alabastros,
1119 1275 1329 1336 Hieros
1361 1295 1436 1337 ex
1468 1277 1597 1353 Ida,
1625 1278 1774 1338 intus
1804 1294 1972 1338 mons
2002 1278 2138 1338 Gar-

146 1376 289 1438 gara
319 1359 644 1439 eodemque
670 1361 897 1421 nomine
930 1361 1221 1440 oppidum.
1275 1378 1476 1421 rursus
1501 1362 1558 1422 in
1588 1361 1758 1422 litore
1783 1361 2108 1422 Antandros
2123 1372 2223 1426 123

83 1455 134 1498 ¹5
149 1443 371 1505 Edonis
404 1445 563 1522 prius
593 1452 839 1522 vocata,
871 1445 1005 1505 dein
1039 1442 1371 1521 Cimmeris,
1400 1445 1621 1521 Assos,
1664 1445 1865 1506 eadem
1894 1445 2137 1524 Apollo-

146 1528 258 1589 nia.
335 1527 444 1589 fuit
490 1536 549 1588 et
594 1528 978 1589 Palamedium
1021 1528 1313 1607 oppidum.
1413 1530 1861 1607 promontorium
1906 1527 2140 1588 Lectum

146 1611 547 1677 disterminans
581 1611 829 1673 Aeolida
876 1622 936 1674 et
969 1611 1215 1674 Troada.
1305 1612 1411 1675 fuit
1452 1622 1511 1673 et
1553 1612 1861 1688 Polymea,
1915 1610 2138 1687 Chrysa

149 1704 211 1759 et
238 1695 435 1755 Larisa
465 1694 597 1757 alia.
667 1695 1004 1757 Zminthium
1031 1696 1308 1775 templum
1350 1698 1531 1759 durat.
1603 1698 1750 1758 intus
1788 1694 2012 1756 Colone
2055 1698 2218 1755 i-n-121

146 1778 398 1841 tercidit.
501 1777 810 1858 deportant
870 1779 1304 1858 Adramytteum
1362 1784 1594 1859 negotia
1648 1776 2053 1861 Apolloniatae
2104 1798 2136 1840 a

77 1878 130 1921 20
150 1863 468 1940 Rhyndaco
506 1881 703 1940 amne,
731 1863 934 1942 Eresi,
954 1864 1421 1944 *Miletopolitaffi
1455 1866 1836 1943 Poemaneni,
1867 1864 2134 1925 Macedo-

146 1966 254 2020 nes
297 1946 659 2023 Asculacae,
704 1947 1072 2025 Polichnaei,
1103 1948 1392 2027 Piouitae,
1441 1946 1658 2010 Cilices
1704 1948 2134 2023 Mandacadeni,

144 2033 208 2177 {n
259 2029 443 2107 Mysia
492 2030 794 2093 Abretteni
843 2042 904 2094 et
946 2032 1332 2113 Hellespontii
1379 2033 1656 2113 appellati
1711 2043 1771 2094 et
1824 2034 1919 2095 alii
1972 2034 2134 2109 igno-

189 2116 319 2176 iles.

323 2198 493 2280 (33.)
536 2195 783 2262 Troadis
810 2200 1023 2280 primus
1054 2201 1220 2280 locus
1252 2201 1617 2277 Hamaxitus,
1653 2199 1785 2261 dein
1814 2197 2099 2260 Cebrenia
2124 2210 2219 2263 124

75 2299 128 2350 2⁵
150 2285 395 2364 ipsaque
420 2283 604 2346 Troas
633 2285 944 2362 Antigonia
973 2285 1145 2361 dicta,
1175 2303 1323 2345 nunc
1351 2284 1724 2360 Alexandria,
1758 2283 1986 2345 colonia
2021 2283 2134 2343 Ro·

144 2386 330 2428 mana.
392 2368 666 2448 oppidum
698 2368 844 2429 Nee.
900 2369 1248 2429 Scamander
1272 2369 1449 2428 amnis
1477 2367 1815 2445 navigabilis
1841 2377 1899 2428 et
1927 2368 1984 2427 iu
2003 2384 2133 2448 pro-

145 2454 432 2512 montorio
476 2452 760 2531 quondam
802 2453 1037 2528 Sigeum
1080 2452 1369 2530 oppidum.
1450 2452 1582 2512 dein
1624 2459 1825 2529 portus
1865 2451 2132 2512 Achaeo—

146 2553 309 2611 rum,
354 2536 411 2596 in
454 2554 623 2614 quem
663 2534 844 2596 influit
872 2534 1130 2596 Xanthus
1168 2536 1445 2596 Simoenti
1488 2536 1710 2595 iunctus
1758 2544 2135 2614 stagnumque

146 2620 308 2696 prius
359 2620 580 2681 faciens
640 2618 1170 2680 Palaescamander.
1291 2620 1471 2680 ceteri
1524 2618 1775 2680 Homero
1831 2618 2132 2694 celebrati,

75 2715 129 2762 3ο
146 2701 412 2780 Rhesus,
437 2701 836 2781 Heptaporus,
864 2701 1143 2778 Caresus,
1173 2700 1455 2780 Rhodius,
1484 2703 1730 2779 vestigia
1756 2718 1870 2761 non
1904 2700 2133 2762 habent.

149 2784 429 2847 Granicus
477 2786 710 2848 diverso
754 2795 941 2847 tractu
980 2788 1036 2847 in
1079 2786 1429 2866 Propontida
1469 2786 1622 2862 fluit,
1667 2794 1758 2847 est
1795 2795 2001 2846 tamen.
2078 2795 2137 2843 et

145 2869 308 2948 prius
340 2869 705 2931 Scamandria
746 2872 947 2932 civitas
993 2888 1204 2949 parva,
1252 2867 1324 2931 ac
1362 2869 1421 2930 M
1450 2870 1500 2929 D
1544 2887 1751 2948 passus
1791 2878 2071 2931 remotum
2100 2886 2133 2929 a

145 2962 319 3031 portu
347 2952 512 3013 Ilium
542 2955 766 3014 inmune
786 2999 803 3030 ,
852 2955 999 3015 unde
1031 2956 1212 3015 omnis
1241 2973 1433 3015 rerum
1476 2954 1726 3014 claritas.
1802 2950 1982 3014 Extra
2024 2953 2097 3011 si·
2118 2963 2217 3015 125

144 3055 280 3097 num
319 3046 451 3097 sunt
481 3036 748 3099 Rhoetea
769 3037 951 3098 ‘litora
987 3038 1254 3098 Rhoeteo
1285 3047 1345 3098 et
1374 3036 1663 3098 Dardanio
1697 3045 1756 3098 et
1785 3036 1997 3096 Arisbe
2029 3054 2131 3115 op-

74 3120 299 3199 aspidis
351 3120 621 3182 habitata.
703 3121 809 3182 fuit
860 3131 918 3181 et
968 3121 1280 3182 Achilleon
1334 3122 1607 3199 oppidum
1660 3122 1817 3180 iuxta
1864 3120 2132 3180 tumulum
2221 3165 2240 3176 .

144 3203 398 3265 Achillis
442 3205 729 3270 conditum
778 3222 812 3265 a
852 3204 1216 3281 Mytilenaeis
1266 3213 1325 3265 et
1370 3222 1505 3266 mox
1544 3203 1990 3265 Atheniensibus
2038 3204 2133 3264 ubi

104 3349 109 3356 ὁ
146 3287 529 3347 classiseius
571 3296 813 3349 steterat
858 3289 916 3348 in
959 3290 1158 3365 Sigeo.
1247 3289 1359 3349 fuit
1400 3297 1458 3347 et
1493 3287 1780 3348 Aeantion
1822 3306 1855 3347 a
1892 3287 2131 3348 Rhodiis
2239 3339 2240 3346 ,

147 3370 439 3430 conditum
466 3371 525 3430 in
557 3371 973 3450 altero-cornu,
1007 3372 1191 3468 Aiace
1219 3372 1297 3433 ibi
1328 3371 1593 3451 sepulto,
1628 3369 1793 3433 XXX
1820 3371 2134 3432 stadiorum

231 3474 371 3513 rum
399 3474 522 3514 mr.
555 3475 691 3515 rusr.
724 3461 765 3514 Ι.
1805 3456 1876 3515 14

2129 3581 2140 3588 ,
2167 3545 2320 3591 ⁴
