2320 3650
175 97 299 159 214
880 107 942 155 c.
975 107 1168 155 Pmm
1201 106 1500 167 securim

87 275 157 330 38
197 258 202 265 ’
312 265 409 324 10.
456 261 626 342 (21.)
657 261 857 339 “tylos
886 262 1070 322 insula
1098 264 1157 322 in
1186 262 1396 322 eodem
1443 262 1569 322 sinu
1610 269 1728 338 est,
1763 265 2004 344 repleta
2033 266 2215 326 silvis

115 364 123 389 ¹
173 366 283 428 qua
321 355 549 433 spectat
580 347 862 407 orientem
893 364 1122 425 quaque
1154 355 1216 406 et
1246 347 1374 424 ipsa
1401 355 1568 406 aestu
1598 348 1774 407 maris
1792 349 2206 428 perfunditur.

170 431 501 511 magnitudo
543 431 786 508 singulis
826 430 1133 491 arboribus
1162 429 1287 506 fici,
1331 429 1442 489 flos
1474 432 1756 491 suavitate
1786 432 2206 507 inenarrabili,

173 533 403 594 pomum
432 514 628 596 lupino
671 516 891 590 simile,
924 524 1167 592 propter
1207 515 1581 592 asperitatem
1614 515 1886 577 intactum
1919 517 2206 576 omnibus

170 598 528 662 animalibus,
605 596 882 659 Eiusdem
909 598 1134 658 insulae
1174 598 1513 658 excelsiore
1555 609 1839 676 suggestu
1883 601 2245 677 lanigera‘es

170 684 414 744 arbores
447 684 562 742 alio
596 683 769 743 modo
807 700 973 761 quarn
1004 683 1230 742 Serum.
1287 682 1375 741 bis
1404 682 1546 743 folia
1574 683 1884 744 infecunda
1920 703 2109 763 quae,
2145 686 2204 744 ni

169 770 389 829 minora
436 768 910 841 essent,··vitium
949 775 1220 844 poterant
1252 766 1457 825 videri.
1530 765 1725 827 ferunt
1764 768 1900 828 mali
1949 771 2201 829 cotonei

169 849 540 931 amplitudine
566 850 895 910 cucurbitas
917 866 1067 927 quae
1095 851 1420 910 maturitate
1448 860 1656 929 ruptae
1682 853 2005 926 ostendunt
2027 852 2197 913 lanu·

84 945 153 1000 39
172 938 320 1014 ginis
352 935 503 1013 pilas
527 952 602 994 ex
632 934 838 1012 quibus
864 936 1047 994 vestis
1071 935 1332 1012 pretioso
1363 934 1544 994 linteo
1579 933 1811 995 faciunt.
1880 938 1980 996 11.
2015 937 2196 997 arbu-

169 1037 267 1079 res
293 1026 522 1083 ,vocant
561 1019 972 1096 gossypinum,
1017 1018 1302 1078 fertiliore
1343 1020 1514 1079 etiam
1547 1017 1699 1093 Tylo
1726 1022 1990 1095 minore,
2036 1032 2257 1099 quaero

172 1103 343 1163 distat
370 1117 417 1161 x
459 1100 518 1160 Μ
546 1119 703 1179 pass.
1282 1120 1287 1123 ·

297 1184 466 1264 (22.)
505 1184 647 1245 Iuba
691 1187 847 1246 circa
890 1187 1157 1246 fruticem
1194 1186 1493 1262 lanugines
1542 1203 1678 1246 esse
1721 1188 1927 1262 tradit,
1983 1188 2191 1248 lintea·

171 1287 283 1354 que
320 1286 389 1328 ea
418 1269 630 1329 Indicis
664 1265 1116 1347 praestantiora,
1153 1270 1406 1331 Arabiae
1439 1277 1631 1329 autem
1660 1270 1907 1331 arbores
1952 1289 2033 1332 ex
2062 1274 2190 1351 qui·

171 1354 278 1413 bus
307 1355 490 1412 vestis
522 1353 737 1414 faciant
768 1372 945 1428 cynas
989 1357 1225 1428 vocari,
1254 1354 1399 1414 folio
1429 1353 1656 1431 palmae
1688 1348 1880 1416 simili.
1957 1356 2061 1416 Sic
2093 1359 2189 1416 In·

166 1436 276 1497 d'os
308 1455 447 1497 suae
478 1437 722 1498 arbores
746 1440 1015 1498 vestiunt.
1079 1441 1137 1498 in
1162 1437 1325 1513 Tylis
1355 1447 1543 1498 autem
1574 1448 1635 1498 et
1654 1439 1774 1500 alia
1805 1439 1987 1499 arbor
2015 1440 2189 1501 floret
2205 1451 2242 1491 ¹⁵

170 1521 341 1582 albae
362 1522 559 1582 violae
584 1523 814 1600 specie,
843 1523 954 1583 sed
978 1521 1365 1600 magnitudine
1397 1516 1781 1603 quadriplice,
1801 1516 1942 1582 'sine
1973 1525 2183 1598 odore,

170 1604 324 1684 quod
353 1607 623 1669 miremur
654 1608 709 1665 in
742 1623 815 1665 eo
841 1615 1046 1666 tractu.

82 1697 154 1752 40
297 1688 465 1768 (23.)
511 1687 618 1749 Est
647 1698 706 1748 et
734 1690 846 1750 alia
878 1690 1109 1768 similis,
1142 1690 1414 1751 foliosior
1446 1700 1661 1766 tamen,
1691 1691 1971 1770 roseique
2000 1691 2182 1764 floris,

169 1790 338 1854 quem
369 1781 545 1833 noctu
577 1775 946 1852 conprimens
977 1776 1208 1854 aperIre
1241 1774 1442 1854 incipit
1478 1775 1623 1836 solis
1660 1783 1904 1850 exortu,
1938 1775 2181 1836 meridie

169 1857 462 1936 expandit.
526 1858 757 1919 incolae
789 1858 1041 1918 dormire
1072 1876 1204 1919 eum
1224 1859 1435 1919 dicunt.
1496 1858 1637 1919 Fert
1670 1859 1876 1919 eadem
1904 1859 2099 1920 insula
2126 1868 2236 1919 et„

168 1942 387 2020 palmas
428 1941 711 2019 oleasque
765 1959 835 2002 ac
884 1944 1017 2002 vitis
1049 1952 1107 2002 et
1151 1959 1277 2002 cum
1323 1944 1553 2024 reliquo
1606 1959 1909 2022 pomorum
1952 1959 2178 2020 genere

167 2024 331 2086 ficos.
397 2025 556 2085 nu‘ll'i‘
582 2025 852 2085 arborum
901 2027 1042 2086 folia
1077 2026 1157 2086 ibi
1203 2027 1508 2103 decidunt,
1571 2028 1909 2106 rigaturque
1963 2027 2176 2104 gelidis

167 2109 424 2170 fontibus
454 2109 731 2170 etimbris
762 2112 998 2189 accipit.

78 2202 146 2258 41
291 2193 459 2273 (24.)
507 2193 787 2255 vicinitas
815 2194 1070 2255 Arabiae
1102 2194 1325 2273 flagitat
1349 2195 1633 2272 quandam
1661 2212 1945 2272 generum
1978 2194 2173 2255 distin·
2296 2189 2301 2278 l

167 2280 451 2354 ctionem,
500 2279 766 2356 quoniam
809 2278 1030 2339 fructus
1072 2280 1142 2337 iis
1181 2279 1446 2339 c‘onstant
1485 2279 1716 2353 radice,
1761 2279 2011 2353 frutice,
2051 2291 2225 2338 cor-a

162 2361 315 2437 tice,
352 2379 530 2437 suco,
564 2362 830 2437 lacrima,
865 2363 1058 2440 ligno,
1093 2363 1351 2438 surculo,
1384 2362 1565 2436 flore,
1604 2362 1771 2439 folio,
1803 2376 2004 2442 pomo.
2044 2377 2049 2380 ·

298 2444 397 2505 12.
436 2445 606 2524 (25.)
638 2445 821 2506 Radix
852 2455 913 2505 et
943 2447 1154 2506 folium·
1177 2444 1333 2506 Indis
1363 2449 1420 2505 in
1456 2463 1722 2506 maxumo
1752 2448 1966 2525 pretio.
2014 2447 2175 2507 radix

165 2530 314 2588 costi
336 2538 509 2605 gustu
534 2530 792 2604 fervens,
826 2531 1010 2591 odore
1033 2531 1272 2605 eximia,
1306 2530 1531 2591 frutice·
1550 2531 1696 2591 alias
1725 2528 1931 2590 inutili.
1990 2533 2173 2607 primo

165 2614 354 2672 statim
395 2614 628 2672 introitu
675 2615 853 2674 amnis
882 2614 1012 2675 Indi«
1049 2616 1107 2673 in
1143 2613 1343 2674 Patale
1377 2615 1561 2674 insula
1593 2615 1717 2675 *duo
1767 2616 1893 2673 eius
1920 2628 2169 2689 genera,

160 2697 384 2776 nigrum
414 2705 475 2756 et
509 2697 664 2775 quod
697 2698 903 2758 melius
940 2698 1266 2758 candicans.
1325 2700 1572 2776 pretinm
1601 2699 1659 2757 in
1687 2698 1866 2758 libras
1897 2695 2049 2776 Xy.
2184 2709 2229 2751 ω

75 2790 146 2844 42
207 2833 212 2838 .
292 2780 460 2860 (26.)
504 2779 594 2840 De
635 2777 779 2841 folio
819 2783 983 2843 nardi
1033 2782 1201 2860 plura
1243 2782 1356 2842 dici
1396 2800 1504 2862 par
1547 2792 1638 2842 est
1675 2791 1736 2842 ut
1778 2780 2088 2861 pr'mcipali
2115 2781 2170 2840 ‘m
2294 2783 2295 2802 ³

157 2867 486 2942 unguentis.
559 2865 756 2925 frutex
798 2873 890 2926 est
930 2867 1097 2946 gravi
1141 2875 1203 2925 et
1257 2884 1457 2927 crassa
1496 2866 1696 2927 radice
1738 2866 1845 2926 sed
1892 2864 2060 2924 brevi
2102 2882 2169 2925 ac

155 2949 323 3026 nigra
353 2947 685 3027 fragilique,
721 2951 979 3028 quamvis
1008 2951 1229 3028 pingui,
1262 2951 1433 3011 situm
1448 2951 1781 3026 redolente,
1810 2958 1885 3008 ut·
1905 2949 2160 3027 cypiros,

160 3047 375 3108 aspero
403 3049 649 3111 sapore,
680 3033 827 3102 folio
856 3051 1038 3113 parvo
1068 3034 1393 3112 densoque.
1454 3036 1752 3096 cacumina
1780 3036 1837 3093 in
1866 3032 2164 3091 aristamse

159 3125 475 3189 spargunt,
520 3116 654 3176 ideo
696 3120 927 3194 gemina
968 3117 1107 3177 dote
1136 3119 1301 3178 nardi
1330 3121 1533 3198 spicas
1577 3137 1649 3179 ac
1672 3118 1816 3178 folia
1847 3115 2223 3178 celebranti-

160 3193 405 3255 alterum
437 3201 563 3257 eius
595 3217 780 3275 genus
811 3202 962 3279 apud
1005 3201 1245 3278 Gangen
1274 3201 1528 3263 nascen's
1569 3204 1866 3263 damnatur
1902 3201 1961 3259 in
1988 3207 2158 3258 totu

74 3282 145 3336 43
165 3279 522 3338 ozaenitidos
552 3285 818 3358 nomine,
850 3286 1006 3344 virus
1051 3284 1355 3345 redolens.-
1423 3285 1782 3345 adulteratur
1826 3295 1885 3344 et
1913 3282 2158 3360 pseudo-

33 3371 36 3374 ·
158 3355 337 3416 nardo
371 3360 549 3422 herba
582 3382 730 3441 quae
764 3367 977 3444 ubique
1021 3371 1273 3427 nascitur
1302 3370 1598 3429 crassiore
1630 3379 1804 3448 atque
1837 3367 2042 3428 latiore
2068 3363 2156 3424 §o-

94 3481 152 3515 ha
