2320 3650
629 76 791 124 ΝΑΤ.
827 55 1011 124 H'IS'r.
1043 78 1110 124 x,
1147 74 1390 128 29—30.
1432 65 1742 144 (Διὶ-45.)
2083 67 2197 128 135

166 230 381 307 branis,
432 248 717 305 summus,
765 230 1016 305 medius,
1075 232 1238 290 imus.
1302 231 1676 310 breviterque
1709 233 1894 294 omnia
1927 241 2040 293 tam
2070 253 2197 313 par·

169 315 335 375 vulis
370 316 429 373 in
459 314 724 374 faucibus
762 333 912 392 quae
936 316 1243 394 exquisitis
1275 315 1539 376 tibiarum
1569 318 1870 377 tormentis
1904 332 1998 375 ars
2021 315 2199 378 homi-

169 420 315 460 num
363 400 752 475 excogitavit,
799 416 915 462 non
960 399 1035 457 sit
1079 408 1140 458 ut
1177 399 1408 459 dubium
1452 401 1599 460 hanc
1642 403 1983 460 suavitatem
2031 420 2198 481 prae-

171 492 559 544 monstratam
605 483 833 543 efficaci
875 484 1172 562 auspicio,
1212 502 1352 544 'cum
1399 486 1457 544 in
1489 502 1594 545 ore
1628 484 1953 545 Stesichori
1991 488 2201 546 cecinit

115 569 436 630 siniantis.
506 585 577 627 ac
607 585 681 627 ne
725 568 853 646 quis
898 565 1119 627 dubitet
1148 569 1290 628 artis
1325 586 1493 645 esse,
1542 567 1741 648 plures
1771 570 2040 646 *singulis
2073 581 2203 630 sunt

166 663 405 728 (tantm,
440 670 552 711 nec
584 652 755 712 iidem
798 651 1081 728 omnibuS,
1113 654 1220 713 sed
1252 654 1340 712 sui
1376 656 1605 732 cuique.
1669 662 1891 714 certant
1922 655 2074 713 inter
2108 665 2282 730 se‚83

164 739 494 817 palamque
525 738 781 795 animosa
814 737 1107 796 contentio
1141 748 1250 796 est.
1330 740 1484 798 victa
1512 747 1701 798 morte
1747 738 1868 797 finit
1898 756 2082 816 saepe
2116 741 2197 797 vi·

165 833 294 882 tam
343 822 549 899 spiritu
597 822 755 898 prius
802 821 1111 882 deficiente
1169 840 1338 900 quam
1382 833 1572 883 cantu.
1659 822 2001 881 meditantur
2049 823 2199 883 aliae

159 906 519 967 iuveniores
563 923 888 983 versusque
931 924 1081 984 quos
1123 907 1412 966 imitentur
1456 908 1764 985 accipiunt.
1831 906 1985 966 audit
2028 907 2197 966 disci·

89 1001 144 1041 ¹0
164 991 315 1071 pula
346 990 663 1049 intentione
695 1008 900 1066 magna
946 999 1006 1049 et
1047 991 1235 1051 reddit
1266 990 1609 1071 vicibusque
1639 992 1903 1050 reticent.
1971 991 2197 1050 intelle-

160 1077 334 1154 gitur
369 1075 710 1134 emendatae
742 1076 1043 1154 conreptio
1078 1085 1137 1134 et
1176 1076 1233 1134 in
1267 1076 1518 1135 docente
1554 1076 1836 1155 quaedam
1876 1076 2197 1153 reprehen-

163 1163 282 1221 sio,
326 1176 474 1236 ergo
505 1175 805 1218 servorum
827 1158 942 1218 illis
975 1162 1160 1238 pretia
1192 1169 1342 1235 sunt,
1366 1170 1425 1220 et
1455 1160 1687 1238 quidem
1719 1158 1999 1238 ampliora
2025 1177 2193 1238 quam
2212 1169 2282 1223 84

161 1244 391 1324 quibus
441 1243 584 1304 olim
622 1245 893 1320 armigeri
932 1243 1299 1322 parabantur.
1365 1246 1490 1303 scio
1537 1245 1823 1303 sestertiis
1864 1261 1973 1303 sex
2005 1245 2197 1304 candi·

163 1331 306 1391 dam
331 1328 610 1405 alioquin,
639 1328 793 1406 quod
825 1337 917 1387 est
941 1346 1127 1407 prope
1155 1329 1521 1403 invisitatum,
1546 1330 1783 1388 venisse
1808 1345 1956 1405 quae
1987 1328 2197 1407 Agrip·

91 1422 144 1466 ¹5
164 1417 350 1494 pinae
383 1412 588 1472 Claudi
615 1414 893 1491 principis
918 1415 1150 1490 coniugi
1177 1413 1329 1472 dono
1361 1413 1612 1472 daretur.
1672 1413 1990 1470 visum‘iam
2017 1430 2199 1490 saepe

162 1502 365 1559 iussas
401 1515 612 1556 canere
662 1498 937 1575 coepisse
990 1507 1212 1557 etcum
1260 1498 1598 1576 symphonia
1642 1497 2000 1571 alternasse,
2049 1496 2199 1555 sicut

161 1584 445 1643 homines
475 1592 748 1660 repertos
782 1584 878 1660 qui
910 1600 1113 1642 sonum
1143 1600 1340 1642 earum
1366 1582 1556 1642 addita
1587 1583 1644 1640 in
1668 1590 1961 1641 traversas
1990 1579 2194 1639 harun-

160 1669 341 1729 dines
381 1683 531 1746 aqua
554 1665 816 1726 foramen
849 1668 1195 1745 inspirantes
1221 1667 1529 1744 linguaeve
1567 1683 1744 1745 parva
1778 1666 1969 1743 aliqua
2011 1681 2195 1742 oppo-

159 1754 286 1813 sita
319 1768 484 1810 mora
529 1749 839 1811 indiscreta
883 1751 1201 1812 redderent
1242 1752 1630 1812 similitudine.
1697 1751 1807 1810 'sed
1850 1750 1960 1810 hae
2000 1757 2194 1809 tantae
2211 1757 2282 1812 85

89 1847 412 1914 wtamque
453 1837 712 1913 artifices
758 1838 1018 1914 argutiae
1065 1857 1097 1897 a
1129 1838 1457 1916 quindecim
1503 1837 1707 1897 diebus
1738 1835 2011 1916 paulatim
2045 1834 2196 1895 desi-

161 1930 334 1997 nunt,
375 1939 488 1980 nec
529 1930 589 1979 ut
625 1921 897 1998 fatigatas
943 1925 1138 2000 possis
1181 1923 1380 1983 dicere
1424 1933 1520 1983 aut
1547 1923 1800 1983 satiatas.
1865 1938 2002 1980 mox
2033 1928 2195 1979 aestu

160 2015 349 2066 aucto
385 2007 440 2064 in
486 2014 666 2064 totum
699 2006 811 2065 alia
843 2024 963 2065 vox
1008 2007 1089 2083 fit,
1118 2025 1230 2066 nec
1262 2007 1553 2067 modulata
1585 2016 1681 2066 aut
1710 2005 1887 2069 varia.
1953 2012 2197 2063 mutatur

160 2100 225 2152 et
263 2091 459 2150 color.
526 2099 823 2167 postremo
856 2090 1044 2150 hieme
1093 2093 1221 2169 ipsa
1253 2109 1366 2150 non
1413 2092 1720 2150 cernitur.
1710 2090 1954 2165 linguis
1999 2104 2195 2147 earum

156 2177 428 2235 tenuitas
461 2174 562 2232 illa
604 2174 788 2252 prima
814 2192 929 2233 non
963 2183 1053 2234 est
1090 2193 1242 2253 quae
1275 2176 1488 2233 ceteris
1523 2174 1745 2233 avibus.
1787 2174 2014 2252 pariunt
2050 2188 2194 2229 vere

89 2261 362 2339 2⁵primo
399 2276 528 2317 cum
562 2257 885 2335 plurumum
930 2277 1070 2319 sena
1101 2277 1232 2319 ova.

298 2344 435 2420 (44.
442 2344 471 2421 )
519 2342 651 2402 Alia
678 2345 825 2402 ratio
857 2342 1143 2424 ficeduliS.
1184 2361 1311 2402 nam
1332 2343 1574 2401 formam
1610 2341 1773 2400 simul
1807 2298 2186 2416 coloremque
2208 2346 2278 2401 86

154 2436 407 2489 mutant.
481 2426 596 2486 hoc
627 2443 836 2487 nomen
865 2437 1154 2488 autumno.
1218 2444 1336 2487 non
1365 2426 1578 2487 habent
1596 2434 1850 2503 postea,
1899 2424 2191 2484 melanco-

154 2512 340 2592 ryphi
385 2520 687 2571 vocantur.
751 2512 851 2571 Sic
916 2522 975 2571 et
1019 2512 1311 2571 erithacus
1361 2512 1553 2570 hieme
1597 2509 1746 2569 idem
1802 2509 2197 2587 phoenicurus
2266 2548 2271 2551 -

155 2619 206 2658 a
201 2604 420 2656 estate.
489 2603 667 2655 mutat
698 2605 757 2654 et
787 2615 1004 2696 upupa,
1055 2605 1117 2654 ut
1147 2595 1319 2656 tradit
1360 2594 1660 2668 Aechylus
1691 2601 1971 2672 poeta‚o
1935 2592 2195 2652 obscena

86 2690 139 2733 ³0
159 2683 318 2741 alias
349 2689 518 2758 pastu
550 2681 695 2755 avis,
727 2681 902 2741 crista
933 2682 1176 2741 visenda
1216 2680 1483 2759 plicatili‚
1517 2678 1866 2738 contrahens
1899 2693 2024 2735 eam
2059 2674 2192 2734 sub·

157 2769 491 2842 rigensque
522 2782 631 2842 per
663 2765 1080 2842 longitudinem
1111 2767 1337 2865 capitis.

297 2848 470 2927 (45.)
522 2845 824 2909 Oenanthe
857 2850 1088 2928 quidem
1125 2851 1295 2910 etiam
1324 2856 1505 2909 statos
1540 2847 1802 2907 latebrae
1828 2846 1954 2906 dies
1991 2843 2185 2903 habet.
2206 2850 2274 2908 87

156 2934 481 2994 exoriente
523 2933 664 2993 sirio
710 2934 999 2993 occultata
1051 2933 1124 2994 ab
1183 2952 1401 2994 occasu
1455 2932 1712 2992 eiusdem
1765 2928 1988 3010 prodit,
2037 2926 2194 3026 quod

151 3016 479 3092 miremur,
529 3018 673 3096 ipsis
718 3018 923 3079 diebus
969 3028 1293 3096 utrumque
1361 3018 1627 3077 chlorion
1671 3032 1928 3093 quoque,
1977 3013 2073 3091 qui
2103 3021 2190 3070 to-

86 3110 259 3163 ³⁵tus
313 3109 408 3160 est
466 3101 698 3176 luteus,
755 3103 946 3162 hieme
998 3120 1111 3161 non
1164 3104 1344 3176 visus,
1401 3102 1557 3161 circa
1608 3100 1852 3159 solstitia
1899 3097 2188 3176 procedit.

155 3187 266 3248 30.
316 3184 583 3245 Merulae
620 3187 777 3246 circa
828 3185 1113 3261 Cyllenen
1159 3185 1486 3260 Arcadiae,
1541 3203 1653 3244 nec
1702 3200 1941 3281 usquam
1988 3179 2187 3256 aliubi,

108 3314 114 3322 -
156 3269 453 3331 candidae
498 3280 829 3330 nascuntur.
892 3271 1003 3330 ibis
1050 3273 1205 3330 circa
1259 3270 1545 3377 Pelusium
1596 3278 1813 3329 tantum
1854 3267 2019 3345 nigra
2076 3272 2185 3341 est,

154 3356 387 3415 ceteris
420 3352 681 3413 omnibus
707 3355 855 3415 locis
886 3356 1145 3417 candida.
