2320 3650
166 72 247 135 66
865 81 924 129 c.
957 82 1149 130 Pmm
1183 79 1484 132 saeuum

163 229 418 300 muribus
442 237 665 311 maior,
698 236 824 296 sine
856 235 1042 295 oculis
1061 278 1079 310 ,
1111 237 1235 300 sine
1263 234 1415 311 pilo,
1452 215 1675 310 ungues
1710 240 1932 294 tantum
1964 234 2193 310 promi-

165 333 318 383 nent.
407 323 556 384 hanc
586 319 892 381 lambendo
924 319 1200 398 paulatim
1241 318 1505 393 figurant.
1595 334 1707 375 nec
1742 317 2062 394 quicquam
2100 335 2194 377 ra-

164 409 283 476 rius
316 425 486 484 quam
518 406 839 484 parientem
871 404 1075 464 videre
1106 420 1318 464 ursam.
1392 402 1527 461 ideo
1557 418 1748 461 mares
1779 401 2193 480 quadragenis

83 499 180 554 127
209 490 412 551 diebus
455 490 665 565 latent,
713 488 961 549 femina‘e
1011 488 1303 565 quaternis
1343 484 1658 546 mensibus.
1728 502 1949 563 specus
1983 487 2193 546 sinon

29 579 33 586 '
163 574 453 650 habuere,
502 573 788 642 ramorum
830 572 1213 649 fruticumque
1260 571 1540 647 congerie
1586 569 1893 632 aedificant
1931 572 2224 648 inpone-⁵

163 658 382 719 trabilis
425 658 701 718 imbribus
745 657 1025 734 mollique
1069 655 1276 716 fronde
1320 663 1668 714 constratos.
1731 655 1932 731 primis
1968 654 2190 725 diebus

161 742 252 803 bis
312 744 573 821 septenis
615 752 728 801 tam
770 742 934 817 gravi
981 756 1185 801 somno
1233 748 1565 817 premuntur
1610 748 1672 800 ut
1712 756 1786 798 ne
1829 738 2204 806 volneribus-

162 827 393 906 quidem
425 826 670 887 excitari
703 833 934 902 queant.
1024 833 1158 884 tunc
1188 825 1389 883 mirum
1419 825 1476 883 in
1508 824 1737 885 modum
1767 832 2024 886 veterno
2059 825 2184 903 pin·

160 919 464 988 guescunt.
551 911 636 970 illi
668 918 797 969 sunt
829 909 1034 987 adipes
1062 907 1535 974 medicaminibus
1567 910 1683 985 apti
1718 915 2051 985 contraque
2082 908 2180 968 de-

160 994 393 1055 fluvium
435 994 630 1071 capilli
673 1002 932 1053 tenaces.
1021 992 1094 1052 ab
1129 993 1202 1052 iis
1245 991 1451 1053 diebus
1495 993 1754 1054 residunt
1798 1010 1869 1056 ac
1916 994 2183 1069 priorum
2198 1005 2234 1046 ιο

161 1078 372 1156 pedum
418 1079 844 1137 suctu1vivont.
913 1075 1068 1135 fetus
1112 1078 1352 1153 rigentis
1399 1077 1775 1154 adprimendo
1811 1078 2057 1154 pectori
2091 1076 2177 1137 fo-

78 1172 180 1226 128
198 1171 333 1221 vent
362 1178 477 1222 non
509 1161 625 1222 alio
657 1161 911 1241 incubitu
943 1177 1111 1238 quam
1144 1161 1217 1221 ad
1252 1177 1363 1222 ova
1394 1159 1689 1221 volucres.
1757 1162 1960 1220 mirum
1992 1161 2177 1237 dictu,

161 1245 346 1324 credit
371 1242 811 1323 Theophrastus
841 1263 949 1323 per
977 1244 1128 1304 idem
1163 1254 1389 1323 tempus
1415 1253 1614 1305 coctas
1637 1261 1872 1324 quoque
1904 1262 2176 1306 ursorum

161 1331 369 1405 carniS,
404 1330 453 1390 si
481 1330 887 1404 adserventur,
912 1330 1269 1389 increscere.
1326 1329 1439 1388 cibi
1465 1328 1620 1388 nulla
1643 1338 1780 1388 tunc
1802 1339 2175 1405 argumenta,

156 1432 267 1474 nec
302 1415 411 1474 uisi
440 1415 656 1474 umoris
684 1416 989 1474 minumum
1018 1414 1077 1472 in
1106 1413 1243 1472 alvo
1275 1414 1553 1488 inveniri,
1588 1413 1881 1490 sanguinis
1916 1415 2168 1491 exiguas
2190 1427 2224 1468 u

78 1508 177 1562 129
200 1500 357 1558 circa
386 1499 564 1560 corda
593 1507 807 1559 tantum
826 1508 1043 1575 guttas,
1068 1496 1299 1575 reliquo
1331 1498 1568 1576 corpori
1596 1497 1735 1558 nihil
1767 1499 1983 1556 inesse.
2038 1516 2175 1576 pro·

88 1589 96 1600 ⁸
157 1582 368 1642 cedunt
412 1600 590 1658 vere,
636 1583 743 1643 sed
780 1600 978 1652 mares
1022 1584 1451 1660 praepingues,
1499 1582 1660 1641 cuius
1704 1582 1792 1641 rei
1840 1598 2022 1641 causa
2062 1600 2179 1641 non

158 1676 424 1745 prompta
471 1675 594 1741 est,
656 1668 875 1745 quippe
919 1682 992 1726 ne
1036 1677 1256 1726 somno·
1286 1665 1516 1743 quidem
1559 1666 1874 1742 saginatis,
1934 1675 2179 1743 praeter

85 1770 153 1806 ω
179 1750 640 1828 quattuordecim
668 1751 830 1823 dies,
866 1758 928 1810 ut
956 1749 1240 1814 diximus„
1300 1746 1582 1810 exeuntes
1613 1748 1854 1809 herbam
1885 1750 2210 1828 quandam.

155 1852 316 1893 arum
344 1837 573 1894 nomine
620 1835 881 1896 laxandis
924 1835 1210 1894 intestinis
1239 1834 1496 1913 alioquin
1530 1836 1836 1905 concretis·
1857 1834 2237 1910 devorankv

153 1919 426 1996 circaque
460 1918 727 1980 surculos
760 1919 1014 1978 dentium
1042 1917 1420 1996 praedomant
1453 1937 1711 1996 operam.
1776 1918 1932 1979 oculi
1957 1936 2178 1980 ,eornm

155 2000 532 2079 hebetantur,
581 2021 694 2081 qua
738 2018 1003 2063 maxume
1035 2020 1212 2083 causa
1237 2001 1411 2063 favos
1443 2011 1726 2082 expetunt
1754 2012 1818 2062 ut
1845 2003 2173 2065 convolnee

73 2093 174 2148 130
196 2095 379 2146 ratum
412 2086 491 2147 ab
522 2087 726 2166 apibus
756 2104 825 2147 os
854 2087 1016 2147 levet
1047 2089 1328 2163 sanguine
1353 2087 1731 2163 gravedinem
1762 2085 1937 2149 illam.
2002 2085 2170 2149 Inva-

152 2170 487 2231 lidissimum
518 2188 654 2232 urso
688 2181 882 2250 caput,
912 2172 1068 2251 quod
1100 2170 1258 2230 leoni
1290 2170 1680 2233 fortissimum.
1756 2170 1890 2231 ideo
1915 2181 2169 2247 urgente

149 2255 206 2313 vi
236 2257 672 2335 praecipitaturi
700 2274 766 2315 se
801 2275 877 2315 ex
905 2257 1098 2334 aliqua
1123 2249 1271 2332 1‘upe
1300 2254 1568 2317 manibus:
1593 2272 1666 2315 eo
1700 2264 1911 2333 operto
1941 2255 2164 2317 iaciun-
2182 2271 2234 2313 as

150 2347 262 2413 tur,
294 2357 363 2415 ac
397 2358 583 2419 saepe
609 2343 665 2401 in
695 2341 910 2401 harena
939 2338 1193 2417 colapho
1228 2339 1478 2403 infracto
1510 2341 1920 2401 exanimantur.
1999 2357 2168 2403 oere-

150 2420 257 2480 bro
302 2424 643 2485 veneficium
690 2426 886 2485 inesse
932 2423 1244 2501 Hispaniae
1293 2424 1564 2498 eredunt,
1611 2424 2066 2500 occisorumque
2111 2426 2168 2484 in

152 2508 506 2584 spectaculis
537 2512 729 2587 capita
762 2517 1021 2569 cremant
1063 2516 1334 2582 testato„
1359 2510 1627 2585 quoniam
1670 2517 1876 2586 potum
1915 2509 1973 2567 in
2017 2509 2162 2569 ursi-

67 2599 167 2653 131
194 2606 322 2650 nam
352 2590 571 2653 rabiem
605 2601 756 2670 agat.
805 2591 1213 2668 Ingrediuntur
1243 2601 1301 2651 et
1329 2591 1595 2669 bipedes.
1665 2590 1943 2653 arborem
1959 2593 2164 2652 aversi

150 2675 454 2752 derepunt.
513 2685 712 2738 tauros
761 2694 836 2737 ex
881 2692 985 2735 ore
1033 2674 1426 2753 cornibusque
1471 2693 1668 2737 eorum
1700 2675 2232 2753 omnibus,pedi-³⁰

149 2757 257 2818 bus
300 2763 573 2838 suspensi
615 2761 879 2840 pondere
931 2761 1190 2836 fatigant.
1264 2778 1376 2820 nec
1405 2759 1576 2821 alteri
1609 2759 1933 2823 animalium
1961 2762 2024 2823 in
2045 2777 2168 2822 ma·

149 2841 342 2904 leiicio
384 2845 621 2906 stultitia
665 2845 1005 2905 sollertior.
1074 2843 1393 2904 Annalibus
1432 2854 1686 2906 notatum
1718 2853 1809 2904 est
1835 2842 1914 2904 M.
1948 2843 2164 2904 Pisone

145 2925 219 2986 M.
263 2927 517 2990 Messala
548 2946 719 2989 coss.
762 2947 814 2988 a.
864 2929 918 2990 d.
964 2941 1142 2992 XIIII.
1190 2928 1471 2988 kalendas
1529 2927 1800 2993 Octobris
1850 2927 2164 2993 Domitium

147 3009 596 3079 Ahenobarbum
641 3013 888 3073 aedilem
935 3013 1193 3072 curulem
1231 3030 1402 3093 ursos
1446 3011 1783 3075 Numidicos
1830 3023 2060 3073 centum
2105 3021 2164 3073 et

147 3094 388 3154 totidem
441 3107 756 3157 venatores
803 3097 1129 3175 Aethiopas
1175 3098 1233 3155 in
1278 3099 1438 3158 circo
1485 3097 1740 3158 dedisse.
1831 3097 2011 3156 miror
2066 3097 2222 3158 acl-⁸³

149 3177 362 3236 iectum
394 3178 744 3241 ‘Numidicos
805 3181 1024 3255 fuisse,
1095 3198 1223 3240 cum
1270 3181 1326 3239 in
1367 3180 1567 3241 Africa
1603 3198 1814 3240 ursum·
1843 3196 1960 3239 non
2001 3182 2158 3257 gigni

150 3269 396 3319 constet.
909 3268 911 3270 ’
1329 3314 1332 3319 .

64 3352 169 3406 132
316 3343 415 3404 37.
465 3345 631 3422 (55.)
679 3347 1012 3407 conduntur
1044 3348 1233 3425 hieme
1267 3357 1326 3407 et
1355 3348 1576 3408 Pontici
1605 3365 1833 3424 mures,
1867 3348 2159 3410 dumtaxat
