2320 3650
196 85 312 148 188
444 78 447 81 ’
921 98 980 148 o.
1011 98 1203 147 rum
1243 97 1541 146 sscumn

194 251 503 312 fertilitatis
560 251 833 326 eximiae,
898 269 1025 309 cum
1056 252 1390 310 ¹centesima
1444 250 1613 327 fruge
1672 251 1946 327 agricolis
2005 251 2175 311 fenus

108 335 467 399 25reddente
498 342 671 392 terra.
737 334 843 393 Hic
887 334 1100 411 oppida
1132 333 1317 393 libera
1344 332 1572 411 Leptis,
1616 332 2015 410 Adrumetum,
2057 333 2173 393 Ru·

195 421 389 496 spina,
440 415 719 494 Thapsus.
775 417 906 475 inde
953 415 1179 491 Thena,
1232 416 1424 492 Aves,
1472 414 1871 494 MacomadeS,
1918 416 2174 495 Tacape,

196 502 439 561 Sabrata
480 502 818 575 contingens
860 501 1070 573 Syrtim
1111 500 1419 572 minorem,
1466 499 1536 557 ad
1582 517 1748 576 quam
1784 499 2083 559 Numidiae
2116 508 2178 558 et

195 585 429 643 Africae
459 582 529 642 ab
563 582 853 659 Ampsaga
884 582 1181 658 longitudo
1209 580 1472 640 DLXXX
1500 580 1558 639 M
1586 600 1765 659 pass,
1798 583 2036 641 latitudo
2063 600 2174 659 qua
2198 605 2225 644 s

195 668 485 743 cognitum
527 675 617 725 est
667 663 762 724 CC
809 664 884 724 M.
957 664 1042 724 Ea
1088 683 1222 742 pars
1260 682 1426 741 quam
1456 663 1709 724 Africam
1755 665 2176 744 appellavimus

197 750 463 809 dividitur
511 750 569 807 in
594 748 750 807 'duas
790 749 1149 826 provincias,
1195 757 1453 806 veterem
1496 757 1553 807 et
1593 764 1835 823 novam,
1892 748 2175 811 discretas

193 834 352 893 fossa
402 833 550 891 inter
599 831 928 890 Africanum
977 839 1317 909 sequentem
1367 838 1425 888 et
1474 847 1649 907 reges
1692 830 2174 908 Thenam·us·que

193 916 505 995 perducta,
541 914 694 991 quod
726 914 1058 992 oppiduma
1093 911 1437 990 Carthagine
1469 913 1634 972 abest
1666 910 1900 973 CCXVI
1928 913 1987 973 M
2012 931 2171 992 pass.

109 1000 341 1076 26(4.)2
374 996 599 1056 Tertius
646 999 802 1055 sinus
852 997 1119 1057 dividitur
1168 999 1225 1056 in
1275 997 1571 1072 geminos,
1629 997 1874 1056 ‘duarum
1922 998 2171 1071 Syrtium
2191 1013 2244 1054 ιο

195 1082 415 1140 vadoso
447 1098 516 1138 ac
545 1081 851 1158 reciproco
885 1081 1026 1140 mari
1055 1080 1231 1139 diros,
1289 1079 1359 1139 ad
1399 1097 1768 1156 proxumam,
1811 1097 1959 1157 quae
1989 1080 2174 1138 minor

199 1173 318 1239 est,
365 1181 396 1222 a
433 1160 778 1239 Carthagine
816 1160 962 1222 CCC
996 1163 1056 1222 M
1084 1180 1240 1240 pass.
1273 1161 1547 1236 Polybius
1579 1162 1777 1237 tradit,
1824 1165 2006 1240 ipsam
2040 1160 2085 1221 C
2116 1161 2176 1221 Μ

196 1264 466 1325 passuum
500 1247 683 1321 aditu,
731 1244 877 1311 CCC
907 1245 965 1305 M
993 1244 1223 1305 ambitu.
1280 1254 1338 1304 et
1378 1254 1533 1304 terra
1563 1255 1752 1305 autem
1781 1246 2029 1304 siderum
2070 1244 2173 1304 ob-

197 1331 525 1388 servatione
557 1329 627 1389 ad
669 1348 794 1388 eam
827 1348 934 1408 per
973 1330 1204 1389 deserta
1234 1329 1463 1388 harenis
1493 1346 1714 1406 perque
1746 1329 2177 1406 serpentis‘iter

197 1421 305 1472 est.
369 1411 676 1489 Excipiunt
707 1414 884 1473 saltus
917 1412 1129 1491 repleti
1159 1413 1407 1473 ferarum
1437 1412 1819 1486 multitudine,
1870 1420 1928 1470 et
1968 1413 2244 1480 intret-15

197 1513 294 1555 sus
343 1495 778 1572 elephantorum
825 1496 1196 1570 solitudines,
1247 1513 1383 1554 mox
1428 1496 1668 1555 deserta
1702 1503 1863 1555 vasta
1907 1494 2174 1572 ultraque

112 1587 179 1642 27
197 1578 565 1639 Garamantes
606 1579 678 1638 ab
711 1578 937 1655 Augilis
969 1578 1192 1637 dierum'
1227 1577 1336 1637 XII
1381 1579 1583 1637 itinere
1630 1578 1927 1639 distantes.
1985 1577 2177 1653 Super

194 1661 329 1720 illos
362 1662 527 1721 fuere
557 1679 701 1738 gens
733 1661 933 1737 Psylli,
970 1680 1148 1739 super
1180 1677 1325 1738 quos
1358 1661 1520 1720 lacus
1549 1659 1893 1734 Lycomedis
1926 1659 2176 1718 desertis

196 1745 594 1805 circumdatus.
666 1744 922 1821 “Augilae
972 1746 1085 1822 ipsi
1132 1744 1321 1803 medio
1374 1744 1500 1803 fere
1554 1745 1740 1822 spatio
1791 1740 2174 1803 locantur·ab

195 1825 504 1925 Aethiopia
537 1846 685 1905 quae
716 1828 786 1888 ad
818 1830 1178 1888 occidentem
1207 1829 1397 1904 vergit
1428 1837 1486 1887 et
1519 1845 1552 1887 a
1581 1829 1820 1904 regione
1852 1839 1999 1904 quae
2032 1824 2172 1885 duas
2192 1844 2245 1885 20

194 1911 382 1985 Syrtis
417 1912 718 1970 interiacet
762 1914 886 1987 pari
930 1913 1213 1989 utrimque
1258 1910 1583 1970 intervallo.
1656 1910 1774 1970 Sed
1821 1911 1991 1969 litore
2030 1910 2180 1967 inter

86 2067 95 2075 .
194 1994 334 2054 duas
365 1994 550 2082 Syrtis
582 1991 724 2053 CCL
751 1992 810 2052 M
839 2013 1126 2072 passuum.
1175 1994 1253 2052 ibi
1287 1995 1486 2053 civitas
1522 1992 1796 2068 OeensiS,
1831 1990 2045 2069 Cinyps
2075 1991 2177 2050 ssu-

193 2067 321 2135 vius
357 2095 425 2135 ac
452 2078 652 2153 regi0,
699 2076 910 2155 oppida
947 2076 1256 2154 Neapolis,
1292 2075 1523 2151 Trafra,
1555 2037 1943 2173 Abrotonum,
1976 2074 2198 2173 ‘Leptis

197 2159 379 2218 altera
410 2177 557 2236 quae
591 2161 1024 2236 cognominatur
1050 2154 1276 2235 Magna.
1341 2159 1481 2218 Inde
1512 2161 1695 2233 Syrtis
1723 2160 1904 2218 maior
1938 2157 2180 2217 circuitu

193 2239 493 2317 DCXXV,
558 2243 711 2302 aditu
766 2253 954 2304 autem
1007 2241 1267 2302 CCCXII
1316 2242 1374 2301 M
1427 2259 1715 2319 passuum.
1779 2242 1911 2301 inde
1963 2240 2246 2300 adcolitzs

113 2334 338 2401 28gens
371 2323 763 2403 Cisippadum.
833 2324 895 2385 ln
939 2327 1150 2385 intumo
1198 2328 1321 2384 sinu
1352 2324 1456 2384 fuit
1488 2342 1588 2385 ora
1618 2324 1998 2403 Lotophagon
2030 2339 2179 2401 quos

198 2408 423 2485 quidam
454 2408 778 2467 Alachroas
824 2408 1058 2484 dixere,
1106 2409 1178 2468 ad
1209 2407 1608 2467 Philaenorum
1652 2426 1799 2468 aras.
1861 2426 1936 2466 ex
1964 2407 2179 2466 harena

197 2500 327 2549 sunt
357 2509 481 2549 eae.
542 2490 634 2550 Ab
678 2491 766 2552 his
804 2508 918 2550 non
959 2490 1164 2570 procul
1210 2508 1242 2549 a
1286 2492 1613 2550 continente
1645 2492 1812 2569 palus
1854 2499 2015 2550 vasta
2062 2506 2177 2548 am·

197 2591 328 2632 nem
363 2574 655 2633 Tritonem
696 2592 1020 2651 nomenque
1056 2574 1127 2633 ab
1158 2591 1231 2633 eo
1268 2575 1510 2651 accipit,
1548 2574 1855 2634 Pallantias
1887 2571 2179 2651 appellata

198 2654 551 2716 Callimacho
613 2666 670 2716 et
726 2659 867 2716 citra
922 2659 1198 2716 minorem
1244 2657 1452 2731 Syrtim
1495 2675 1629 2716 esse
1677 2655 1857 2731 dicta,
1903 2674 1941 2716 a
1985 2655 2176 2714 multis
2197 2668 2248 2711 30

150 2759 159 2770 ·
193 2756 336 2798 vero
373 2741 521 2799 inter
552 2740 692 2799 duas
726 2740 931 2813 Syrtis.
976 2742 1426 2819 promontorium
1451 2740 1605 2817 quod
1637 2741 1912 2799 maiorem
1943 2738 2182 2798 includit

111 2820 401 2884 29Burion
434 2822 779 2901 appellatur.
812 2823 962 2884 ultra
994 2821 1313 2898 Cyrenaica
1343 2825 1659 2901 provincia.
1709 2822 1803 2882 Ad
1832 2823 1982 2882 hunc
2011 2821 2182 2879 finem

198 2904 397 2965 Africa
434 2924 466 2966 a
509 2906 683 2965 fluvio
716 2904 1008 2983 Ampsaga
1049 2906 1304 2984 populos
1345 2905 1533 2964 DXVI
1576 2906 1751 2965 habet
1795 2907 1892 2984 qui
1921 2903 2181 2963 Romano

132 2986 180 3061 ἐξ
197 2998 435 3065 pareant
468 2990 728 3066 imperio.
773 2990 830 3046 in
858 2989 947 3048 his
980 2990 1240 3049 colonias
1272 2986 1373 3063 VI,
1406 2996 1639 3066 praeter
1668 2989 1779 3047 iam
1810 2989 1991 3049 dictas
2019 2986 2181 3046 Uthi-

197 3089 357 3145 nam,
408 3070 678 3131 Tuburbi.
746 3073 958 3149 oppida
1004 3073 1212 3131 civium
1255 3070 1639 3134 Romanorum
1678 3070 1820 3146 XV,
1868 3088 1943 3130 ex
1978 3068 2250 3149 quibusss

199 3154 256 3211 in
311 3154 732 3214 mediterraneo
785 3153 1026 3214 dicenda
1075 3155 1509 3229 Absuritanum,
1562 3152 1969 3228 Abutucense,
2021 3151 2181 3212 Abo-

199 3237 425 3310 riense,
461 3235 840 3311 Canobicum,
880 3235 1254 3310 Cimavense,
1287 3237 1689 3310 Simittuense,
1725 3235 2181 3309 Thunusidense,

202 3315 654 3397 Tuburnicense,
687 3319 1159 3396 Tynidrumense,
1193 3318 1527 3397 Tibigense,
1562 3318 1803 3380 Ucitana
1837 3319 1973 3396 duo,
2004 3318 2182 3379 maius
