2320 3650
133 114 172 171 4
508 98 555 203 Ι’
644 140 653 147 ·
817 121 877 168 e.
925 122 1116 168 PLINI
1160 121 1466 170 suenum

140 289 300 355 sunt,
339 278 759 356 agricolarum,
794 278 1065 356 opificum
1095 277 1301 339 turbae
1322 324 1338 355 ,
1377 278 1630 357 denique
1663 278 1982 341 studiorum
2013 277 2171 338 otio-

143 368 242 424 εἰς.
305 365 439 444 quid
483 373 540 422 te
586 363 838 423 iudicem
870 361 1060 423 facis'?
1127 382 1257 423 cum
1286 363 1437 425 hanc
1479 381 1721 443 operam
1758 363 2166 438 condicerem,

138 468 252 509 non
285 467 418 508 eras
450 450 506 506 in
540 448 654 508 hoc
686 448 844 508 albo.
891 449 1173 508 maiorem
1203 457 1262 506 te
1295 447 1576 523 sciebam,
1612 466 1780 527 quam
1812 458 1873 507 ut
1905 448 2163 507 descen-

140 553 332 594 surum
376 533 489 592 huc
538 542 818 611 putarem.
875 543 1188 611 praeterea
1237 542 1328 592 est
1372 533 1655 612 quaedam
1719 533 1955 613 publica
1992 533 2174 591 etiam

139 620 494 678 eruditorum
535 618 805 677 reiectio.
864 618 1039 677 utitur
1085 619 1186 677 illa
1234 626 1291 676 et
1325 616 1400 677 M.
1440 617 1663 677 Tullius
1719 627 1884 677 extra
1931 634 2169 675 omnem
2198 646 2223 684 5

138 705 332 783 ingeni
358 703 555 762 aleam
588 703 848 781 posituS,
885 712 943 761 et
977 702 1166 781 (quod
1197 703 1501 781 miremur)
1540 721 1647 780 per
1679 702 2022 762 advocatum
2059 701 2165 760 de-

138 789 419 849 fenditur:
482 805 617 846 nec
660 787 1148 846 doctissimis
1233 786 1543 847 Manium
1588 786 1931 846 Persium
1974 784 2204 844 haec‘

139 872 610 950 legerenolo
638 916 654 945 ,
705 871 976 930 Iunium
1012 869 1339 948 Congum
1370 872 1564 930 volo.
1631 871 1788 950 quod
1821 872 1871 929 si
1899 869 2015 929 hoc
2051 868 2162 929 Lu·

139 959 325 1032 ciliuS,
360 958 457 1035 qui
488 957 705 1035 primus
738 957 995 1016 condidit
1027 957 1143 1015 stili
1174 974 1397 1031 nasum,
1432 956 1740 1016 dicendum
1770 955 1884 1014 sibi
1913 955 2164 1034 putavit,

141 1046 187 1101 si
227 1040 440 1102 Cicero
472 1041 838 1100 mutuandum
859 1085 875 1116 ,
910 1043 1270 1119 praesertim
1292 1058 1419 1100 cum
1451 1041 1526 1100 de
1560 1059 1628 1100 re
1660 1039 1896 1119 publica
1928 1037 2158 1099 scribe·
2185 1063 2235 1102 ιο

85 1128 120 1179 8
142 1137 251 1201 ret,
287 1134 501 1204 quanto
537 1141 645 1183 nos
679 1126 968 1185 causatius
1000 1125 1074 1185 ab
1107 1126 1304 1204 aliquo
1337 1125 1529 1185 iudice
1566 1120 1974 1187 defendimus?
2040 1123 2166 1183 Sed

142 1213 288 1271 haec
326 1227 441 1286 ego
473 1209 609 1268 mihi
642 1227 791 1270 nunc
823 1210 1147 1288 patrocinia
1181 1211 1370 1270 ademi
1393 1211 1852 1288 nuncupatione,
1888 1209 2166 1287 quoniam

139 1298 461 1375 plurumum
485 1295 704 1369 refert,
741 1296 1015 1354 sortiatur
1038 1295 1249 1373 aliquis
1275 1294 1525 1354 iudicem
1557 1312 1632 1354 an
1662 1295 1862 1371 eligat,
1897 1293 2162 1352 multum-

143 1399 256 1459 que
295 1381 624 1459 adparatus·
652 1381 896 1439 interest
940 1380 1093 1459 apud
1137 1381 1433 1438 invitatum
1464 1379 1755 1457 hospitem
1788 1388 1847 1438 et
1877 1378 2160 1438 oblatum.

83 1468 115 1518 9
144 1464 284 1526 Cum
334 1466 486 1544 apud
520 1463 832 1539 Catonem,
884 1463 1040 1523 illum
1085 1463 1331 1524 ambitus
1379 1463 1609 1523 hostem
1640 1473 1698 1523 et
1732 1464 1989 1542 repulsis
2021 1473 2162 1527 tam·
2183 1476 2239 1544 ‘45

112 1570 310 1630 ,quam
362 1548 682 1609 honoribus
730 1550 1001 1627 inemptis
1045 1549 1430 1625 gaudentem,
1485 1549 1865 1626 flagrantibus
1912 1548 2167 1608 comitiis

140 1636 420 1714 pecunias
455 1635 824 1712 deponerent
861 1634 1183 1708 candidati,
1221 1633 1337 1693 hoc
1370 1653 1436 1693 se
1469 1634 1671 1694 facere
1709 1634 1864 1712 quod
1896 1643 2017 1693 tum
2053 1650 2164 1711 pro

140 1720 470 1780 innocentia
503 1717 682 1778 rebus
714 1720 1286 1780 humanissummum
1318 1728 1479 1777 esset
1511 1719 1952 1796 profitebantur.
2019 1718 2165 1777 Inde

140 1805 239 1865 illa
293 1804 506 1864 nobilis
551 1802 626 1861 M.
680 1801 988 1863 Ciceronis
1041 1803 1385 1882 suspiratio:
1454 1802 1502 1862 Ο
1553 1812 1622 1875 te
1677 1804 2021 1879 felicem,
2082 1801 2162 1861 M.

141 1891 399 1965 Porci,
453 1908 483 1948 a
537 1907 676 1967 quo
722 1908 867 1948 rem
912 1888 1302 1968 inprobam
1347 1898 1612 1968 petere
1660 1907 1868 1949 nemo
1903 1888 2242 1949 audetzzo

57 1973 125 2023 10
143 1975 285 2035 Cum
317 1974 580 2033 tribunos
613 1973 945 2053 appellaret
974 1973 1036 2031 L.
1073 1975 1276 2052 Scipio
1310 1973 1634 2049 AsiaticuS,
1669 1976 1818 2035 inter
1853 1992 2005 2053 quos
2033 1983 2170 2038 erat

144 2059 477 2140 Gracchus,
538 2058 652 2118 hoc
711 2057 1092 2118 attestabatur
1144 2060 1243 2118 vel
1297 2060 1528 2118 inimico
1582 2060 1757 2124 iudici
1814 2078 1880 2117 se
1924 2058 2167 2137 probari

142 2163 341 2223 posse.
410 2144 562 2203 adeo
615 2162 890 2203 summum
945 2145 1193 2221 quisque
1254 2162 1468 2203 causae
1505 2162 1663 2203 ¹suae
1719 2144 1969 2204 iudicem
2025 2144 2168 2202 facit

59 2241 116 2289 11
142 2247 587 2309 quemcumque,
616 2247 744 2288 cum
765 2228 950 2305 eligit,
979 2229 1130 2288 unde
1157 2230 1503 2306 provocatio
1529 2228 1877 2307 appellatur.
1925 2228 2010 2287 Te
2038 2228 2164 2307 qui-

143 2317 275 2374 dem
308 2315 362 2372 in
396 2314 802 2373 excelsissimo
835 2315 1074 2389 generis
1105 2312 1333 2372 humani
1367 2313 1601 2390 fastigio
1635 2315 1905 2392 positum,
1942 2332 2167 2373 summa
2186 2334 2241 2372 25

144 2399 500 2477 eloquentia,
535 2417 751 2457 summa
778 2398 1103 2458 eruditione
1129 2399 1474 2475 praeditum,
1508 2399 1792 2475 religiose
1819 2399 1961 2458 adiri
1989 2400 2167 2458 etiam

143 2503 183 2558 a,
212 2482 603 2544 salutantibus
624 2485 784 2557 sci0,
833 2492 890 2541 et
922 2482 1245 2548 ideosubit
1283 2501 1453 2558 cura,
1488 2493 1548 2542 ut
1580 2503 1729 2562 quae
1761 2484 1864 2543 tibi
1897 2484 2166 2543 dicantur

140 2580 199 2628 te
234 2569 405 2645 digna
440 2569 568 2626 sint.
630 2567 849 2626 Verum
897 2567 985 2626 dis
1021 2568 1175 2627 lacte
1211 2569 1411 2626 rustici
1443 2569 1775 2647 multaeque
1807 2578 2056 2645 genteS,
2106 2578 2165 2630 et

144 2654 297 2713 mola
328 2662 542 2712 tantum
567 2653 722 2712 salsa
749 2652 908 2711 litant
931 2653 1027 2730 qui
1058 2671 1174 2711 non
1197 2652 1412 2712 habent
1432 2662 1578 2727 tura,
1612 2673 1725 2712 nec
1753 2654 1857 2712 ¹ulli
1890 2654 1996 2713 fuit
2021 2656 2163 2722 uitio

42 2746 127 2814 ν12
144 2741 292 2799 deos
329 2738 532 2798 colere
578 2753 817 2816 quoquo
862 2737 1035 2796 modo
1081 2747 1306 2816 posset.
1375 2737 1543 2796 Meae
1583 2739 1815 2816 quidem
1847 2740 2164 2799 temeritati
2190 2759 2244 2800 30

145 2825 400 2884 accessit
430 2823 545 2882 hoc
579 2840 848 2901 quoque,
884 2822 1041 2900 quod
1077 2823 1321 2882 levioris
1358 2840 1580 2900 operae
1615 2823 1727 2882 hos
1759 2819 1861 2883 tibi
1893 2825 2169 2884 dedicavi

146 2909 403 2968 libellos
460 2926 588 2967 nam
632 2926 742 2966 nec
784 2908 978 2983 ingeni
1017 2917 1146 2966 sunt
1180 2926 1464 2985 capaceS,
1514 2909 1670 2986 quod
1704 2908 1961 2987 alioquin
1994 2910 2170 2970 nobis

145 3011 425 3071 perquam
457 2992 757 3052 mediocre
791 3001 936 3066 erat,
971 3011 1081 3051 nec
1108 2993 1408 3052 admittunt
1435 3011 1719 3074 excessus
1743 3003 1839 3052 aut
1862 2996 2176 3054 orationes

144 3073 526 3141 sermonesve
564 3086 659 3137 aut
692 3095 864 3137 casus
906 3076 1186 3146 mirabilis
1218 3078 1313 3136 vel
1361 3085 1606 3137 eventus
1636 3080 1867 3153 varioS,
1915 3080 2170 3140 iucunda

62 3163 298 3223 13dictu
343 3170 453 3221 aut·
472 3162 803 3237 legentibus
837 3160 1080 3236 blanda,
1129 3163 1313 3221 sterili
1361 3164 1620 3223 materia.
1685 3161 1900 3223 Rerum
1934 3173 2167 3238 natura,
2193 3187 2245 3228 35

148 3247 261 3306 hoc
295 3256 384 3305 est
415 3246 550 3318 vita,
584 3256 867 3320 narratur,
904 3255 963 3305 et
992 3246 1139 3305 haec
1172 3247 1569 3307 sordidissima
1603 3250 1689 3306 sui
1722 3258 1909 3328 parte,
1945 3259 2007 3308 ut
2039 3239 2175 3329 plu-¹

147 3348 431 3394 rumarum
476 3348 667 3388 rerum
721 3340 816 3388 aut
858 3332 1091 3389 rusticis
1141 3331 1448 3391 vocabulis
1496 3342 1592 3392 aut
1643 3337 1933 3409 externiS,
1992 3337 2171 3395 immo

64 3425 129 3476 14
145 3415 443 3490 barbaris,
469 3415 642 3474 etiam
667 3432 793 3477 cum
820 3413 1058 3474 honoris
1083 3416 1448 3493 praefatione
1476 3417 1780 3495 ponendis.
1844 3418 2172 3481 Praeterea

15 3549 83 3583 ι
967 3576 1159 3585 --.-..
