2320 3650
126 34 218 102 88
678 8 688 26 ’
819 44 880 93 c.
922 46 1118 92 rum
1158 35 1459 93 smmum

54 217 122 272 16
262 204 388 283 (6.)
436 201 553 261 Ora
589 198 872 260 balaenae
923 198 1139 260 babent
1168 199 1226 257 in
1265 198 1585 274 frontibus,
1630 202 1892 281 ideoque
1941 222 2173 265 summa

137 307 287 368 aqua
331 294 591 363 natantes
634 285 691 343 in
737 282 985 344 sublime
1026 281 1253 342 nimbos
1295 282 1513 343 efflant.
1582 287 1637 344 7.
1688 289 1915 365 spirant
1968 298 2170 348 autem

141 372 516 436 confessione
549 369 796 430 omnium
828 375 887 426 et
918 367 1265 445 paucissima
1292 366 1406 427 alia
1437 370 1495 428 in
1523 371 1665 429 mari
1696 389 1848 448 quae
1895 373 2169 432 interno-

139 476 263 520 rum
300 457 591 515 viscerum
628 451 959 532 pulmonem
1000 450 1248 525 babent,
1319 454 1586 528 quoniam
1633 456 1758 515 sine
1803 473 1879 515 eo
1925 459 2167 535 spirare

140 539 343 602 animal
374 538 586 600 nullum
629 545 877 616 putatur.
950 553 1061 596 nec
1103 536 1348 614 piscium
1388 535 1694 598 branchias
1737 539 2014 600 habentis
2064 560 2201 607 arr-5
2299 539 2300 594 ἢ

137 626 375 686 belitum
434 622 680 683 reddere
755 638 826 681 ac
883 638 993 698 per
1056 621 1206 679 vicis
1261 621 1534 698 recipere
1599 625 1950 684 existumant
2013 642 2163 703 qno-

136 729 259 771 rum
303 705 693 784 baec'opinio
749 714 873 779 est,
948 722 1060 764 nee
1102 703 1279 763 multa
1333 704 1446 765 alia
1484 723 1706 781 genera
1750 708 1928 767 etiam
1987 709 2162 768 bran-

16 783 35 864 ,’
140 793 282 854 chiis
309 792 599 865 carentia,
650 790 706 848 in
737 807 849 866 qua
899 788 1184 847 sententia
1229 787 1412 848 fuisse
1452 789 1834 851 Aristotelem
1877 793 2066 852 video
2105 801 2161 852 et

54 887 122 942 17
140 879 332 939 multis
363 874 727 954 persuasisse
770 872 1030 932 doctrina
1072 871 1380 948 indignius.
1445 891 1555 934 nec
1599 894 1691 934 me
1722 877 1993 953 protinus
2022 876 2161 936 huic

138 960 394 1040 opinioni
428 950 629 1019 eorum
659 957 949 1017 accedere
984 956 1119 1016 haut
1153 956 1488 1033 dissimulo,
1538 961 1808 1037 quoniam
1835 969 1896 1019 et
1925 961 2211 1038 pulmo-10

136 1064 269 1104 num
313 1045 444 1103 vice
494 1049 736 1119 possunt
779 1041 889 1101 alia
934 1039 1229 1118 spirabilia
1269 1041 1463 1100 inesse
1521 1045 1750 1103 viscera
1790 1046 1869 1103 ita
1912 1044 2159 1104 volente

139 1137 372 1202 natura,
426 1128 574 1186 sicut
616 1143 722 1203 pro
755 1126 1033 1202 sanguine
1075 1135 1166 1185 est
1205 1123 1398 1184 multis
1433 1126 1578 1187 alius
1612 1145 1795 1188 umor.
1845 1129 1930 1187 in
1975 1146 2159 1206 aquas

143 1212 374 1291 quidem
402 1219 712 1288 penetrare
742 1209 978 1270 vitalem
1001 1210 1151 1271 bunc
1183 1209 1416 1270 halitum
1440 1214 1569 1288 quis
1598 1214 1836 1272 miretur
1859 1215 1959 1291 qui
1986 1215 2159 1272 etiam

138 1296 301 1358 reddi
335 1294 405 1355 ab
436 1295 525 1356 bis
557 1313 686 1355 eum
719 1303 918 1356 cernat
956 1303 1014 1354 et
1048 1296 1104 1353 in
1135 1303 1323 1354 terras
1351 1312 1585 1376 quoque
1617 1305 1776 1356 tanto
1808 1299 2160 1375 spissiorem

138 1389 377 1442 neutrae
409 1388 630 1457 partem
663 1388 973 1457 penetrare
1005 1386 1345 1455 argumento
1377 1380 1712 1440 animalium
1733 1399 1884 1459 quae
1915 1398 2159 1459 semper
2174 1396 2212 1437 ιε
2295 1371 2300 1422 'l

58 1474 125 1528 18
145 1466 381 1528 defossa
411 1465 630 1538 vivont,
664 1481 775 1522 ceu
804 1460 1047 1542 talpae?
1078 1463 1361 1524 accedunt
1381 1465 1533 1540 apud
1561 1482 1654 1524 me
1684 1475 1846 1524 certe
1882 1465 2160 1525 efficacia

140 1559 202 1609 ut
240 1548 473 1609 credam
517 1549 687 1608 etiam
719 1548 905 1607 omnia
950 1548 1007 1606 in
1037 1548 1203 1624 aquis
1232 1547 1457 1623 spirare
1491 1557 1729 1609 naturae
1776 1567 1918 1608 suae
1967 1559 2154 1624 sorte,

137 1635 381 1712 primum
421 1651 604 1709 saepe
637 1632 907 1702 adnotata
952 1632 1195 1709 piscium
1237 1632 1462 1692 aestivo
1501 1633 1699 1693 calore
1735 1634 2025 1711 quaedam
2055 1652 2154 1694 an-

139 1718 355 1780 helatio
391 1725 450 1775 et
481 1716 592 1776 alia
623 1715 936 1793 tranquille
968 1714 1129 1777 velut
1164 1715 1456 1790 oscitatio,
1487 1717 1746 1794 ipsorum
1782 1733 2023 1796 quoque
2058 1719 2156 1796 qai

140 1810 269 1861 sunt
304 1801 361 1860 in
390 1799 636 1862 adversa
665 1801 938 1878 opinione
963 1799 1037 1860 de
1073 1816 1278 1863 somno
1296 1800 1539 1876 piscium
1563 1802 1884 1877 confessio,
1903 1832 1992 1853 -τ
2024 1802 2152 1881 quis
2170 1821 2212 1864 ιο
2300 1840 2302 1885 1

142 1886 291 1945 enim
320 1886 444 1943 sine
469 1885 864 1960 respiratione
888 1900 1089 1943 somno
1111 1881 1319 1943 locus?
1358 1918 1442 1930 —·
1470 1895 1781 1963 praeterea
1813 1885 2157 1946 bullantium
2301 1896 2302 1945 l

141 1986 416 2047 aquarum
459 1967 710 2027 sufflatio
747 1967 1035 2046 lunaeque
1082 1968 1298 2029 effectu
1341 1970 1692 2029 concharum
1734 1986 1970 2049 quoque
2024 1986 2155 2030 eor-

139 2070 285 2131 pora
328 2053 725 2130 augescentia.
809 2070 988 2130 super
1038 2054 1228 2121 emnia
1269 2062 1361 2112 est
1403 2053 1559 2130 quod
1604 2072 1740 2114 esse
1790 2053 2056 2114 auditum·
2095 2063 2159 2114 et

142 2136 443 2209 odoratum
482 2136 741 2214 piscibus
783 2153 897 2201 non
928 2136 1040 2197 erit
1075 2135 1339 2211 dubium,
1384 2155 1463 2197 ex
1500 2140 1655 2198 aeris
1690 2147 1994 2216 utrumque
2019 2154 2154 2198 :ma-

139 2222 305 2282 teria.
370 2222 612 2283 odorem
652 2221 881 2300 quidem
923 2237 1039 2280 non
1068 2220 1225 2282 aliud
1272 2239 1439 2298 quam
1483 2222 1758 2282 infectum
1799 2239 1939 2282 aera
1982 2221 2211 2284 intel-‘2³

140 2305 260 2382 legi
304 2307 509 2384 possit.
575 2305 950 2382 quamobrem
994 2304 1066 2366 de
1110 2304 1199 2365 his
1244 2306 1513 2383 opinetur
1559 2315 1622 2365 ut
1664 2308 1878 2385 cuique
1933 2304 2158 2366 libimm

60 2397 128 2453 19
150 2390 277 2449 erit.
343 2389 662 2459 Branchiae
696 2407 812 2448 non
846 2399 979 2453 sunt
1011 2387 1295 2464 balaenis,
1337 2408 1451 2448 nec
1481 2389 1788 2468 delphinis.
1850 2389 2004 2449 haec
2039 2390 2154 2449 duo

140 2491 364 2550 genera
404 2473 612 2533 fistulis
653 2474 875 2552 spirant
907 2490 1057 2552 quae
1100 2473 1175 2533 ad
1215 2473 1545 2551 pulmonem
1579 2475 1898 2552 pertinent,
1950 2472 2153 2533 balae-

139 2557 231 2617 nis
262 2574 297 2616 a
325 2556 862 2636 fronte,‚delphinis
884 2576 918 2618 a
949 2557 1148 2619 dorso.
1211 2566 1272 2617 et
1299 2558 1463 2617 vituli
1492 2558 1725 2632 marini,
1759 2572 1910 2634 quos
1939 2565 2154 2616 vocant

142 2640 398 2720 phocas,
449 2642 670 2719 spirant
714 2659 785 2705 ac
818 2642 1109 2707 dormiunt
1149 2642 1207 2701 in
1255 2650 1434 2702 terra.
1499 2641 1634 2701 item
1677 2640 2039 2716 testudines,
2080 2638 2208 2699 dest

56 2724 353 2811 ,aquibus
380 2743 518 2785 mox
557 2725 743 2802 plura.
1947 2768 1952 2773 -
2045 2746 2048 2753 ⁴

57 2823 128 2873 ⁶20
265 2808 323 2870 8.
358 2810 488 2888 (7.)
532 2808 982 2873 velocissimum
1022 2808 1271 2871 omnium
1302 2807 1645 2883 animalium,
1674 2824 1790 2869 non
1821 2807 2010 2866 solum
2038 2822 2151 2866 ma-

140 2896 429 2968 rinorum,
485 2902 576 2953 est
614 2892 1138 2972 delphinusocior
1182 2892 1459 2967 volucre,
1519 2893 1713 2952 acrior
1739 2891 1896 2965 telo,
1944 2907 2017 2950 ac
2046 2891 2151 2950 nisi

140 2977 375 3045 multum
404 2977 554 3038 infra
584 2985 839 3039 rostrum
865 2994 934 3037 os
963 2975 1048 3037 illi
1069 2976 1226 3039 foret
1254 2976 1447 3037 medio
1472 2993 1661 3054 paene
1687 2977 1746 3035 in
1766 2983 1999 3053 ventre,
2030 2974 2149 3033 nul·

142 3061 235 3120 lus
277 3062 519 3136 piscium
562 3060 927 3125 celeritatem
968 3062 1096 3120 eius
1151 3060 1450 3121 evaderet.
1541 3060 1650 3120 sed
1687 3058 1877 3119 adfert
1933 3072 2201 3120 morans
2236 3058 2241 3067 ’

143 3142 508 3219 providentia
529 3153 791 3220 naturae,
817 3145 950 3224 quia
968 3146 1080 3205 ,nisi
1100 3145 1359 3222 resupini
1385 3153 1557 3221 atque
1586 3141 1856 3202 conversi
1879 3156 1996 3200 nen
2020 3157 2150 3201 eou-

146 3224 388 3299 ripiunt,
441 3242 592 3301 quae
658 3246 833 3291 causa
894 3229 1213 3306 praecipue
1277 3226 1652 3287 velocitatem
1703 3242 1907 3286 eorum
1959 3234 2147 3284 osten-

17 3305 247 3560 [it.
307 3322 434 3364 nam
466 3309 563 3382 qui
605 3309 754 3369 fame
794 3313 1008 3370 conciti
1049 3311 1366 3386 fugientem
1408 3311 1466 3369 in
1495 3310 1661 3370 vada
1699 3311 1810 3371 ima
1857 3307 2150 3385 persecuti
