2320 3650
187 87 312 150 238
882 99 941 148 c.
976 100 1170 146 rum
1205 98 1520 146 sncmsm-

186 257 276 316 his
313 273 531 333 geum,
567 262 833 333 patetae,
868 254 1043 312 nimio
1068 254 1294 331 liquore
1321 252 1932 332 abundat-rumpitque
1959 270 2031 312 se
2055 255 2209 331 poni

98 350 169 404 46
193 342 409 419 ipsius,
445 340 615 399 etiam
646 340 702 396 in
739 356 842 398 sua
871 346 1086 412 matre,
1134 337 1424 412 ebrietas,
1471 338 1715 397 calcatis
1745 337 1972 400 similis.
2015 339 2210 398 Suum

184 442 369 501 genus
417 443 450 483 e
482 425 737 483 sicciore
767 422 934 483 turba
966 422 1244 496 dactylis,
1275 422 1608 499 praelonga
1632 422 1972 499 gracilitate
2003 438 2209 481 cumr

185 510 258 568 tis
289 509 533 567 interim.
594 525 721 567 nam
757 525 900 585 quas
932 524 1006 565 ex
1038 506 1126 564 his
1159 506 1366 565 honori
1394 506 1634 566 deorum
1669 507 1874 565 damus
1909 506 2210 580 chydaeos

100 599 168 655 47
187 592 508 671 appellavit
537 592 786 668 Iudaea,
818 608 964 668 gens
998 591 1346 649 contumelia
1383 591 1670 649 numinum
1699 591 1969 667 insignis.
2033 590 2103 649 ln
2128 600 2244 650 tow

185 687 301 737 tum
336 687 569 737 arentes
601 676 883 736 Thebaidi
928 685 1101 753 atque
1133 674 1387 735 Arabiae
1416 692 1738 752 macroque
1783 691 2053 753 corpore
2095 676 2209 734 exi·

186 763 311 836 leS‚
359 771 418 821 et
453 761 694 821 adsiduo
728 777 950 838 vapore
977 768 1240 818 torrente
1282 768 1536 818 crustam
1577 760 1777 825 verius
1811 776 1992 837 qnam
2028 769 2209 819 cutem

187 845 497 906 obducunt.
544 846 750 922 inipsa
785 844 1016 922 quidem
1040 843 1354 921 Aethiopia
1383 844 1588 917 friatur
1614 843 1791 919 haec,
1825 876 1916 890 ——
1934 852 2097 903 tanta
2126 851 2208 902 est

186 931 442 1004 siccitaS,
466 937 624 989 -et
648 930 866 989 farinae
888 929 1061 988 modo
1080 928 1367 1006 spissatur
1386 930 1444 987 in
1459 945 1694 1005 panem.
1730 928 2004 1004 gignitur
2025 938 2208 986 autem

185 1015 240 1072 in
269 1014 477 1073 frutice
510 1014 685 1074 ramis
719 1012 1065 1072 cubitalibus
1085 1058 1101 1087 ‚
1134 1012 1282 1071 folio
1316 1013 1556 1087 latiore,
1590 1028 1766 1090 pomo
1792 1013 2081 1089 rotundo,
2113 1011 2205 1071 sed
2223 1026 2254 1066 n

187 1099 406 1157 maiore
439 1116 607 1176 quam
639 1098 773 1157 mali
805 1096 1210 1175 amplitudine,
1262 1114 1477 1156 coecas
1508 1105 1741 1160 vocant.
1806 1097 2071 1155 triennio
2101 1115 2205 1156 ma·

187 1191 519 1258 turescunt‚
569 1198 921 1260 semperque
976 1180 1169 1240 frutici
1213 1198 1443 1259 pomum
1488 1189 1596 1239 est·
1622 1180 2032 1240 subnascente
2077 1182 2202 1241 alio.

100 1265 498 1330 48Thebaidis
531 1267 753 1326 fructus
786 1264 1085 1342 extemplo
1118 1267 1175 1323 in
1203 1266 1380 1324 cados
1414 1265 1680 1324 conditur
1705 1282 1835 1324 cum
1867 1267 1961 1324 sni
1983 1266 2203 1326 ardoris

184 1352 389 1410 anima.
434 1352 491 1409 ni
505 1352 598 1434 ‚ita
623 1352 738 1424 liat,
768 1348 1044 1408 celeriter
1069 1351 1330 1427 exspirat
1352 1350 1780 1427 marcescitque
1806 1366 1928 1408 non
1954 1359 2203 1408 retostus

183 1435 384 1497 furnis.
452 1434 501 1493 E
546 1436 774 1513 reliquo
823 1451 1047 1511 genere
1087 1432 1361 1512 plebeiae
1406 1433 1671 1502 videntur
1708 1433 1925 1508 Syriae
1968 1444 2029 1492 et
2068 1447 2253 1512 quasis

184 1528 504 1596 tragemata
541 1518 857 1598 appellant.
924 1537 1054 1578 nam
1100 1518 1158 1577 in
1206 1518 1318 1577 alia
1362 1527 1528 1595 parte
1561 1517 1896 1577 Phoenices
1936 1515 2200 1577 Ciliciae·

186 1621 301 1682 que
333 1604 600 1681 populari
625 1605 795 1662 etiam
819 1603 1048 1662 nomine
1081 1620 1114 1661 a
1141 1601 1311 1660 nobis
1344 1602 1713 1680 appellantur
1735 1602 1953 1660 balani.
2009 1619 2202 1662 eorum

101 1694 168 1749 49
195 1704 427 1765 quoque
462 1687 629 1765 plura
670 1701 910 1763 genera.
973 1686 1260 1745 Differunt
1291 1687 1475 1762 figura
1517 1685 1889 1745 rotunditatis
1939 1695 2041 1745 aut
2073 1703 2202 1765 pro-

191 1773 470 1846 ceritatiS‚
497 1771 772 1831 'differunt
796 1780 854 1830 et
884 1770 1118 1846 colore,
1153 1772 1445 1848 nigriores
1476 1787 1547 1830 ac
1574 1768 1877 1830 rubentes.
1925 1789 2045 1830 nec
2074 1787 2200 1849 pau·

166 1857 381 1922 'ciores
414 1856 527 1914 fico
553 1856 851 1916 traduntur
875 1856 1132 1931 colores,
1165 1873 1428 1915 maxume
1458 1865 1648 1915 tamen
1678 1855 1924 1933 placent
1956 1855 2194 1915 candidi.
2214 1861 2255 1902 2⁸

187 1938 399 1999 distant
431 1949 489 1999 et
516 1941 904 2017 magnitudine
923 1987 939 2015 ,
967 1948 1139 2018 prout
1166 1939 1326 1998 multi
1359 1938 1614 2006 cubitum
1641 1940 1907 1999 effecere
1925 1986 1944 2015 .,
1979 1938 2210 2018 quidam*

189 2033 317 2083 sunt
362 2043 476 2083 non
507 2024 822 2102 ampliores
853 2023 1006 2085 faba.
1071 2033 1378 2083 servantur
1406 2023 1464 2083 hi
1497 2024 1723 2083 demum
1760 2026 1860 2101 qui
1894 2033 2199 2084 nascuntur

97 2125 100 2130 ·
187 2109 244 2167 in
270 2110 443 2168 salsis
467 2118 640 2187 atque
667 2107 978 2183 sabulosiS,
1005 2118 1065 2167 ut
1096 2109 1153 2167 in
1177 2106 1390 2167 Iudaea
1417 2117 1590 2185 atque
1617 2105 1953 2182 Cyrenaica
1984 2100 2198 2180 Africa,

188 2209 303 2251 non
332 2193 468 2253 item
499 2195 554 2252 in
579 2193 878 2271 Aegypto,
903 2191 1125 2271 Cyprn,
1148 2193 1339 2266 Syria,
1365 2192 1636 2251 Seleucia
1662 2191 1977 2266 Assyriae,
2011 2209 2198 2270 quam-

103 2286 174 2338 50
197 2276 400 2336 obrem
429 2296 566 2336 sues
609 2288 667 2337 et
698 2278 923 2355 reliqua
952 2276 1217 2336 animalia
1251 2294 1327 2335 cx
1365 2277 1433 2335 iis
1464 2277 1817 2353 saginantur.
1876 2276 2082 2336 Vitiati
2113 2282 2249 2335 autu

188 2363 399 2419 vetusti
451 2364 573 2419 eius
617 2364 772 2440 pomi
817 2363 1040 2439 signum
1083 2370 1174 2419 est
1211 2360 1504 2423 decidisse
1551 2360 1852 2419 candidam
1897 2378 2196 2420 verrucam

190 2462 303 2522 qua
344 2463 577 2505 racemo
622 2446 1008 2506 adhaeserint.
1071 2445 1392 2504 Alexandri
1429 2444 1639 2504 milites
1668 2443 1876 2521 palmis
1926 2444 2196 2505 viridibus

190 2530 530 2605 strangulati
564 2540 712 2588 sunt.
758 2531 815 2589 in
848 2528 1126 2589 Gedrosis
1158 2530 1216 2588 id
1239 2529 1452 2588 factum
1485 2538 1576 2587 est
1604 2529 1760 2606 pomi
1783 2546 2041 2605 genere,
2073 2527 2194 2589 alibi

190 2614 360 2691 copia
404 2615 618 2676 evenit.
687 2623 776 2673 est
819 2616 985 2672 enim‘
1016 2622 1171 2673 tanta
1214 2614 1466 2672 suavitas
1509 2610 1748 2671 musteis
1790 2622 1853 2672 ut
1891 2613 2024 2673 linis
2057 2617 2193 2673 man-

190 2697 361 2757 dendi
390 2714 505 2755 non
526 2699 635 2757 nisi
665 2698 928 2777 periculo
963 2698 1076 2757 liat.
1770 2687 1782 2709 '
2208 2708 2272 2757 ω.

105 2789 173 2842 51
325 2782 382 2841 5.
434 2783 602 2860 (10.)
650 2784 817 2857 Syria
860 2790 1096 2860 praeter
1138 2780 1286 2841 hanc
1340 2782 1654 2861 peculiaris
1697 2779 1876 2841 habet
1928 2781 2195 2842 arbores:

190 2866 248 2923 in
290 2864 495 2924 nucum
538 2884 759 2943 genere
807 2868 1051 2943 pistacia
1097 2875 1250 2924 nota.
1318 2868 1606 2945 prodesse
1643 2866 1934 2926 adversus
1968 2876 2197 2949 serpen-

191 2949 330 3007 tium
352 2967 579 3009 morsus
612 2950 909 3010 traduntur
933 2959 993 3008 et
1022 2958 1162 3027 potu
1193 2958 1252 3008 et
1283 2949 1433 3009 cibo.
1477 2951 1533 3007 in
1563 2950 1812 3009 ficorum
1831 2959 2034 3010 antem
2065 2952 2197 3013 cari-

197 3046 296 3087 cas
341 3040 398 3089 et
439 3035 690 3091 minores
741 3034 999 3093 eiusdem
1046 3036 1285 3112 generis
1328 3052 1471 3111 quas
1516 3041 1746 3094 cottana
1781 3044 2038 3111 vocant,
2073 3038 2196 3095 item

182 3125 374 3183 ,pruna
406 3115 462 3171 in
491 3115 778 3176 Damasco
818 3127 1012 3176 monte
1057 3127 1188 3176 nata
1224 3126 1283 3177 et
1319 3135 1519 3193 myxa‚
1568 3125 1872 3195 utramque
1903 3118 2022 3179 iam
2047 3120 2243 3180 fami-s

195 3187 395 3248 liarem
427 3193 647 3258 Italiae.
718 3218 750 3258 e
780 3202 966 3273 myxis
1001 3202 1056 3258 in
1089 3201 1363 3279 Aegypto
1398 3210 1456 3259 et
1483 3202 1618 3261 vina
1645 3202 1803 3261 flunt.

112 3276 180 3328 52
325 3272 492 3351 (11.)
537 3278 774 3358 Iunipiri
815 3282 1057 3342 similem
1087 3284 1264 3343 habet
1292 3285 1588 3345 Phoenice
1615 3284 1857 3345 cedrum
1897 3288 2185 3346 minoren.

199 3348 311 3407 (¹¹¹⁰
351 3354 474 3412 eius
516 3375 771 3437 genera,
815 3364 988 3439 Lycia
1039 3376 1099 3425 et
1139 3367 1484 3443 Phoenicia,
1529 3367 1799 3428 differunt
1843 3368 2013 3429 folio.
2075 3381 2186 3429 nan
