2320 3650
190 79 272 140 22
874 90 934 138 c.
976 91 1170 137 Pmm
1216 87 1514 137 suenum
1585 127 1592 139 s

190 244 406 318 vetnit,
451 252 525 302 et*
554 243 732 318 fascis
768 243 1081 302 litterarum
1119 244 1324 301 ianuae
1363 241 1625 300 submisit
1668 241 1854 299 is‘cui
1893 258 1965 299 se
1997 245 2202 302 oriens

190 327 580 404 occidensque
625 327 986 387 submiserat.
1056 325 1201 385 Cato
1235 327 1533 384 censorius
1576 326 1632 382 in
1668 324 1770 383 illa
1809 324 1996 385 nobili
2025 327 2202 385 'trium

189 411 508 488 sapientiae
560 428 867 489 procerum
916 409 988 470 ab
1030 410 1271 469 Athenis
1315 409 1606 485 legatione
1652 408 1843 467 audito
1889 405 2202 469 Carneade
2309 459 2310 492 ᾗ

192 497 598 572 quamprimum
647 495 874 570 leg-ates
921 510 1026 554 eos
1068 495 1289 552 censuit
1330 492 1732 566 dimittendos,
1777 494 2049 568 quoniam
2097 495 2199 552 illo

189 579 314 636 viro
348 587 778 655 argumentante
811 577 945 655 quid
966 579 1090 636 veri
1121 577 1435 636 esset-haut
1462 577 1640 636 facile
1679 575 1932 634 discerni
1963 587 2196 653 posset.
2216 597 2234 633 5

108 669 434 739 113quanta
463 679 682 740 morum
726 661 1101 720 conmutatio!
1164 660 1265 719 ille
1317 676 1549 737 semper
1591 659 1846 737 alioquin
1886 661 2199 740 universos

190 763 264 804 ex
305 745 466 804 Italia
509 744 818 823 pellendos
864 747 1087 804 censuit
1130 741 1422 818 Graecos,
1468 753 1525 802 at
1563 758 1862 821 pronepos
1906 745 2033 801 eius
2071 741 2198 803 Un-

191 830 382 887 censis
417 826 561 887 Cato
597 846 767 886 unum
798 845 872 886 ex
905 827 1188 887 tribunatu
1217 828 1453 887 militum
1483 826 1915 904 philosophum,
1951 828 2199 886 alterum

191 929 267 970 ex
303 909 516 988 Cypria
546 911 839 987 legatione
881 911 1237 989 deportavit,
1271 910 1627 987 eandemque
1655 908 1908 986 linguam
1931 909 2016 968 'ex
2045 911 2196 969 ‘duo-

189 993 295 1052 bus
330 992 647 1055 Catonibus
673 996 730 1052 in
759 994 860 1053 illo
896 995 1190 1072 abegisse,
1223 997 1281 1052 in
1310 994 1423 1053 hoc
1454 996 1781 1072 inportasse
1814 993 2254 1053 memorabilem

106 1086 210 1138 114
228 1085 336 1135 est.
392 1078 518 1136 Sed
554 1086 612 1135 et
647 1087 971 1137 nostrorum
1011 1079 1256 1155 gloriam
1299 1089 1771 1155 percenseamus.
1832 1077 2000 1136 Prior
2040 1078 2198 1136 Afri·

191 1175 367 1220 canus
392 1159 651 1232 *QsEnni
692 1169 935 1221 statuam
977 1162 1292 1240 sepulchro
1336 1178 1442 1220 suo
1473 1163 1674 1239 inponi
1716 1162 1911 1236 iussit,
1950 1159 2199 1220 clarum·

191 1261 302 1319 que
344 1243 484 1304 illud
519 1261 760 1320 nemen,
803 1248 972 1305 immo
1007 1264 1151 1305 vero
1196 1245 1443 1323 spolium
1487 1247 1563 1305 ex
1601 1243 1772 1304 tertia
1817 1244 1976 1303 orbis
2024 1241 2199 1321 part‘e
2305 1265 2311 1312 ι

187 1335 471 1404 raptum,
500 1328 558 1386 in
601 1330 796 1388 cinere
843 1347 1115 1408 supremo
1160 1347 1287 1388 cum
1329 1338 1540 1406 poetae
1582 1329 1748 1388 titulo
1794 1328 1933 1403 legi.
2007 1326 2198 1386 Divos
2305 1353 2311 1414 5

97 1441 101 1448 «
188 1409 483 1487 Augustus
518 1415 765 1472 carmina
797 1413 1021 1489 Vergili
1054 1415 1298 1485 cremari
1322 1422 1529 1491 contra
1553 1414 1890 1471 testamenti
1923 1413 2048 1469 eius
2095 1415 2196 1468 ve·
2217 1421 2255 1471 iz>

187 1496 519 1556 recundiam
546 1498 747 1571 vetuit,
784 1498 1079 1575 maiusque
1102 1499 1181 1556 ita
1197 1498 1319 1555 vati
1345 1498 1727 1555 testimonium
1757 1495 1999 1571 contigit
2024 1493 2196 1572 quam

103 1586 204 1637 115
223 1579 272 1636 si
303 1580 430 1656 ipse
476 1598 580 1639 sua
625 1580 1013 1657 probavisset.
1084 1579 1160 1637 Μ.
1206 1579 1483 1639 Varronis
1513 1581 1573 1637 in
1610 1579 2001 1651 bibliotheca,
2039 1575 2198 1654 quae

182 1664 366 1737 ⁴prima
391 1664 449 1722 in
472 1663 616 1722 orbe
643 1663 713 1722 ab
743 1663 943 1722 Asinio
969 1663 1233 1722 Pollione
1260 1679 1334 1721 ex
1355 1663 1634 1722 manubiis
1651 1662 1948 1741 publicata
1973 1661 2197 1721 Romae

190 1754 300 1819 est,
333 1747 498 1806 unius
528 1747 774 1805 viventis
805 1748 993 1823 posita
1023 1748 1214 1822 imago
1246 1755 1356 1822 est,
1385 1747 1526 1807 haut
1560 1749 1803 1821 minore,
1832 1756 1896 1804 ut
1925 1746 2197 1823 equidem

184 1842 342 1903 reor,
374 1830 585 1904 gloria,
624 1832 886 1907 principe
918 1840 1148 1890 oratore
1183 1840 1240 1889 et
1272 1834 1399 1890 cive
1431 1832 1627 1891 exilia
1652 1832 2013 1907 ingeniorum
2035 1823 2255 1907 *quaem

187 1917 322 1969 tunc
344 1912 449 1970 fuit
470 1913 823 1972 multitudine
848 1915 942 1971 nni
965 1913 1113 1972 hanc
1143 1931 1413 1973 coronam
1439 1916 1630 1990 dante,
1656 1932 1825 1992 quam
1852 1922 1979 1972 cum
2003 1914 2198 1973 eidem

105 1999 206 2055 116
224 1991 465 2070 Magnus
495 1995 804 2073 Pompeius
822 1998 1070 2074 piratico
1094 2016 1175 2056 ex
1205 1997 1364 2057 bello
1395 1999 1662 2058 navalem
1694 1997 1902 2058 dediu*
1930 1995 2197 2055 Innume-

187 2076 393 2137 rabilia
426 2078 635 2139 deinde
663 2090 798 2139 sunt
830 2081 1099 2158 exempla
1126 2081 1408 2156 Romana,
1444 2083 1492 2140 si
1519 2081 1799 2159 persequi
1830 2079 2046 2155 libeat,
2070 2097 2199 2138 cum

88 2239 95 2243 ⁸
188 2161 368 2238 pluris
404 2181 511 2221 una
551 2181 699 2239 gens
736 2166 797 2222 in
832 2183 1198 2242 quocumque
1237 2182 1458 2240 genere
1499 2167 1743 2223 eiinios
1783 2163 1981 2222 tulerit
2025 2168 2199 2241 quam

188 2254 423 2305 ceterae
451 2255 663 2308 terrae.
723 2249 828 2307 sed
855 2265 978 2326 quo
1006 2257 1092 2322 te,
1131 2248 1204 2307 Μ.
1234 2247 1414 2322 Tulli,
1452 2249 1684 2326 piaccio
1724 2248 2194 2323 taceam,q1iove
2215 2260 2263 2301 25

184 2345 447 2389 maxume
503 2330 889 2392 exceltentiam
936 2333 1148 2407 insigni
1187 2328 1567 2410 praedicem?
1615 2338 1727 2408 quo
1780 2330 1973 2408 potius
2023 2332 2200 2406 quam

188 2412 442 2473 universi
486 2415 715 2492 populi,
759 2415 911 2475 illius
940 2414 1565 2491 gemiffiamplissimo
1597 2415 1962 2487 torinnenio,
2005 2422 2200 2471 cteta

104 2501 207 2556 117
225 2495 340 2554 vita
366 2505 460 2558 tua
487 2499 816 2559 consulatus
841 2507 1055 2557 t'antmn
1076 2497 1356 2575 operibus
1382 2495 1632 2558 electis?
1661 2507 1720 2557 te
1744 2498 1973 2556 dicente
2001 2496 2200 2573 legem

188 2580 504 2655 agrariam,
537 2582 651 2641 hoc
682 2590 776 2640 est
809 2582 1075 2641 alimenta
1106 2600 1246 2655 sua,
1283 2581 1694 2641 abdicaverunt
1722 2580 1941 2652 tribua,
1973 2587 2034 2637 te
2065 2584 2197 2639 su'a-

180 2662 361 2721 dente
397 2663 613 2725 Roscio
636 2664 952 2726 ,theatralis
999 2666 1221 2724 auctori
1262 2665 1413 2741 le'gis
1455 2667 1802 2741 ignoverunt
1843 2668 2260 2743 notatasquenu

187 2762 254 2804 se
302 2746 628 2807 discrimine
672 2748 828 2808 sedis
874 2764 1062 2824 aequo
1119 2749 1306 2808 animo
1357 2749 1639 2823 tulerimt,
1685 2757 1747 2807 te
1793 2748 2001 2806 orante
2060 2752 2198 2824 pro-

188 2829 534 2908 scriptorum
596 2830 817 2891 liberos
869 2830 1124 2890 honores
1176 2840 1382 2909 petere
1435 2832 1667 2910 puduit,
1733 2840 1890 2890 tuum
1943 2827 2200 2888 Catilina

186 2911 334 2989 fugit
368 2914 780 2989 ingenium,·tu
819 2913 896 2974 Μ.
942 2912 1266 2974 Antonium-
1292 2916 1707 2993 proscripsisti.
1763 2914 1934 2974 salve
1977 2915 2200 2990 primus

188 2997 433 3056 omnium
478 3015 689 3074 parens
726 2998 945 3074 patriae
977 2998 1310 3076 appellate,
1346 3000 1559 3076 primus
1591 2999 1651 3057 in
1683 3006 1822 3075 toga
1849 2997 2199 3074 triumphum

190 3078 537 3157 linguaeque
571 3080 823 3141 lauream
849 3082 1088 3154 merite,
1121 3091 1179 3140 et
1208 3081 1511 3141 facundiae
1542 3080 1941 3157 Latiarumque
1975 3079 2264 3140 littera-⁸5

189 3177 314 3220 ram
344 3180 555 3238 parens
590 3173 785 3240 atque,
819 3174 879 3223 ut
908 3165 1163 3224 dictator
1191 3163 1413 3224 Caesar
1434 3163 1619 3224 hostis
1645 3164 1936 3241 quondam
1965 3171 2102 3222 tuus
2126 3163 2199 3222 de

188 3236 534 3320 tes-cripsif,
566 3247 811 3305 omnium
842 3247 1256 3324 triumphorum
1289 3246 1483 3306 laurea
1514 3246 1761 3306 maiore!
1821 3253 2035 3322 quanto
2065 3246 2198 3324 plus

188 3332 281 3383 est
302 3328 495 3402 ingeni
514 3326 754 3387 Romani
775 3331 1050 3388 terminos
1074 3330 1130 3386 in
1156 3337 1368 3387 tantum
1393 3331 1756 3405 promovisse
1781 3346 1950 3407 quam
1963 3328 2194 3408 imperi.
