2320 3650
510 115 673 164 ΝΑΤ.
703 115 884 163 HIST.
918 115 1098 174 v1111.
1132 111 1371 166 16-18,
1407 102 1716 180 (us—33.)
1881 187 1884 196 J
2052 101 2134 163 97

100 269 601 351 septentrionalis
624 279 839 330 tantum
868 269 977 329 bos
1011 278 1069 328 et
1093 285 1373 348 proxuma
1405 269 1727 328 occidentis
1758 278 1928 346 parte
1956 270 2139 347 gignit

101 369 404 416 oceanus.
478 364 682 415 cetero
713 371 935 432 genera
972 371 1172 413 eorum
1206 354 1392 431 plura.
1449 370 1580 412 nam
1621 360 1680 411 et
1730 353 1863 430 alga
1895 370 2138 413 vescun-

100 449 202 500 tur
259 447 323 498 et
361 439 575 498 ostreis
618 448 678 498 et
710 437 853 497 vlimo
885 446 944 497 et
975 438 1219 497 aliorum
1260 438 1504 515 piscium
1553 454 1747 497 carne.
1811 436 1994 497 barba
2038 456 2140 516 ge·

100 526 269 583 irrina
297 524 687 599 insigniuntur
718 522 980 581 inferiori
1011 521 1200 582 labro.
1246 521 1508 582 lutarium
1540 539 1616 580 ex
1642 522 1711 580 iis
1742 520 2007 581 vilissimi
2038 540 2140 599 ge-
2159 532 2225 586 65

51 627 75 666 s
102 609 278 668 neris
307 607 632 685 appellant.
698 606 851 666 bunc
879 623 1114 685 semper
1150 607 1453 666 comitatur
1480 622 1689 682 sargus
1727 605 1961 664 nomine
1997 606 2145 666 alius

104 693 341 773 piscis,
390 700 450 750 et
496 708 740 751 caenum
770 690 1032 750 fodiente
1075 707 1149 749 eo
1199 692 1508 750 excitatum
1563 690 1810 770 devorat
1847 689 2140 767 pabulum.

102 794 229 836 nee
262 774 597 835 litoralibus
643 775 850 852 gratia.
913 772 1292 834 laudatissimi
1337 772 1704 848 conchylium
1749 774 1996 851 sapiunt.
2042 791 2144 833 no·

102 876 253 920 men
293 858 387 917 bis
436 857 776 919 Fenestella
806 876 839 918 a
868 859 1072 919 colore
1115 859 1459 919 mulleorum
1495 857 2005 917 calciamentorum
2045 857 2145 918 du·

103 949 457 1021 tum‘putat.
522 945 751 1022 pariunt
797 951 889 1002 ter
922 944 1103 1003 annis.
1169 952 1332 1003 certe
1376 942 1590 1003 totiens
1633 941 1824 1000 fetura
1877 942 2141 1020 adparet.

37 1026 359 1090 nihilium
402 1029 796 1105 exspirantem
825 1026 1176 1087 versicolori
1216 1028 1492 1106 quadam*
1504 1035 1563 1086 et
1601 1040 1912 1085 numerosa
1950 1028 2137 1086 varie·
2161 1033 2231 1090 66

106 1120 239 1171 tate
285 1113 550 1188 spectari
582 1128 867 1190 proceres
897 1111 1073 1189 gulae
1102 1121 1368 1186 narrant,
1412 1110 1734 1170 rubentium
1783 1127 2145 1188 squamarum

110 1195 430 1273 multiplici
473 1197 787 1255 mutatione
826 1196 1283 1274 pallescentem,
1327 1197 1525 1274 utique
1568 1196 1809 1253 si.vitro
1844 1203 2164 1272 specteturl

113 1279 408 1339 inclusus.
468 1278 546 1338 M.
579 1279 824 1359 Apicius
855 1278 926 1340 ad
958 1294 1187 1339 omnem
1214 1279 1409 1338 luxum
1440 1280 1496 1337 iu
1523 1294 1713 1354 ganea
1752 1285 1919 1338 natus
1962 1281 2018 1339 in
2050 1294 2145 1339 so-

119 1367 351 1424 ciorum
380 1379 528 1440 garo
559 1393 643 1408 -—
670 1381 799 1423 nam
831 1381 903 1423 ea
936 1381 1172 1443 quoque
1202 1382 1301 1422 res
1336 1361 1664 1439 cognomen
1693 1361 1913 1420 invenit
1934 1397 2018 1409 —-
2044 1380 2146 1422 ne·

44 1449 246 1508 iscar-i
289 1463 398 1506 eos
440 1447 814 1526 praecellens
856 1448 1111 1526 putavit,
1154 1456 1331 1526 atque
1374 1466 1408 1507 e
1439 1447 1642 1506 iecore
1686 1461 1888 1504 eorum
1920 1447 2147 1506 alecem

113 1532 473 1608 excogitare
508 1533 876 1610 provocavit.
933 1532 991 1592 id
1018 1533 1169 1591 enim
1201 1540 1291 1591 est
1313 1530 1544 1592 facilius
1568 1529 1788 1589 dixisse
1820 1546 1991 1608 quam
2016 1531 2146 1610 quis

112 1618 353 1675 vicerit.

251 1698 424 1778 (31.)
468 1698 706 1759 Asinius
747 1698 929 1760 Celer
968 1718 1002 1759 e
1042 1697 1446 1760 consularibus
1491 1699 1606 1758 hoc
1653 1697 1818 1776 pisce
1860 1698 2229 1776 prodiguse‘l

116 1782 269 1846 Gaio
315 1784 582 1863 principe
623 1802 794 1845 unum
841 1793 1132 1845 mercatus
1190 1789 1325 1851 octo
1367 1781 1598 1844 milibus
1621 1789 1958 1859 nummum,
1997 1800 2147 1862 quae

44 1869 419 1947 ”reputatio
463 1869 656 1928 aufert
693 1877 1019 1930 traversum
1058 1871 1302 1929 animum
1353 1868 1425 1930 ad
1463 1866 2017 1946 contemplationem
2044 1884 2146 1928 eo-

115 1968 246 2013 rum
281 1952 381 2030 qui
426 1953 484 2011 in
536 1954 958 2032 conquestione
1004 1953 1177 2013 luxus
1233 1970 1457 2031 coquos
1514 1956 1625 2014 emi
1663 1953 1925 2030 singulos
1966 1954 2150 2031 pluris

118 2054 293 2117 quam
342 2052 529 2114 equos
573 2038 983 2116 quiritabant.·‘
1024 2044 1081 2097 at
1121 2054 1274 2098 nnnc
1319 2039 1450 2097 coci
1492 2036 1909 2115 triumphorum
1943 2038 2148 2114 pretiis

114 2128 399 2201 parantur
428 2129 487 2180 et
532 2137 853 2199 coquorum
894 2124 1122 2199 pisces,
1170 2122 1477 2199 nullusque
1521 2139 1709 2202 prope
1736 2123 1849 2181 iam
1889 2118 2149 2180 mortalis

120 2210 481 2265 aestumatur
523 2205 711 2283 pluris
752 2201 921 2284 quam
959 2207 1056 2285 qui
1088 2207 1439 2284 peritissime
1479 2222 1716 2266 censum
1758 2205 1969 2265 domini
1998 2221 2147 2262 mer-

46 2290 228 2367 ngit.
301 2287 399 2348 18.
448 2286 688 2349 Mullum
711 2303 906 2350 nxxx
936 2290 1210 2350 librarum
1238 2291 1295 2349 in
1325 2290 1471 2348 mari
1506 2286 1704 2351 Rubro
1736 2295 1965 2366 captum
1993 2286 2141 2347 Lici·
2163 2298 2234 2353 68

119 2374 253 2433 nius
282 2371 572 2432 Hntianus
599 2372 874 2452 prodidit,
923 2375 1117 2502 quanti
1162 2381 1487 2433 mercatura
1526 2389 1655 2433 eum
1683 2372 1912 2432 luxuria
1943 2371 2145 2432 subur-

118 2457 291 2516 banis
326 2455 595 2516 litoribus
628 2460 952 2517 inventum.
1243 2496 1250 2501 x

250 2539 439 2621 (32.)
469 2540 577 2601 Est
609 2550 667 2600 et
707 2542 857 2601 baec
887 2551 1089 2603 natura
1120 2550 1184 2600 ut
1229 2542 1326 2601 alii
1350 2541 1488 2602 alibi
1526 2543 1725 2619 pisces
1766 2541 2149 2621 principatum

289 2633 446 2700 eant,
481 2627 787 2685 coracinus
818 2626 875 2684 in
905 2626 1205 2704 Aegypto,
1249 2642 1389 2685 zeus
1432 2626 1587 2687 idem
1616 2625 1785 2686 faber
1815 2624 2146 2703 appellatus

42 2718 119 2765 κ
251 2709 404 2785 ibus,
440 2711 598 2769 circa
628 2708 886 2769 Ebusum
915 2710 1102 2788 salpa,
1140 2710 1435 2769 obscenus
1467 2710 1608 2771 alibi
1637 2719 1695 2769 et
1732 2710 1828 2789 qui
1872 2724 2150 2785 nusquam

121 2796 411 2873 percoqui
457 2795 649 2872 possit
691 2796 799 2853 nisi
840 2794 1029 2854 ferula
1060 2794 1450 2871 verberatus,
1496 2796 1554 2854 in
1607 2793 1918 2873 Aquitania
1964 2791 2147 2851 salmo

120 2876 417 2938 fluviatilis
443 2880 677 2937 marinis
710 2879 975 2938 omnibus
990 2864 1355 2956 praefertur.

148 2964 159 2979 ’
249 2961 422 3042 (33.)
457 2961 707 3021 Piscium
744 2962 863 3023 alii
872 2961 1179 3022 branchias
1220 2963 1556 3042 multiplicis
1587 2962 1833 3036 babent,
1882 2959 1977 3020 alii
2012 2962 2141 3033 sim·
2164 2967 2234 3024 69

123 3045 329 3124 plicis,
361 3046 460 3106 alii
499 3046 767 3124 duplicis.
829 3047 920 3106 bis
956 3064 1162 3124 aquam
1196 3049 1457 3108 emittunt
1507 3056 1810 3125 acceptum
1854 3061 1977 3104 ore.
2040 3030 2145 3105 Se-

46 3133 371 3190 &nectutis
409 3130 678 3191 indicium
711 3149 1074 3210 squamarum
1104 3131 1333 3207 duritia,
1370 3150 1518 3209 quae
1569 3149 1682 3191 non
1714 3138 1845 3189 sunt
1886 3129 2147 3189 omnibus

126 3215 363 3274 sintiles.
415 3214 548 3274 Duo
584 3214 746 3274 lacus
779 3214 981 3275 Italiae
1012 3217 1069 3273 in
1107 3215 1399 3274 radicibus
1425 3215 1655 3293 Alpium
1685 3213 1886 3273 Larius
1920 3223 1978 3273 et
1998 3213 2144 3272 Ver-

124 3296 343 3359 banus
360 3300 769 3377 appellantur,
809 3300 866 3358 in
898 3290 1107 3378 quibus
1142 3299 1340 3376 pisces
1372 3298 1634 3358 omnibus
1677 3299 1838 3359 annis
1869 3298 2144 3375 vergilia·

123 3392 242 3443 rum
281 3392 417 3443 ortu
449 3385 736 3442 exsistunt
765 3385 1017 3462 squamis
1051 3384 1354 3462 conspicui
1398 3382 1622 3444 crebris
1656 3392 1829 3463 atque
1862 3399 2142 3463 praeacu-

203 3488 346 3527 um.
379 3488 505 3527 mr.
540 3489 679 3527 msr.
714 3473 778 3526 11.
1771 3470 1810 3528 7

64 3568 263 3614 *ΕΡΑΑ
328 3590 351 3614 A
404 3577 625 3614 ,hIJJ
680 3591 867 3614 ......τῃ
928 3566 1102 3613 ’·”,.
1157 3574 1202 3607 “.
2163 3520 2285 3608 Δ
