2320 3650
660 101 821 149 NAT.
853 100 1036 149 ms'r.
1066 100 1141 147 11.
1197 94 1368 150 7—8.
1406 83 1635 169 (5—6.)
2083 83 2163 146 69

134 264 155 297 ’·
174 259 369 320 talium
401 255 529 315 sola
550 264 848 332 utramque
881 254 1144 332 paginam
1173 253 1330 329 facit,
1366 252 1630 331 adeoque
1660 251 1949 313 obnoxiae
1972 250 2165 312 sumus

173 344 389 417 sortis,
416 349 478 399 ut
509 356 641 399 sors
676 340 939 417 ipsa.pro
976 339 1088 398 deo
1120 339 1226 412 sit,
1263 354 1380 415 qna.
1405 336 1549 395 deus
1578 336 1853 415 probatur
1886 338 2159 395 incertus.

173 427 313 488 Pars
352 424 468 484 alia
514 432 573 482 et
611 421 761 482 hanc
806 421 971 500 pellit
1010 431 1283 499 astroque
1330 436 1435 478 suo
1476 429 1719 479 eventus
1760 421 2024 497 adsignat
2062 437 2248 492 nan-23

174 509 376 571 scendi
410 506 675 585 legibus,
720 505 1019 584 semelque
1059 506 1117 563 in
1149 505 1333 564 omnis
1365 503 1587 563 futuros
1617 522 1879 583 umquam
1914 505 2027 564 deo
2061 505 2160 564 de-

133 602 428 667 scretum,
482 592 541 651 in
574 590 861 669 reliquom
902 605 1047 648 vero
1082 590 1257 648 otium
1297 588 1479 649 datur.
1545 587 1770 647 Sedere
1803 589 2001 666 coepit
2030 605 2160 648 sen-

170 679 346 738 tentia
377 677 562 750 baec,
610 675 943 751 pariterque
999 680 1058 732 et
1108 672 1388 731 eruditum
1414 669 1624 747 volgus
1656 680 1716 731 et
1755 672 1899 731 rude
1940 673 1997 731 in
2036 688 2163 731 eam

171 776 359 822 cursu
371 758 552 818 vadit.
612 756 774 817 Ecce
807 757 1093 833 fulgurum
1124 755 1400 831 monitus,
1457 755 1819 815 oraculorum
1847 757 2159 833 praescita,
2176 762 2248 816 24

168 844 543 932 haruspicum
584 841 913 920 praedicta,
961 849 1132 918 atque
1181 840 1350 899 etiam
1394 855 1573 917 parva
1613 838 1815 907 dictu
1798 857 1855 897 m
1888 839 2161 915 auguriiS,

171 927 566 989 sternumenta
607 934 693 984 et
707 923 1061 984 offensiones
1100 922 1332 1001 pedum.
1394 922 1560 982 divos
1588 921 1883 1000 Augustus
1912 921 2165 1001 prodidit

109 1024 155 1065 ¹⁰
170 1013 403 1073 laevom
437 1008 549 1069 sibi
584 1008 844 1069 calceum
876 1016 1260 1086 praepostere
1290 1005 1577 1065 inductum
1606 1024 1721 1085 quo
1752 1007 1845 1067 die
1876 1006 2160 1067 seditione

165 1095 399 1156 militari
428 1109 620 1172 prope
651 1091 913 1152 adflictus
947 1098 1056 1150 est.
1121 1089 1285 1163 Quae
1313 1089 1540 1165 ⁴singula
1570 1090 1924 1168 inprovidam
1954 1096 2245 1151 morta-25

166 1180 389 1241 litatem
418 1177 738 1252 involvont,
771 1176 955 1235 solum
986 1183 1046 1234 ut
1076 1175 1226 1233 inter
1255 1174 1362 1232 ista
1390 1173 1488 1233 vel
1524 1183 1740 1233 eertum
1765 1175 1839 1234 sit
1858 1175 1996 1235 nihil
2025 1192 2161 1234 esse

167 1263 314 1324 certi
343 1279 464 1321 nec
504 1261 811 1338 quicquam
850 1257 1115 1318 miserius
1146 1257 1375 1317 homine
1412 1265 1507 1317 aut
1541 1258 1868 1336 superbiae.
1932 1257 2161 1319 Ceteris

168 1347 391 1426 quippe
422 1345 787 1404 animantium
820 1342 946 1402 sola
992 1342 1206 1400 victus
1221 1359 1357 1400 cura
1392 1349 1519 1416 est,
1574 1342 1633 1400 in
1674 1359 1789 1419 quo
1824 1352 2031 1420 sponte
2063 1360 2161 1401 na-

106 1449 153 1491 15
166 1440 332 1495 turae
366 1427 695 1504 benignitas
725 1426 957 1502 sufficit,
989 1442 1101 1484 uno
1135 1426 1365 1503 quidem
1397 1425 1494 1484 vel
1525 1425 1910 1502 praeferenda
1939 1427 2162 1485 cunctis

167 1513 371 1588 bonis,
418 1509 579 1590 quod
610 1510 683 1570 de
711 1510 931 1586 gloria,
965 1509 1038 1570 de
1072 1509 1349 1588 pecunia,
1382 1508 1726 1584 ambitione,
1759 1527 2052 1588 superque
2088 1509 2160 1568 de

166 1606 357 1657 morte
390 1612 507 1654 nou
540 1594 811 1670 cogitant.
870 1594 1086 1653 Verum
1127 1593 1187 1651 in
1230 1591 1321 1652 his
1354 1592 1499 1652 deos
1541 1609 1719 1669 agere
1753 1610 1945 1652 curam
1973 1597 2246 1651 rerum26

165 1680 539 1742 humanarum
574 1676 737 1738 credi
767 1695 843 1737 ex
874 1695 980 1737 usu
1010 1678 1164 1737 vitae
1198 1666 1320 1752 est,
1362 1693 1700 1755 poenasque
1729 1675 2030 1737 maleficiis
2060 1676 2160 1736 ali-

169 1762 403 1845 quando
450 1779 615 1822 seras
650 1770 934 1841 occupato
977 1761 1090 1821 deo
1123 1762 1181 1820 in
1213 1768 1369 1820 tanta
1408 1760 1599 1838 mole,
1644 1778 1943 1839 numquam
1974 1768 2162 1820 autem

98 1850 371 1908 ”inritas
401 1865 569 1921 esse,
600 1864 714 1905 nec
743 1845 881 1905 ideo
910 1863 1246 1924 proxumum
1276 1845 1360 1905 illi
1394 1846 1645 1944 genitum
1676 1844 1962 1905 hominem
1991 1853 2050 1904 ut
2076 1847 2159 1904 vi-

165 1934 328 1994 litate
360 1932 517 1991 iuxta
552 1928 757 1989 beluas
788 1938 965 1989 esset.
1022 1928 1393 2008 Inperfectae
1423 1946 1566 1988 vero
1597 1930 1655 1988 in
1676 1928 1904 1990 homine
1927 1938 2161 1989 naturae
2174 1930 2244 1985 2⁷

162 2015 489 2096 praecipua
519 2014 747 2089 solatia,
780 2032 853 2073 ne
885 2013 1053 2073 deum
1082 2013 1315 2092 quidem
1345 2030 1521 2091 posse
1553 2013 1761 2090 omnia,
1793 2048 1879 2062 —-·
1915 2031 2161 2092 namque

162 2118 278 2161 nec
327 2098 440 2158 sibi
483 2106 679 2175 potest
715 2106 959 2157 mortem
1001 2098 1410 2172 consciscere,
1452 2098 1501 2155 si
1541 2096 1712 2172 velit,
1758 2098 1912 2176 quod
1950 2097 2163 2157 homini

163 2183 329 2244 dedit
364 2189 657 2260 optumum
690 2181 746 2239 in
779 2183 949 2241 tantis
978 2182 1131 2241 vitae
1184 2181 1421 2259 poenis,
1463 2177 1583 2240 ‘nec
1627 2181 1884 2241 mortalis
1915 2182 2160 2241 aeterni-

93 2287 147 2330 ις
166 2275 293 2328 tate
322 2266 543 2327 donare
585 2274 682 2325 aut
722 2281 1006 2334 revocare
1039 2264 1378 2339 defunctos,
1422 2283 1534 2324 nec
1563 2264 1762 2324 facere
1802 2261 1990 2342 utqui
2022 2265 2165 2325 vixit

163 2368 284 2411 non
310 2349 557 2426 vixerit,
611 2350 707 2428 qui
737 2348 993 2408 honores
1021 2349 1207 2425 gessit
1240 2366 1354 2407 non
1383 2349 1669 2425 gesserit,
1702 2380 1785 2396 -α
1831 2349 2160 2428 nullumque

163 2433 391 2495 habere
434 2433 492 2492 in
538 2433 851 2511 praeterita
898 2433 985 2491 ius
1026 2441 1435 2511 praeterquam
1469 2432 1809 2509 oblivionis,
1854 2442 2025 2512 atque
2073 2432 2163 2509 (ut

163 2517 378 2580 facetis
406 2533 640 2595 quoque
671 2518 1021 2593 argumentis
1054 2517 1308 2575 societas
1337 2516 1485 2576 haec
1520 2517 1647 2576 cum
1680 2516 1793 2580 den
1825 2516 2158 2595 copuletur)

166 2601 354 2662 uthis
396 2600 548 2660 dena
587 2599 789 2676 viginti
834 2617 950 2660 non
990 2601 1101 2659 sint
1141 2609 1236 2660 aut
1266 2600 1439 2660 multa
1482 2600 1745 2659 similiter
1775 2600 2016 2660 efficere
2047 2617 2162 2659 non

96 2702 383 2766 aoposse,
426 2701 537 2763 per
568 2702 717 2762 quae
748 2683 1077 2744 declaratur
1103 2683 1239 2743 haut
1269 2684 1443 2744 dubie
1476 2692 1712 2743 naturae
1747 2685 2033 2762 potentia,
2079 2683 2160 2742 id-

165 2787 283 2849 que
317 2786 455 2827 esse
489 2767 646 2846 quod
680 2767 848 2827 deum
880 2784 1178 2827 vocemus.
1240 2766 1303 2826 ln
1332 2767 1480 2827 haec
1512 2768 1816 2827 divertisse
1848 2784 1962 2826 ιιοιι
1990 2767 2165 2826 fuerit
2211 2771 2218 2776 '

165 2853 441 2926 alienum,
471 2850 708 2927 volgata
738 2859 981 2929 propter
1013 2851 1307 2911 adsiduam
1341 2850 1737 2929 quaestionem
1767 2850 1841 2910 de
1873 2850 2006 2909 deo.

287 2934 350 2996 8.
389 2934 516 3013 (6.)
552 2933 699 2993 Hinc
737 2934 1044 2995 redeamus
1073 2934 1145 2994 ad
1176 2934 1402 3012 reliqua
1433 2943 1689 2994 naturae.
1742 2934 1981 3011 Sidera,
2015 2941 2246 3014 quae28

166 3017 357 3081 adfixa
389 3019 635 3078 diximus
661 3018 903 3094 mundo,
950 3035 1065 3077 non
1094 3018 1224 3092 illa,
1260 3027 1320 3077 ut
1350 3020 1652 3078 existumat
1680 3018 1923 3095 volgus,
1970 3019 2160 3096 singu·
2176 3035 2245 3068 ⁷-⁹

98 3103 242 3163 aslis
283 3101 555 3163 attributa
599 3099 801 3177 nobis,
860 3110 919 3162 et
961 3101 1117 3161 clara
1162 3100 1463 3176 divitibus,
1516 3103 1733 3162 minora
1782 3104 2159 3181 pauperibus,

168 3184 423 3246 obscura
454 3184 739 3261 defectis,
777 3203 846 3244 ac
877 3201 982 3263 pro
1016 3193 1174 3244 sorte
1207 3186 1484 3262 cuiusque
1515 3185 1766 3246 lucentia
1795 3187 2161 3247 adnumerata

167 3266 530 3343 mortalibus,
565 3286 679 3328 nec
710 3286 837 3328 cum
867 3285 972 3328 suo
1005 3286 1270 3346 quaeque
1301 3267 1529 3329 homine
1563 3279 1688 3331 orta
1718 3272 2030 3330 moriuntur
2051 3287 2162 3328 nec

170 3352 426 3434 aliquem
468 3352 762 3429 exstingui
806 3351 1053 3412 decidua
1094 3351 1435 3428 significant.
1499 3352 1633 3414 Non
1672 3362 1826 3417 tanta
1868 3352 2035 3413 caelo
2068 3363 2245 3416 so·29,

2189 3503 2293 3583 A
