2320 3650
605 121 765 181 NAT.
794 111 983 168 msa&
1005 74 1061 168 1..
1078 162 1081 169 ,
1101 105 1323 190 (xvm.
1354 82 1624 188 xv1111.)'
1825 116 1828 123 ·
2051 105 2130 167 33

156 279 476 352 Graecina,
525 272 882 349 Columella,
925 271 1268 349 Tuberone,
1314 272 1376 332 L.
1414 272 1644 333 Tarutio
1673 273 1769 351 qui
1801 272 2025 333 Graece
2058 271 2131 331 de

152 364 312 422 astris
360 359 631 438 scripsit,
683 355 939 418 Caesare
983 357 1265 416 dictatore
1312 358 1409 434 qui
1454 358 1618 432 item,
1675 357 1884 433 Sergio
1933 354 2132 429 Paulo,

152 446 360 509 Sabino
391 441 685 517 Fabiano,
718 439 794 500 Μ.
831 438 1148 515 Cicerone,
1187 438 1496 518 Calpurnio
1526 440 1728 515 Basso,
1760 439 1933 499 Ateio
1966 437 2134 517 Capi-

150 539 314 604 tone,
347 524 605 587 Mamilio
637 526 815 599 Sura,
859 522 1015 582 Attio
1062 524 1157 601 qui
1190 524 1487 602 praxidica
1518 525 1768 603 scripsit.
1833 521 2132 583 Externis:

114 611 430 687 ⁵Hesiotlo,
465 608 902 687 Theophrasto,
923 606 1263 681 Aristotele,
1292 606 1649 683 DemocritO,
1681 607 1933 667 Hierone
1963 624 2133 683 rege,

147 695 340 755 Attalo
362 711 535 770 rege,
567 691 953 752 Philometore
989 708 1155 767 rege,
1186 688 1479 751 Archelao
1509 709 1675 767 rege,
1709 689 1985 765 Archyta,
2016 688 2133 750 Xe-

146 779 468 858 nophonte,
500 773 887 854 Amphilocho
921 772 1249 848 Athenaeo,
1291 772 1605 852 Anaxipoli
1640 773 1875 849 Thasio,
1910 773 2133 833 Aristo·

148 863 336 941 phane
368 859 625 934 Milesio,
657 857 1020 937 Apollodoro
1053 857 1318 932 Lemnio,
1346 856 1636 935 Antigono
1670 855 1948 932 Cymaeo,
1969 857 2135 933 -Aga-

147 945 346 1006 thocle
393 940 573 1017 Chio,
620 940 934 1020 Apollonio
979 941 1374 1017 Pergameno,
1418 940 1759 1002 Aristandro
1806 939 2134 1015 Athenae0,

89 1027 404 1089 10Bacchio
435 1024 685 1100 Milesio,
715 1024 894 1084 Bione
926 1024 1197 1100 Solense,
1236 1022 1499 1085 Chaerea
1528 1025 1909 1099 Atheniense,
1949 1022 2134 1084 Chae-

148 1113 289 1172 risto
317 1110 497 1183 item,
542 1108 800 1169 Diodoro
839 1108 1157 1186 Prienaeo,
1207 1106 1397 1167 Dione
1430 1105 1824 1188 Colophonio,
1868 1107 2135 1187 Epigene

148 1195 377 1255 Rhodio
396 1237 416 1269 ,
451 1191 730 1268 Euagone
762 1191 972 1252 Thasio
991 1236 1009 1268 ,
1040 1190 1375 1270 Euphronio
1406 1190 1741 1270 Athenaeo,
1776 1192 2135 1252 Androtione

151 1279 244 1358 qui
276 1278 354 1338 de
383 1275 732 1353 agricultura
772 1277 1031 1353 scripsit,
1068 1273 1433 1334 Aeschrione
1465 1277 1560 1354 qui
1594 1278 1760 1352 item,
1790 1274 2133 1352 Lysimacho

151 1363 244 1440 qui
278 1362 452 1435 item,
483 1358 764 1434 Dionysio
795 1359 891 1437 qui
915 1358 1220 1435 Magonem
1249 1359 1562 1434 transtulit,
1593 1359 1899 1438 Diophane
1934 1361 2029 1439 qui
2059 1377 2136 1419 ex

92 1457 135 1498 ¹⁵
148 1444 434 1520 Dionysio
458 1443 748 1522 epitomen
768 1443 927 1519 fecit,
953 1441 1222 1518 Thalete,
1245 1441 1511 1518 Eudoxo,
1542 1442 1829 1521 Philippo,
1864 1441 2133 1521 Calippo,

148 1527 467 1602 Dositheo,
499 1526 910 1602 Parmenisco,
936 1524 1192 1602 Metone,
1226 1522 1481 1601 Critone,
1515 1524 1839 1605 Oenopide,
1873 1526 2132 1601 Zenone,

148 1610 546 1687 Euctemone,
599 1609 884 1688 Harpalo,
935 1609 1266 1685 Hecataeo,
1318 1608 1776 1686 Anaximandro,
1823 1610 2133 1688 Sosigene,

148 1693 505 1775 Hipparcho,
541 1692 744 1768 Arato,
780 1692 1113 1767 Zoroastre,
1149 1691 1449 1752 Archihio.

273 1777 451 1839 Libro
479 1773 716 1837 XVIIII.
773 1778 1162 1838 continentur:
1226 1776 1452 1857 (1—-6)
1488 1775 1610 1838 Lini
1654 1786 1851 1839 natura
1883 1785 1942 1838 et
1970 1777 2134 1848 mira·

87 1878 135 1920 2⁰
152 1864 300 1924 cula.
336 1856 443 1947 (2.
470 1861 758 1939 quomodo
783 1871 1025 1937 seratur,
1054 1869 1112 1921 et
1133 1879 1353 1937 genera
1378 1864 1502 1921 eius
1525 1862 1874 1923 excellentia
1896 1861 2134 1937 XXVII,

150 1948 207 2008 3.
241 1945 533 2026 quomodo
562 1943 910 2024 perficiatur.
969 1946 1025 2006 6.
1061 1945 1287 2023 quando
1317 1945 1555 2023 primum
1583 1948 1638 2005 in
1668 1946 1906 2006 theatris
1934 1942 2133 2032 vela.)

152 2029 384 2109 (7—9)
421 2028 512 2088 De
543 2029 723 2107 sparti
756 2037 951 2088 natura
983 2020 1086 2111 (8.
1114 2028 1402 2107 quomodo
1436 2030 1785 2109 perficiatur,
1822 2030 1879 2090 9.
1908 2030 2134 2108 quando

149 2114 366 2192 primus
410 2130 545 2172 usus
587 2107 775 2198 eius).
839 2112 982 2191 (10)
1026 2111 1117 2172 De
1168 2112 1482 2191 eriophoro
1526 2112 1721 2172 bulb0.
1777 2114 1921 2192 (11)
1971 2113 2134 2186 Quae

152 2198 276 2256 sine
307 2196 512 2258 radice
554 2204 857 2255 nascantur
894 2204 954 2256 et
985 2196 1197 2256 vivant.
1261 2214 1408 2275 quae
1441 2203 1743 2256 nascantur
1787 2206 1844 2256 et
1875 2198 1993 2256 seri
2022 2214 2135 2256 non

88 2281 395 2359 apossint.
442 2277 587 2358 (12)
621 2280 786 2354 misy,
814 2280 952 2355 iton,
982 2281 1280 2356 geranion.
1338 2279 1483 2359 (13)
1516 2280 1589 2339 de
1617 2279 1933 2340 tuberibus.
1989 2281 2133 2358 (14)

150 2365 416 2443 pezicae.
471 2362 604 2439 (15.
640 2362 748 2441 16)
776 2363 853 2423 de
884 2362 1197 2441 laserpicio
1228 2372 1286 2423 et
1318 2362 1508 2423 lasere
1535 2356 1915 2448 (maspetum,
1939 2382 2133 2442 magy-

150 2443 370 2534 daris).
436 2447 583 2524 (17)
630 2446 705 2505 de
740 2446 926 2505 rubia.
994 2446 1138 2526 (18)
1199 2447 1271 2507 de
1322 2446 1595 2507 radicula.
1657 2448 1787 2525 (19.
1835 2447 1948 2529 20)
1988 2448 2132 2508 Hor-

149 2539 334 2590 torum
364 2530 568 2606 gratia.
606 2528 772 2608 (21.)
797 2528 1062 2607 Digestio
1087 2540 1242 2590 terra
1267 2532 1654 2606 enascentium
1680 2542 1914 2611 praeter
1935 2533 2135 2609 fruges

151 2623 207 2673 et
239 2614 506 2673 frutices.
561 2612 873 2692 (22—37)
905 2612 1116 2674 Natura
1157 2623 1215 2673 et
1244 2631 1461 2689 genera
1494 2625 1552 2675 et
1584 2615 1859 2676 historiae
1893 2633 2133 2674 nascen-

87 2697 283 2757 aotium
312 2698 373 2756 in
401 2696 586 2756 hortis
632 2714 821 2756 rerum
859 2694 970 2755 XX
1009 2690 1152 2781 (31.
1191 2698 1264 2757 de
1305 2700 1549 2759 omnium
1598 2718 1791 2760 earum
1821 2696 2131 2771 radicibus,

149 2779 411 2856 floribus,
442 2779 618 2840 foliis.
677 2778 883 2859 quibus
915 2779 1334 2840 hortensiorum
1364 2782 1501 2843 folia
1532 2785 1753 2844 cadant.
1818 2782 1916 2843 35.
1956 2790 2132 2858 quoto

149 2882 418 2943 quaeque
469 2864 564 2923 die
606 2871 926 2923 nascantur.
991 2864 1090 2925 36.
1140 2866 1413 2924 seminum
1464 2876 1680 2927 natura.
1740 2865 1838 2925 37.
1883 2881 2136 2942 quorum·

149 2948 379 3025 singula
421 2964 680 3023 genera,
731 2963 969 3025 quorum
1010 2947 1175 3025 plura
1219 2945 1392 3035 sint).
1454 2947 1767 3027 (38-55)
1811 2946 2023 3008 Natura
2074 2958 2132 3009 et

147 3049 370 3108 genera
402 3039 462 3091 et
491 3030 766 3090 historiae
797 3030 853 3089 in
881 3029 1048 3090 horto
1080 3040 1326 3092 satarum
1354 3051 1544 3093 rerum
1570 3029 1781 3091 XXIII.
1843 3031 1987 3110 (56)
2020 3031 2128 3092 Fe·

82 3116 389 3174 ³⁵rulacea
432 3131 656 3189 genera
696 3122 978 3192 quattuor.
1033 3113 1323 3190 cannabis
1390 3116 1537 3193 (57)
1580 3113 1767 3174 Morbi
1809 3114 2127 3177 hortensio-

74 3237 81 3244 ·
145 3216 290 3259 rum.
356 3195 492 3275 (58.
535 3197 648 3275 59)
693 3197 948 3257 remedia
991 3190 1243 3281 (quibus
1284 3198 1467 3258 modis
1510 3198 1784 3258 formicae
1832 3210 2125 3260 necentur.

146 3290 352 3342 contra
384 3297 592 3339 erucas
618 3280 909 3355 remedia,
958 3291 1156 3341 contra
1190 3280 1425 3340 culices.
1488 3281 1691 3359 quibus
1724 3282 1913 3342 salsae
1944 3302 2127 3359 aquae

145 3356 443 3448 prosint).
503 3363 650 3440 (60)
682 3362 849 3422 Ratio
880 3364 1101 3445 rigandi
1129 3364 1347 3425 hortos.
1411 3364 1544 3438 (61.
1594 3364 1705 3442 62)
1737 3364 1826 3444 De
1876 3366 2028 3423 sucis
2070 3372 2128 3421 et

313 3466 454 3505 pum
480 3465 602 3506 mr.
635 3466 770 3509 msr.
816 3452 858 3507 Ι.
