2320 3650
168 78 286 140 190
420 72 425 81 ‘
826 91 888 140 0.
917 91 1108 140 pum
1140 91 1437 140 suenum

165 244 316 305 tibus
365 246 482 304 suis
528 247 730 305 exciso
777 264 884 312 ceu
927 245 1119 324 lapide
1162 254 1513 306 construunt.
1576 246 1668 307 Ab
1698 247 1786 307 his
1822 248 1892 310 ad
1924 248 2160 326 Trogo-

165 328 329 404 dytas
371 327 594 389 hiberni
635 347 881 391 occasus
925 330 1099 408 plaga
1142 329 1360 389 dierum
1400 329 1509 389 VII
1557 332 1699 406 iter,
1757 330 1886 391 cum'
1940 331 2152 410 quibus

167 413 549 471 conmercium
583 431 845 490 gemmae
879 421 1092 472 tantum
1133 429 1299 491 quam
1323 411 1735 474 carbunculum
1767 431 2041 475 vocamus
2073 434 2151 475 ex

83 506 150 558 35
164 493 472 573 Aethiopia
503 498 787 556 invectae.
864 495 1178 555 Intervenit
1212 495 1283 554 ad
1331 496 1668 556 solitudines
1698 497 1936 558 Africae
1971 515 2150 577 supra

163 579 438 637 minorem
481 579 692 653 Syrtim
737 578 921 639 dictas
960 570 1478 655 versaPhazania,
1525 579 1622 638 ubi
1665 580 1896 657 gentem
1935 581 2196 645 Pham-5

165 663 419 738 niorum,
461 662 733 739 urbisque
765 661 978 721 Alelen
1007 669 1065 720 et
1093 659 1358 721 Cillibam
1389 662 1751 739 subegimus,
1792 666 1927 724 item
1960 662 2147 739 Cyda·

165 763 313 806 mum
365 758 398 803 e
449 746 692 822 regione
745 745 1044 804 Sabratae.
1122 743 1216 803 Ab
1269 743 1359 804 his
1406 763 1569 805 mons
1622 745 1799 823 longo
1850 749 2038 826 spatio
2088 748 2148 806 in

167 846 434 889 occasum
465 828 537 887 ab
571 837 698 887 ortu
730 828 909 887 tendit
938 827 1084 886 Ater
1110 829 1324 887 nostris
1356 829 1572 904 dictus,
1606 847 1637 889 a
1671 839 1906 905 natura,
1942 831 2145 890 adusto
2225 848 2232 859 ·

81 922 150 977 36
163 912 361 971 similis
393 920 487 971 aut
517 910 673 970 solis·
690 928 1039 987 repercussu
1070 928 1344 970 accenso.
1391 912 1540 971 ultra
1572 930 1698 971 cum
1728 914 1980 988 deserta,
2010 929 2147 972 mox

164 995 382 1071 Talgae
426 993 698 1072 oppidum
742 992 1168 1068 Garamantum,
1210 996 1460 1072 itemque
1493 994 1705 1054 Debris
1746 996 1948 1056 adfuso
1983 997 2222 1059 fonteio

166 1097 199 1138 a
228 1077 417 1136 medio
450 1077 542 1137 die
578 1077 649 1136 ad
684 1077 925 1137 mediam
954 1086 1187 1136 noctem
1214 1080 1378 1155 aquis
1405 1078 1760 1138 ferventibus
1792 1080 2148 1159 totidemque

166 1160 323 1220 horis
369 1160 438 1220 ad
478 1160 722 1220 medium
769 1161 916 1221 diem
964 1160 1314 1236 rigentibuS,
1365 1160 1854 1240 clarissimumque
1904 1161 2145 1222 Garama

167 1251 337 1321 caput
369 1242 785 1317 Garamantum,
825 1245 1009 1302 omnia
1046 1245 1218 1305 armis
1249 1243 1519 1303 Romanis
1551 1255 1820 1324 superata
1851 1255 1908 1306 et
1936 1263 1967 1305 a
1999 1244 2145 1304 Cor·

165 1327 321 1387 nolio
355 1325 535 1386 Balbo
565 1325 936 1404 triumphata,
973 1328 1135 1385 unius
1164 1328 1407 1386 omnium
1438 1345 1607 1387 curru
1637 1337 1880 1388 externo
1913 1333 1976 1388 et
2006 1327 2145 1400 Qui-

164 1411 350 1471 ritium
392 1411 516 1469 iure
559 1409 791 1470 donato.
846 1411 1060 1488 quippe
1105 1407 1358 1469 Gadibus
1401 1412 1598 1487 genito
1643 1412 1844 1470 civitas
1888 1411 2143 1471 Romana
2168 1429 2219 1471 15
2283 1403 2303 1419 ³

167 1512 293 1555 cum
334 1492 515 1553 Balbo
564 1494 779 1553 maiore
827 1501 1031 1570 patruo
1074 1493 1203 1552 data
1246 1502 1355 1552 est.
1416 1493 1489 1553 Et
1535 1492 1648 1553 hoc
1693 1496 1924 1569 mirum,
1968 1512 2145 1572 supra

166 1578 314 1639 dicta
344 1576 554 1653 oppida
588 1577 658 1635 ab
690 1592 762 1634 eo
796 1585 964 1652 capta
995 1584 1263 1655 auctores
1289 1585 1525 1636 *nostros
1555 1577 1914 1655 prodidisse,
1955 1578 2144 1656 ipsum

164 1663 220 1719 in
262 1657 544 1736 triumpho
583 1668 815 1736 praeter
849 1656 1159 1733 Cydamum
1205 1668 1262 1717 et
1294 1659 1588 1720 Garamam
1635 1662 1878 1720 omnium
1902 1661 2147 1720 aliarum

161 1744 412 1820 gentium
443 1742 775 1820 urbiumque
806 1743 1030 1802 nomina
1073 1760 1141 1801 ac
1182 1743 1485 1802 simulacra
1527 1743 1792 1818 duxisse,
1837 1761 1986 1823 quae
2017 1745 2144 1802 iere

78 1836 145 1892 37
165 1828 278 1886 hoc
313 1825 542 1885 ordine:
589 1824 901 1886 Tabudium
934 1825 1237 1904 oppidum,
1270 1824 1481 1886 Niteris
1514 1829 1702 1903 natio,
1734 1827 2142 1905 Nigligemella
2161 1844 2215 1884 πο

165 1909 468 1987 oppidum,
509 1907 786 1967 Bubeium
821 1911 974 1968 natio
1005 1909 1102 1969 vel
1133 1910 1437 1988 oppidum,
1479 1910 1649 1988 Enipi
1682 1914 1867 1986 natio,
1902 1910 2142 1970 Thuben

164 1991 466 2071 oppidum,
509 2008 672 2050 mons
701 1994 928 2053 nomine
962 1992 1174 2069 Niger,
1217 1992 1495 2053 Nitibrum
1527 1994 1721 2073 Rapsa
1755 1994 1999 2073 oppida,
2040 1979 2141 2053 Di-

162 2093 328 2135 scera
366 2075 558 2147 natio,
596 2073 774 2134 Decri
805 2076 1109 2155 oppidum,
1159 2076 1367 2138 flumen
1400 2075 1726 2152 Nathabur,
1772 2077 2142 2156 Thapsagum
2247 2105 2252 2110 ·

163 2158 466 2236 oppidum,
499 2156 757 2234 Nannagi
790 2161 978 2234 natio,
1014 2159 1156 2218 Boin
1189 2159 1490 2238 oppidum,
1524 2159 1681 2236 Pege
1712 2162 2002 2238 oppidum,
2036 2159 2139 2225 ssu-

159 2260 289 2300 men
311 2240 597 2316 Dasibari,
630 2258 765 2300 mox
796 2244 1007 2320 oppida
1038 2245 1304 2303 continua
1336 2242 1630 2319 Baracum,
1663 2243 1902 2319 Buluba,
1927 2242 2135 2317 Alasit,
2158 2255 2213 2297 2⁵

158 2323 341 2398 Galia,
366 2323 547 2399 Balla,
572 2323 842 2400 Maxalla,
869 2324 1119 2402 Gizama,
1143 2343 1308 2387 mons
1334 2325 1468 2401 Gyri
1491 2327 1546 2384 in
1571 2342 1684 2403 quo
1707 2344 1961 2403 gemmas
1979 2326 2139 2385 nasci

74 2406 348 2471 38titulus
383 2409 725 2484 praecessit.
793 2408 884 2469 Ad
927 2408 1301 2485 Garamantas,
1345 2411 1456 2468 iter
1493 2409 1904 2487 inexplicabile
1953 2408 2139 2469 adhuc

159 2491 264 2549 fuit
293 2489 608 2548 latronibus
637 2493 826 2567 gentis
859 2493 983 2551 eius
1015 2501 1231 2570 puteos
1267 2493 1396 2570 (qui
1445 2501 1575 2551 sunt
1611 2509 1726 2552 non
1768 2493 1883 2553 alte
1916 2491 2136 2551 fodien-

160 2574 246 2649 di,
292 2574 340 2631 si
372 2572 631 2632 locorum
662 2576 860 2634 notitia
890 2575 1067 2655 adsit)
1104 2577 1332 2635 harenis
1375 2576 1788 2653 operientibus.
1852 2589 2135 2655 proxumo

156 2656 336 2731 bello,
370 2655 523 2734 quod
548 2674 673 2716 cum
697 2656 1020 2720 Oeensibus
1050 2677 1297 2736 gessere
1328 2659 1500 2717 initiis
1527 2657 1870 2737 Vespasiani
1889 2660 2135 2735 impera·
2154 2671 2208 2714 30

156 2741 330 2813 toric,
364 2740 743 2816 conpendium
775 2742 904 2800 viae
938 2742 1220 2818 quatridui
1252 2739 1674 2820 deprehensum
1714 2751 1821 2800 est.
1882 2739 1996 2799 hoc
2026 2739 2138 2798 iter

153 2831 394 2882 vocatur
434 2822 673 2883 Praeter
714 2834 885 2901 caput
924 2825 1068 2883 saxi.
1141 2823 1298 2885 Finis
1335 2822 1687 2899 Cyrenaicus
1730 2822 2137 2884 catabathmos

154 2905 509 2983 appellatur,
558 2906 827 2984 oppidum
859 2914 918 2966 et
942 2908 1109 2967 vallis
1137 2918 1380 2988 repente
1413 2921 1693 2972 convexa.
1751 2906 1821 2966 ad
1862 2924 1988 2965 eum
2019 2913 2134 2963 ter-

151 2990 358 3048 minum
392 2986 711 3063 Cyrenaica
742 2988 940 3049 Africa
969 3008 1002 3049 a
1033 2991 1187 3066 Syrti
1216 2994 1433 3051 minore
1461 2992 1535 3056 ῖῖ
1563 2989 1662 3049 LX
1689 2988 1748 3049 M
1776 3006 2045 3068 passuum
2078 2989 2134 3046 in

153 3071 563 3147 longitudinem
594 3079 780 3149 patet,
814 3074 869 3132 in
908 3074 1258 3134 latitudinem
1288 3092 1399 3153 qua
1431 3075 1718 3150 cognitum
1750 3083 1840 3133 est
1868 3068 2095 3131 DCCC.
2151 3083 2203 3125 35

69 3161 138 3215 39
276 3154 333 3213 6.
381 3154 504 3231 (6.)
552 3154 714 3227 Quae
763 3157 1022 3233 sequitur
1060 3159 1228 3234 regio
1274 3156 1546 3218 Mareotis
1587 3155 1764 3231 Libya
1806 3155 2134 3235 appellatur

153 3235 428 3311 Aegypto
482 3239 853 3310 contermina.
926 3247 1123 3298 tenent
1176 3239 1583 3315 Marmaridae,
1648 3237 2129 3313 Adyrmachidae,

153 3318 285 3377 dein
314 3316 629 3379 Mareotae.
662 3338 928 3381 mensura
957 3339 990 3381 a
1020 3319 1395 3382 Catabathmo
1419 3322 1814 3382 Paraetonium
1841 3317 2157 3381 LXXXVI.
