<?xml version="1.0" encoding="UTF-8"?>
<!DOCTYPE html PUBLIC "-//W3C//DTD XHTML 1.0 Transitional//EN"
    "http://www.w3.org/TR/xhtml1/DTD/xhtml1-transitional.dtd">
<html xmlns="http://www.w3.org/1999/xhtml" xml:lang="en" lang="en">
 <head>
  <title>
</title>
<meta http-equiv="Content-Type" content="text/html;charset=utf-8" />
  <meta name='ocr-system' content='tesseract 3.04.00' />
  <meta name='ocr-capabilities' content='ocr_page ocr_carea ocr_par ocr_line ocrx_word'/>
</head>
<body>
  <div class='ocr_page' id='page_1' title='image "./cplinisecundina00eldegoog_0609.png"; bbox 0 0 2320 3650; ppageno 0'>
   <div class='ocr_carea' id='block_1_1' title="bbox 192 73 1506 135">
    <p class='ocr_par' dir='ltr' id='par_1_1' title="bbox 192 73 1506 135">
     <span class='ocr_line' id='line_1_1' title="bbox 192 73 1506 135; baseline 0 -1"><span class='ocrx_word' id='word_1_1' title='bbox 192 73 314 134; x_wconf 83' lang='lat'><strong>264</strong></span> <span class='ocrx_word' id='word_1_2' title='bbox 888 85 949 134; x_wconf 83' lang='lat'><strong>0.</strong></span> <span class='ocrx_word' id='word_1_3' title='bbox 979 87 1174 133; x_wconf 78' lang='lat' dir='ltr'><strong>Pmm</strong></span> <span class='ocrx_word' id='word_1_4' title='bbox 1204 84 1506 135; x_wconf 62' lang='lat' dir='ltr'><strong>saeuum</strong></span> 
     </span>
    </p>
   </div>
   <div class='ocr_carea' id='block_1_2' title="bbox 68 240 2278 3431">
    <p class='ocr_par' dir='ltr' id='par_1_2' title="bbox 68 240 2278 3431">
     <span class='ocr_line' id='line_1_2' title="bbox 190 240 2278 331; baseline 0.002 -29"><span class='ocrx_word' id='word_1_5' title='bbox 190 240 408 302; x_wconf 84' lang='lat' dir='ltr'><strong>Calena</strong></span> <span class='ocrx_word' id='word_1_6' title='bbox 434 249 494 301; x_wconf 90' lang='lat' dir='ltr'><strong>et</strong></span> <span class='ocrx_word' id='word_1_7' title='bbox 515 259 665 320; x_wconf 89' lang='lat' dir='ltr'><strong>quae</strong></span> <span class='ocrx_word' id='word_1_8' title='bbox 687 243 744 301; x_wconf 88' lang='lat' dir='ltr'><strong>in</strong></span> <span class='ocrx_word' id='word_1_9' title='bbox 766 242 953 302; x_wconf 79' lang='lat' dir='ltr'><strong>vineis</strong></span> <span class='ocrx_word' id='word_1_10' title='bbox 976 240 1348 319; x_wconf 79' lang='lat' dir='ltr'><strong>arbustisque</strong></span> <span class='ocrx_word' id='word_1_11' title='bbox 1376 251 1691 302; x_wconf 67' lang='lat' dir='ltr'><strong>nascuntur</strong></span> <span class='ocrx_word' id='word_1_12' title='bbox 1711 242 1996 304; x_wconf 80' lang='lat' dir='ltr'><strong>Fundana</strong></span> <span class='ocrx_word' id='word_1_13' title='bbox 2020 254 2080 304; x_wconf 87' lang='lat' dir='ltr'><strong>et</strong></span> <span class='ocrx_word' id='word_1_14' title='bbox 2100 246 2204 308; x_wconf 80' lang='lat' dir='ltr'><strong>alia</strong></span> <span class='ocrx_word' id='word_1_15' title='bbox 2277 274 2278 331; x_wconf 36' lang='grc' dir='ltr'><strong>χ</strong></span> 
     </span>
     <span class='ocr_line' id='line_1_3' title="bbox 190 323 2278 406; baseline 0.003 -21"><span class='ocrx_word' id='word_1_16' title='bbox 190 345 265 385; x_wconf 85' lang='lat' dir='ltr'><strong>ex</strong></span> <span class='ocrx_word' id='word_1_17' title='bbox 305 325 512 385; x_wconf 81' lang='lat' dir='ltr'><strong>vicinia</strong></span> <span class='ocrx_word' id='word_1_18' title='bbox 555 326 748 401; x_wconf 83' lang='lat' dir='ltr'><strong>urbis,</strong></span> <span class='ocrx_word' id='word_1_19' title='bbox 795 326 1128 402; x_wconf 79' lang='lat' dir='ltr'><strong>Veliterna,</strong></span> <span class='ocrx_word' id='word_1_20' title='bbox 1177 323 1554 386; x_wconf 81' lang='lat' dir='ltr'><strong>Privernatia.</strong></span> <span class='ocrx_word' id='word_1_21' title='bbox 1616 345 1746 387; x_wconf 79' lang='lat' dir='ltr'><strong>nam</strong></span> <span class='ocrx_word' id='word_1_22' title='bbox 1779 329 1942 406; x_wconf 88' lang='lat' dir='ltr'><strong>quod</strong></span> <span class='ocrx_word' id='word_1_23' title='bbox 1969 329 2204 406; x_wconf 80' lang='lat' dir='ltr'><strong>Signiae</strong></span> <span class='ocrx_word' id='word_1_24' title='bbox 2277 344 2278 395; x_wconf 66' lang='lat'>1</span> 
     </span>
     <span class='ocr_line' id='line_1_4' title="bbox 124 410 2278 491; baseline 0.002 -22"><span class='ocrx_word' id='word_1_25' title='bbox 124 473 131 479; x_wconf 65' lang='grc'><em>,</em></span> <span class='ocrx_word' id='word_1_26' title='bbox 187 411 440 470; x_wconf 88' lang='lat' dir='ltr'><strong>nascitur</strong></span> <span class='ocrx_word' id='word_1_27' title='bbox 483 411 822 471; x_wconf 76' lang='lat' dir='ltr'><strong>austeritate</strong></span> <span class='ocrx_word' id='word_1_28' title='bbox 863 412 1036 471; x_wconf 79' lang='lat' dir='ltr'><strong>nimia</strong></span> <span class='ocrx_word' id='word_1_29' title='bbox 1064 410 1451 471; x_wconf 81' lang='lat' dir='ltr'><strong>continendae</strong></span> <span class='ocrx_word' id='word_1_30' title='bbox 1497 412 1645 471; x_wconf 82' lang='lat' dir='ltr'><strong>utile</strong></span> <span class='ocrx_word' id='word_1_31' title='bbox 1677 413 1816 472; x_wconf 82' lang='lat' dir='ltr'><strong>alvo</strong></span> <span class='ocrx_word' id='word_1_32' title='bbox 1845 414 2003 472; x_wconf 81' lang='lat' dir='ltr'><strong>inter</strong></span> <span class='ocrx_word' id='word_1_33' title='bbox 2031 415 2202 475; x_wconf 75' lang='lat' dir='ltr'><strong>medi-</strong></span> <span class='ocrx_word' id='word_1_34' title='bbox 2277 418 2278 491; x_wconf 41' lang='grc' dir='ltr'><strong>ᾗ</strong></span> 
     </span>
     <span class='ocr_line' id='line_1_5' title="bbox 102 493 2278 576; baseline -0.001 -19"><span class='ocrx_word' id='word_1_35' title='bbox 102 502 174 557; x_wconf 79' lang='grc'><strong>66</strong></span> <span class='ocrx_word' id='word_1_36' title='bbox 194 495 413 554; x_wconf 88' lang='lat' dir='ltr'><strong>camina</strong></span> <span class='ocrx_word' id='word_1_37' title='bbox 442 503 792 554; x_wconf 88' lang='lat' dir='ltr'><strong>numeratur.</strong></span> <span class='ocrx_word' id='word_1_38' title='bbox 850 497 956 574; x_wconf 79' lang='lat'><strong>[4.]</strong></span> <span class='ocrx_word' id='word_1_39' title='bbox 1018 493 1297 566; x_wconf 74' lang='lat' dir='ltr'><strong>Quartum</strong></span> <span class='ocrx_word' id='word_1_40' title='bbox 1334 496 1682 555; x_wconf 87' lang='lat' dir='ltr'><strong>curriculum</strong></span> <span class='ocrx_word' id='word_1_41' title='bbox 1714 496 1974 574; x_wconf 82' lang='lat' dir='ltr'><strong>publicis</strong></span> <span class='ocrx_word' id='word_1_42' title='bbox 2020 499 2203 576; x_wconf 84' lang='lat' dir='ltr'><strong>epulis</strong></span> <span class='ocrx_word' id='word_1_43' title='bbox 2277 502 2278 555; x_wconf 59' lang='lat'>1</span> 
     </span>
     <span class='ocr_line' id='line_1_6' title="bbox 189 578 2242 657; baseline 0 -20"><span class='ocrx_word' id='word_1_44' title='bbox 189 579 494 655; x_wconf 83' lang='lat' dir='ltr'><strong>optinuere</strong></span> <span class='ocrx_word' id='word_1_45' title='bbox 525 597 560 637; x_wconf 90' lang='lat' dir='ltr'><strong>a</strong></span> <span class='ocrx_word' id='word_1_46' title='bbox 590 580 723 640; x_wconf 81' lang='lat' dir='ltr'><strong>divo</strong></span> <span class='ocrx_word' id='word_1_47' title='bbox 755 578 902 639; x_wconf 89' lang='lat' dir='ltr'><strong>Iulio</strong></span> <span class='ocrx_word' id='word_1_48' title='bbox 938 612 1021 622; x_wconf 91' lang='lat'><strong>-——</strong></span> <span class='ocrx_word' id='word_1_49' title='bbox 1047 580 1099 637; x_wconf 94' lang='lat' dir='ltr'><strong>is</strong></span> <span class='ocrx_word' id='word_1_50' title='bbox 1131 578 1282 637; x_wconf 90' lang='lat' dir='ltr'><strong>enim</strong></span> <span class='ocrx_word' id='word_1_51' title='bbox 1310 580 1528 657; x_wconf 84' lang='lat' dir='ltr'><strong>primns</strong></span> <span class='ocrx_word' id='word_1_52' title='bbox 1555 583 1967 641; x_wconf 82' lang='lat' dir='ltr'><strong>anctoritatem</strong></span> <span class='ocrx_word' id='word_1_53' title='bbox 1990 581 2082 641; x_wconf 84' lang='lat' dir='ltr'><strong>his</strong></span> <span class='ocrx_word' id='word_1_54' title='bbox 2109 584 2200 642; x_wconf 81' lang='lat' dir='ltr'><strong>tri-</strong></span> <span class='ocrx_word' id='word_1_55' title='bbox 2219 597 2242 638; x_wconf 79' lang='lat' dir='ltr'><strong>t</strong></span> 
     </span>
     <span class='ocr_line' id='line_1_7' title="bbox 184 661 2202 741; baseline 0.003 -20"><span class='ocrx_word' id='word_1_56' title='bbox 184 661 338 737; x_wconf 90' lang='lat' dir='ltr'><strong>buit,</strong></span> <span class='ocrx_word' id='word_1_57' title='bbox 371 671 432 721; x_wconf 84' lang='lat' dir='ltr'><strong>ut</strong></span> <span class='ocrx_word' id='word_1_58' title='bbox 463 663 727 741; x_wconf 83' lang='lat' dir='ltr'><strong>epistulis</strong></span> <span class='ocrx_word' id='word_1_59' title='bbox 761 664 892 723; x_wconf 89' lang='lat' dir='ltr'><strong>eius</strong></span> <span class='ocrx_word' id='word_1_60' title='bbox 927 663 1170 740; x_wconf 82' lang='lat' dir='ltr'><strong>adparet</strong></span> <span class='ocrx_word' id='word_1_61' title='bbox 1208 696 1296 707; x_wconf 88' lang='lat'><strong>--</strong></span> <span class='ocrx_word' id='word_1_62' title='bbox 1320 662 1656 724; x_wconf 74' lang='lat' dir='ltr'><strong>Mamertina</strong></span> <span class='ocrx_word' id='word_1_63' title='bbox 1688 666 1848 725; x_wconf 73' lang='lat' dir='ltr'><strong>circa</strong></span> <span class='ocrx_word' id='word_1_64' title='bbox 1879 663 2202 727; x_wconf 63' lang='lat' dir='ltr'><strong>messam</strong></span> 
     </span>
     <span class='ocr_line' id='line_1_8' title="bbox 184 746 2198 827; baseline 0.001 -22"><span class='ocrx_word' id='word_1_65' title='bbox 184 747 242 806; x_wconf 92' lang='lat' dir='ltr'><strong>in</strong></span> <span class='ocrx_word' id='word_1_66' title='bbox 273 748 471 807; x_wconf 77' lang='lat' dir='ltr'><strong>Sicilia</strong></span> <span class='ocrx_word' id='word_1_67' title='bbox 493 748 709 823; x_wconf 76' lang='lat' dir='ltr'><strong>genita.</strong></span> <span class='ocrx_word' id='word_1_68' title='bbox 745 765 821 806; x_wconf 84' lang='lat' dir='ltr'><strong>ex</strong></span> <span class='ocrx_word' id='word_1_69' title='bbox 850 748 940 807; x_wconf 91' lang='lat' dir='ltr'><strong>his</strong></span> <span class='ocrx_word' id='word_1_70' title='bbox 962 746 1241 806; x_wconf 75' lang='lat' dir='ltr'><strong>Potulana</strong></span> <span class='ocrx_word' id='word_1_71' title='bbox 1271 747 1344 806; x_wconf 89' lang='lat' dir='ltr'><strong>ab</strong></span> <span class='ocrx_word' id='word_1_72' title='bbox 1370 756 1617 808; x_wconf 86' lang='lat' dir='ltr'><strong>auctore</strong></span> <span class='ocrx_word' id='word_1_73' title='bbox 1640 748 1814 808; x_wconf 88' lang='lat' dir='ltr'><strong>dicta.</strong></span> <span class='ocrx_word' id='word_1_74' title='bbox 1841 748 1952 808; x_wconf 88' lang='lat' dir='ltr'><strong>illo</strong></span> <span class='ocrx_word' id='word_1_75' title='bbox 1987 765 2198 827; x_wconf 69' lang='lat' dir='ltr'><strong>cogno-</strong></span> 
     </span>
     <span class='ocr_line' id='line_1_9' title="bbox 185 829 2278 910; baseline 0.001 -21"><span class='ocrx_word' id='word_1_76' title='bbox 185 831 336 890; x_wconf 89' lang='lat' dir='ltr'><strong>mine</strong></span> <span class='ocrx_word' id='word_1_77' title='bbox 385 848 664 909; x_wconf 84' lang='lat' dir='ltr'><strong>proxuma</strong></span> <span class='ocrx_word' id='word_1_78' title='bbox 711 829 914 891; x_wconf 82' lang='lat' dir='ltr'><strong>Italiae</strong></span> <span class='ocrx_word' id='word_1_79' title='bbox 962 830 1265 891; x_wconf 74' lang='lat' dir='ltr'><strong>laudantur</strong></span> <span class='ocrx_word' id='word_1_80' title='bbox 1316 832 1654 910; x_wconf 65' lang='lat' dir='ltr'><strong>praecipue.</strong></span> <span class='ocrx_word' id='word_1_81' title='bbox 1740 831 1851 891; x_wconf 86' lang='lat' dir='ltr'><strong>Est</strong></span> <span class='ocrx_word' id='word_1_82' title='bbox 1894 834 1966 891; x_wconf 86' lang='lat' dir='ltr'><strong>in·</strong></span> <span class='ocrx_word' id='word_1_83' title='bbox 2004 835 2199 893; x_wconf 78' lang='lat' dir='ltr'><strong>eaden</strong></span> <span class='ocrx_word' id='word_1_84' title='bbox 2277 848 2278 855; x_wconf 55' lang='lat'>¹</span> 
     </span>
     <span class='ocr_line' id='line_1_10' title="bbox 189 913 2196 994; baseline 0.001 -20"><span class='ocrx_word' id='word_1_85' title='bbox 189 914 388 975; x_wconf 79' lang='lat' dir='ltr'><strong>Sicilia</strong></span> <span class='ocrx_word' id='word_1_86' title='bbox 421 925 481 974; x_wconf 88' lang='lat' dir='ltr'><strong>et</strong></span> <span class='ocrx_word' id='word_1_87' title='bbox 510 913 1006 976; x_wconf 81' lang='lat' dir='ltr'><strong>Tauromenitanis</strong></span> <span class='ocrx_word' id='word_1_88' title='bbox 1054 913 1513 991; x_wconf 75' lang='lat' dir='ltr'><strong>honos&#39;lagonis</strong></span> <span class='ocrx_word' id='word_1_89' title='bbox 1551 934 1660 994; x_wconf 90' lang='lat' dir='ltr'><strong>pro</strong></span> <span class='ocrx_word' id='word_1_90' title='bbox 1690 915 2043 976; x_wconf 69' lang='lat' dir='ltr'><strong>Mamertino</strong></span> <span class='ocrx_word' id='word_1_91' title='bbox 2084 917 2196 994; x_wconf 77' lang='lat' dir='ltr'><strong>pls·</strong></span> 
     </span>
     <span class='ocr_line' id='line_1_11' title="bbox 97 997 2250 1078; baseline -0 -17"><span class='ocrx_word' id='word_1_92' title='bbox 97 1005 169 1061; x_wconf 77' lang='lat'><strong>6⁷</strong></span> <span class='ocrx_word' id='word_1_93' title='bbox 190 1016 432 1076; x_wconf 87' lang='lat' dir='ltr'><strong>rumque</strong></span> <span class='ocrx_word' id='word_1_94' title='bbox 459 999 724 1059; x_wconf 89' lang='lat' dir='ltr'><strong>subditis.</strong></span> <span class='ocrx_word' id='word_1_95' title='bbox 773 1000 877 1078; x_wconf 84' lang='lat'><strong>[5.]</strong></span> <span class='ocrx_word' id='word_1_96' title='bbox 924 997 1017 1058; x_wconf 84' lang='lat' dir='ltr'><strong>Ex</strong></span> <span class='ocrx_word' id='word_1_97' title='bbox 1046 999 1288 1077; x_wconf 84' lang='lat' dir='ltr'><strong>reliquis</strong></span> <span class='ocrx_word' id='word_1_98' title='bbox 1318 1008 1572 1060; x_wconf 81' lang='lat' dir='ltr'><strong>autema</strong></span> <span class='ocrx_word' id='word_1_99' title='bbox 1607 1002 2003 1078; x_wconf 72' lang='lat' dir='ltr'><strong>superornati</strong></span> <span class='ocrx_word' id='word_1_100' title='bbox 2033 1000 2196 1060; x_wconf 86' lang='lat' dir='ltr'><strong>Prae·</strong></span> <span class='ocrx_word' id='word_1_101' title='bbox 2215 1019 2250 1060; x_wconf 71' lang='lat' dir='ltr'><strong>lo</strong></span> 
     </span>
     <span class='ocr_line' id='line_1_12' title="bbox 126 1082 2199 1162; baseline 0.004 -27"><span class='ocrx_word' id='word_1_102' title='bbox 126 1130 131 1135; x_wconf 87' lang='lat'>.</span> <span class='ocrx_word' id='word_1_103' title='bbox 185 1084 323 1142; x_wconf 86' lang='lat' dir='ltr'><strong>tutia</strong></span> <span class='ocrx_word' id='word_1_104' title='bbox 368 1091 541 1160; x_wconf 88' lang='lat' dir='ltr'><strong>atque</strong></span> <span class='ocrx_word' id='word_1_105' title='bbox 581 1082 826 1142; x_wconf 87' lang='lat' dir='ltr'><strong>Ancone</strong></span> <span class='ocrx_word' id='word_1_106' title='bbox 881 1084 1211 1158; x_wconf 77' lang='lat' dir='ltr'><strong>nascentia,</strong></span> <span class='ocrx_word' id='word_1_107' title='bbox 1270 1092 1331 1141; x_wconf 89' lang='lat' dir='ltr'><strong>et</strong></span> <span class='ocrx_word' id='word_1_108' title='bbox 1370 1100 1523 1160; x_wconf 89' lang='lat' dir='ltr'><strong>quae</strong></span> <span class='ocrx_word' id='word_1_109' title='bbox 1564 1102 1598 1144; x_wconf 91' lang='lat' dir='ltr'><strong>a</strong></span> <span class='ocrx_word' id='word_1_110' title='bbox 1637 1083 1829 1162; x_wconf 85' lang='lat' dir='ltr'><strong>palma</strong></span> <span class='ocrx_word' id='word_1_111' title='bbox 1889 1084 2005 1144; x_wconf 78' lang='lat' dir='ltr'><strong>nna&#39;</strong></span> <span class='ocrx_word' id='word_1_112' title='bbox 2056 1085 2199 1144; x_wconf 73' lang='lat' dir='ltr'><strong>forte</strong></span> 
     </span>
     <span class='ocr_line' id='line_1_13' title="bbox 188 1164 2197 1245; baseline 0.001 -20"><span class='ocrx_word' id='word_1_113' title='bbox 188 1176 358 1226; x_wconf 88' lang='lat' dir='ltr'><strong>enata</strong></span> <span class='ocrx_word' id='word_1_114' title='bbox 408 1166 727 1244; x_wconf 82' lang='lat' dir='ltr'><strong>palmensia</strong></span> <span class='ocrx_word' id='word_1_115' title='bbox 771 1167 1191 1245; x_wconf 78' lang='lat' dir='ltr'><strong>appellavere,</strong></span> <span class='ocrx_word' id='word_1_116' title='bbox 1236 1168 1293 1225; x_wconf 89' lang='lat' dir='ltr'><strong>in</strong></span> <span class='ocrx_word' id='word_1_117' title='bbox 1339 1168 1768 1228; x_wconf 87' lang='lat' dir='ltr'><strong>mediterraneo</strong></span> <span class='ocrx_word' id='word_1_118' title='bbox 1798 1184 1950 1227; x_wconf 83' lang='lat' dir='ltr'><strong>vero</strong></span> <span class='ocrx_word' id='word_1_119' title='bbox 1985 1164 2197 1228; x_wconf 75' lang='lat' dir='ltr'><strong>Caese-</strong></span> 
     </span>
     <span class='ocr_line' id='line_1_14' title="bbox 184 1249 2198 1326; baseline 0.001 -18"><span class='ocrx_word' id='word_1_120' title='bbox 184 1251 336 1310; x_wconf 87' lang='lat' dir='ltr'><strong>natia</strong></span> <span class='ocrx_word' id='word_1_121' title='bbox 379 1268 449 1310; x_wconf 88' lang='lat' dir='ltr'><strong>ac</strong></span> <span class='ocrx_word' id='word_1_122' title='bbox 477 1249 944 1326; x_wconf 76' lang='lat' dir='ltr'><strong>Maecenatiana,</strong></span> <span class='ocrx_word' id='word_1_123' title='bbox 988 1253 1046 1310; x_wconf 90' lang='lat' dir='ltr'><strong>in</strong></span> <span class='ocrx_word' id='word_1_124' title='bbox 1073 1250 1422 1311; x_wconf 79' lang='lat' dir='ltr'><strong>veroniensi</strong></span> <span class='ocrx_word' id='word_1_125' title='bbox 1465 1252 1602 1311; x_wconf 85' lang='lat' dir='ltr'><strong>item</strong></span> <span class='ocrx_word' id='word_1_126' title='bbox 1629 1250 1876 1312; x_wconf 82' lang='lat' dir='ltr'><strong>Raetica</strong></span> <span class='ocrx_word' id='word_1_127' title='bbox 1938 1250 2198 1311; x_wconf 72' lang='lat' dir='ltr'><strong>Falernis</strong></span> 
     </span>
     <span class='ocr_line' id='line_1_15' title="bbox 68 1334 2195 1414; baseline -0.001 -17"><span class='ocrx_word' id='word_1_128' title='bbox 68 1392 73 1397; x_wconf 88' lang='lat'>.</span> <span class='ocrx_word' id='word_1_129' title='bbox 185 1343 397 1393; x_wconf 86' lang='lat' dir='ltr'><strong>tantum</strong></span> <span class='ocrx_word' id='word_1_130' title='bbox 424 1335 699 1414; x_wconf 80' lang='lat' dir='ltr'><strong>postlata</strong></span> <span class='ocrx_word' id='word_1_131' title='bbox 740 1353 774 1395; x_wconf 91' lang='lat' dir='ltr'><strong>a</strong></span> <span class='ocrx_word' id='word_1_132' title='bbox 816 1334 1125 1412; x_wconf 80' lang='lat' dir='ltr'><strong>Vergilio,</strong></span> <span class='ocrx_word' id='word_1_133' title='bbox 1169 1352 1307 1394; x_wconf 86' lang='lat' dir='ltr'><strong>mox</strong></span> <span class='ocrx_word' id='word_1_134' title='bbox 1345 1334 1421 1398; x_wconf 88' lang='lat' dir='ltr'><strong>ab</strong></span> <span class='ocrx_word' id='word_1_135' title='bbox 1463 1337 1676 1396; x_wconf 85' lang='lat' dir='ltr'><strong>intumo</strong></span> <span class='ocrx_word' id='word_1_136' title='bbox 1721 1335 1849 1395; x_wconf 83' lang='lat' dir='ltr'><strong>sinu</strong></span> <span class='ocrx_word' id='word_1_137' title='bbox 1883 1338 2067 1394; x_wconf 89' lang='lat' dir='ltr'><strong>maris</strong></span> <span class='ocrx_word' id='word_1_138' title='bbox 2093 1335 2195 1395; x_wconf 80' lang='lat' dir='ltr'><strong>Ha-</strong></span> 
     </span>
     <span class='ocr_line' id='line_1_16' title="bbox 189 1418 2253 1494; baseline 0 -17"><span class='ocrx_word' id='word_1_139' title='bbox 189 1418 408 1494; x_wconf 87' lang='lat' dir='ltr'><strong>driana,</strong></span> <span class='ocrx_word' id='word_1_140' title='bbox 440 1419 731 1479; x_wconf 68' lang='lat' dir='ltr'><strong>abjnfero</strong></span> <span class='ocrx_word' id='word_1_141' title='bbox 756 1428 946 1479; x_wconf 88' lang='lat' dir='ltr'><strong>autem</strong></span> <span class='ocrx_word' id='word_1_142' title='bbox 975 1418 1345 1494; x_wconf 77' lang='lat' dir='ltr'><strong>Latiniensia,</strong></span> <span class='ocrx_word' id='word_1_143' title='bbox 1374 1418 1757 1494; x_wconf 84' lang='lat' dir='ltr'><strong>Graviscana,</strong></span> <span class='ocrx_word' id='word_1_144' title='bbox 1784 1420 2193 1479; x_wconf 49' lang='lat' dir='ltr'><strong>Statoniensi&amp;</strong></span> <span class='ocrx_word' id='word_1_145' title='bbox 2214 1436 2253 1479; x_wconf 77' lang='lat' dir='ltr'><strong>n</strong></span> 
     </span>
     <span class='ocr_line' id='line_1_17' title="bbox 98 1501 2196 1582; baseline -0.002 -16"><span class='ocrx_word' id='word_1_146' title='bbox 98 1511 169 1566; x_wconf 86' lang='grc'><strong>68</strong></span> <span class='ocrx_word' id='word_1_147' title='bbox 188 1501 455 1563; x_wconf 86' lang='lat' dir='ltr'><strong>Etruriae</strong></span> <span class='ocrx_word' id='word_1_148' title='bbox 490 1502 650 1564; x_wconf 81' lang='lat' dir='ltr'><strong>-Luna</strong></span> <span class='ocrx_word' id='word_1_149' title='bbox 692 1503 941 1582; x_wconf 87' lang='lat' dir='ltr'><strong>palmam</strong></span> <span class='ocrx_word' id='word_1_150' title='bbox 978 1502 1198 1582; x_wconf 80' lang='lat' dir='ltr'><strong>habet,</strong></span> <span class='ocrx_word' id='word_1_151' title='bbox 1242 1502 1511 1580; x_wconf 77' lang='lat' dir='ltr'><strong>Liguriae</strong></span> <span class='ocrx_word' id='word_1_152' title='bbox 1542 1503 1762 1564; x_wconf 83' lang='lat' dir='ltr'><strong>Genua.</strong></span> <span class='ocrx_word' id='word_1_153' title='bbox 1833 1501 2001 1562; x_wconf 80' lang='lat' dir='ltr'><strong>Inter</strong></span> <span class='ocrx_word' id='word_1_154' title='bbox 2027 1503 2196 1578; x_wconf 67' lang='lat' dir='ltr'><strong>Pyre·</strong></span> 
     </span>
     <span class='ocr_line' id='line_1_18' title="bbox 182 1586 2198 1667; baseline 0 -21"><span class='ocrx_word' id='word_1_155' title='bbox 182 1604 389 1646; x_wconf 88' lang='lat' dir='ltr'><strong>naeum</strong></span> <span class='ocrx_word' id='word_1_156' title='bbox 416 1587 707 1667; x_wconf 81' lang='lat' dir='ltr'><strong>Alpisque</strong></span> <span class='ocrx_word' id='word_1_157' title='bbox 735 1586 1255 1666; x_wconf 48' lang='lat' dir='ltr'><strong>Massilia-gemino</strong></span> <span class='ocrx_word' id='word_1_158' title='bbox 1289 1603 1541 1664; x_wconf 86' lang='lat' dir='ltr'><strong>sapore,</strong></span> <span class='ocrx_word' id='word_1_159' title='bbox 1576 1588 1805 1666; x_wconf 86' lang='lat' dir='ltr'><strong>quando</strong></span> <span class='ocrx_word' id='word_1_160' title='bbox 1832 1596 1896 1646; x_wconf 88' lang='lat' dir='ltr'><strong>et</strong></span> <span class='ocrx_word' id='word_1_161' title='bbox 1928 1587 2198 1646; x_wconf 79' lang='lat' dir='ltr'><strong>condien-</strong></span> 
     </span>
     <span class='ocr_line' id='line_1_19' title="bbox 184 1670 2200 1751; baseline -0 -20"><span class='ocrx_word' id='word_1_162' title='bbox 184 1670 273 1731; x_wconf 85' lang='lat' dir='ltr'><strong>dis</strong></span> <span class='ocrx_word' id='word_1_163' title='bbox 296 1671 427 1730; x_wconf 88' lang='lat' dir='ltr'><strong>aliis</strong></span> <span class='ocrx_word' id='word_1_164' title='bbox 452 1673 720 1750; x_wconf 83' lang='lat' dir='ltr'><strong>pinguius</strong></span> <span class='ocrx_word' id='word_1_165' title='bbox 742 1672 928 1749; x_wconf 83' lang='lat' dir='ltr'><strong>gignit</strong></span> <span class='ocrx_word' id='word_1_166' title='bbox 957 1672 1112 1751; x_wconf 84' lang='lat' dir='ltr'><strong>quod</strong></span> <span class='ocrx_word' id='word_1_167' title='bbox 1135 1680 1310 1731; x_wconf 79' lang='lat' dir='ltr'><strong>vocat</strong></span> <span class='ocrx_word' id='word_1_168' title='bbox 1331 1689 1622 1731; x_wconf 73' lang='lat' dir='ltr'><strong>sucosam.</strong></span> <span class='ocrx_word' id='word_1_169' title='bbox 1658 1670 2040 1731; x_wconf 77' lang='lat' dir='ltr'><strong>Beterrarum</strong></span> <span class='ocrx_word' id='word_1_170' title='bbox 2061 1672 2200 1730; x_wconf 78' lang='lat' dir='ltr'><strong>intra</strong></span> 
     </span>
     <span class='ocr_line' id='line_1_20' title="bbox 183 1743 2198 1834; baseline -0 -19"><span class='ocrx_word' id='word_1_171' title='bbox 183 1754 399 1815; x_wconf 87' lang='lat' dir='ltr'><strong>Gallias</strong></span> <span class='ocrx_word' id='word_1_172' title='bbox 434 1757 697 1815; x_wconf 86' lang='lat' dir='ltr'><strong>consistit</strong></span> <span class='ocrx_word' id='word_1_173' title='bbox 730 1748 1067 1816; x_wconf 78' lang='lat' dir='ltr'><strong>auctoritas.</strong></span> <span class='ocrx_word' id='word_1_174' title='bbox 1130 1755 1204 1815; x_wconf 91' lang='lat' dir='ltr'><strong>de</strong></span> <span class='ocrx_word' id='word_1_175' title='bbox 1234 1755 1476 1834; x_wconf 90' lang='lat' dir='ltr'><strong>reliquis</strong></span> <span class='ocrx_word' id='word_1_176' title='bbox 1505 1756 1562 1815; x_wconf 90' lang='lat' dir='ltr'><strong>in</strong></span> <span class='ocrx_word' id='word_1_177' title='bbox 1581 1743 1956 1816; x_wconf 86' lang='lat' dir='ltr'><strong>Narbonens&#39;i</strong></span> <span class='ocrx_word' id='word_1_178' title='bbox 1991 1755 2198 1832; x_wconf 76' lang='lat' dir='ltr'><strong>genitis</strong></span> 
     </span>
     <span class='ocr_line' id='line_1_21' title="bbox 183 1839 2254 1920; baseline -0.002 -21"><span class='ocrx_word' id='word_1_179' title='bbox 183 1839 537 1900; x_wconf 86' lang='lat' dir='ltr'><strong>adseverare</strong></span> <span class='ocrx_word' id='word_1_180' title='bbox 561 1858 685 1901; x_wconf 60' lang='lat' dir='ltr'><strong>non-</strong></span> <span class='ocrx_word' id='word_1_181' title='bbox 701 1849 815 1917; x_wconf 88' lang='lat' dir='ltr'><strong>est,</strong></span> <span class='ocrx_word' id='word_1_182' title='bbox 834 1842 1107 1920; x_wconf 87' lang='lat' dir='ltr'><strong>quoniam</strong></span> <span class='ocrx_word' id='word_1_183' title='bbox 1126 1841 1416 1900; x_wconf 83' lang='lat' dir='ltr'><strong>officinam</strong></span> <span class='ocrx_word' id='word_1_184' title='bbox 1439 1841 1565 1900; x_wconf 89' lang='lat' dir='ltr'><strong>eius</strong></span> <span class='ocrx_word' id='word_1_185' title='bbox 1588 1842 1677 1900; x_wconf 92' lang='lat' dir='ltr'><strong>rei</strong></span> <span class='ocrx_word' id='word_1_186' title='bbox 1698 1840 1914 1899; x_wconf 75' lang='lat' dir='ltr'><strong>fecere</strong></span> <span class='ocrx_word' id='word_1_187' title='bbox 1938 1840 2197 1916; x_wconf 78' lang='lat' dir='ltr'><strong>tinguen-</strong></span> <span class='ocrx_word' id='word_1_188' title='bbox 2211 1854 2254 1895; x_wconf 70' lang='grc' dir='ltr'><strong>ιο</strong></span> 
     </span>
     <span class='ocr_line' id='line_1_22' title="bbox 181 1922 2195 2003; baseline -0 -21"><span class='ocrx_word' id='word_1_189' title='bbox 181 1932 274 1983; x_wconf 85' lang='lat' dir='ltr'><strong>tes</strong></span> <span class='ocrx_word' id='word_1_190' title='bbox 304 1923 495 1999; x_wconf 84' lang='lat' dir='ltr'><strong>fumo,</strong></span> <span class='ocrx_word' id='word_1_191' title='bbox 529 1927 862 2003; x_wconf 85' lang='lat' dir='ltr'><strong>utinamque</strong></span> <span class='ocrx_word' id='word_1_192' title='bbox 904 1942 1020 1985; x_wconf 88' lang='lat' dir='ltr'><strong>non</strong></span> <span class='ocrx_word' id='word_1_193' title='bbox 1056 1934 1116 1984; x_wconf 90' lang='lat' dir='ltr'><strong>et</strong></span> <span class='ocrx_word' id='word_1_194' title='bbox 1142 1924 1345 1986; x_wconf 81' lang='lat' dir='ltr'><strong>herbis</strong></span> <span class='ocrx_word' id='word_1_195' title='bbox 1375 1939 1454 1984; x_wconf 84' lang='lat' dir='ltr'><strong>ac</strong></span> <span class='ocrx_word' id='word_1_196' title='bbox 1476 1922 1956 1996; x_wconf 73' lang='lat' dir='ltr'><strong>medicaminibus</strong></span> <span class='ocrx_word' id='word_1_197' title='bbox 1988 1924 2195 1983; x_wconf 77' lang='lat' dir='ltr'><strong>noxiis.</strong></span> 
     </span>
     <span class='ocr_line' id='line_1_23' title="bbox 184 2007 2198 2087; baseline 0 -21"><span class='ocrx_word' id='word_1_198' title='bbox 184 2008 405 2087; x_wconf 86' lang='lat' dir='ltr'><strong>quippe</strong></span> <span class='ocrx_word' id='word_1_199' title='bbox 448 2010 618 2069; x_wconf 88' lang='lat' dir='ltr'><strong>etiam</strong></span> <span class='ocrx_word' id='word_1_200' title='bbox 655 2009 791 2069; x_wconf 90' lang='lat' dir='ltr'><strong>aloe</strong></span> <span class='ocrx_word' id='word_1_201' title='bbox 826 2018 1118 2069; x_wconf 87' lang='lat' dir='ltr'><strong>mercator</strong></span> <span class='ocrx_word' id='word_1_202' title='bbox 1149 2025 1422 2086; x_wconf 83' lang='lat' dir='ltr'><strong>saporem</strong></span> <span class='ocrx_word' id='word_1_203' title='bbox 1466 2008 1848 2085; x_wconf 77' lang='lat' dir='ltr'><strong>coloremque</strong></span> <span class='ocrx_word' id='word_1_204' title='bbox 1890 2007 2198 2067; x_wconf 78' lang='lat' dir='ltr'><strong>adulterat.</strong></span> 
     </span>
     <span class='ocr_line' id='line_1_24' title="bbox 98 2091 2199 2172; baseline -0.002 -17"><span class='ocrx_word' id='word_1_205' title='bbox 98 2092 299 2171; x_wconf 59' lang='lat'><strong>6916]</strong></span> <span class='ocrx_word' id='word_1_206' title='bbox 346 2092 565 2153; x_wconf 90' lang='lat' dir='ltr'><strong>Verum</strong></span> <span class='ocrx_word' id='word_1_207' title='bbox 592 2103 654 2153; x_wconf 86' lang='lat' dir='ltr'><strong>et</strong></span> <span class='ocrx_word' id='word_1_208' title='bbox 685 2093 1091 2172; x_wconf 75' lang='lat' dir='ltr'><strong>longinquiora</strong></span> <span class='ocrx_word' id='word_1_209' title='bbox 1122 2091 1327 2154; x_wconf 83' lang='lat' dir='ltr'><strong>Italiae</strong></span> <span class='ocrx_word' id='word_1_210' title='bbox 1370 2092 1443 2153; x_wconf 83' lang='lat' dir='ltr'><strong>ab</strong></span> <span class='ocrx_word' id='word_1_211' title='bbox 1474 2092 1737 2152; x_wconf 86' lang='lat' dir='ltr'><strong>Ausonio</strong></span> <span class='ocrx_word' id='word_1_212' title='bbox 1770 2093 1918 2152; x_wconf 81' lang='lat' dir='ltr'><strong>mari</strong></span> <span class='ocrx_word' id='word_1_213' title='bbox 1960 2108 2084 2152; x_wconf 82' lang='lat' dir='ltr'><strong>non</strong></span> <span class='ocrx_word' id='word_1_214' title='bbox 2109 2107 2199 2151; x_wconf 78' lang='lat' dir='ltr'><strong>ca·</strong></span> 
     </span>
     <span class='ocr_line' id='line_1_25' title="bbox 181 2171 2206 2255; baseline -0 -20"><span class='ocrx_word' id='word_1_215' title='bbox 181 2185 313 2236; x_wconf 89' lang='lat' dir='ltr'><strong>rent</strong></span> <span class='ocrx_word' id='word_1_216' title='bbox 354 2177 577 2255; x_wconf 81' lang='lat' dir='ltr'><strong>gloria,</strong></span> <span class='ocrx_word' id='word_1_217' title='bbox 623 2178 934 2238; x_wconf 88' lang='lat' dir='ltr'><strong>Tarentina</strong></span> <span class='ocrx_word' id='word_1_218' title='bbox 967 2186 1028 2236; x_wconf 88' lang='lat' dir='ltr'><strong>et</strong></span> <span class='ocrx_word' id='word_1_219' title='bbox 1057 2177 1380 2237; x_wconf 80' lang='lat' dir='ltr'><strong>Servitiana</strong></span> <span class='ocrx_word' id='word_1_220' title='bbox 1425 2185 1488 2236; x_wconf 87' lang='lat' dir='ltr'><strong>et</strong></span> <span class='ocrx_word' id='word_1_221' title='bbox 1518 2171 1872 2236; x_wconf 81' lang='lat' dir='ltr'><strong>Consentiae</strong></span> <span class='ocrx_word' id='word_1_222' title='bbox 1900 2177 2110 2252; x_wconf 77' lang='lat' dir='ltr'><strong>&#39;genita</strong></span> <span class='ocrx_word' id='word_1_223' title='bbox 2149 2183 2206 2233; x_wconf 83' lang='lat' dir='ltr'><strong>et</strong></span> 
     </span>
     <span class='ocr_line' id='line_1_26' title="bbox 185 2257 2259 2340; baseline -0.002 -21"><span class='ocrx_word' id='word_1_224' title='bbox 185 2260 474 2340; x_wconf 86' lang='lat' dir='ltr'><strong>Tempsae</strong></span> <span class='ocrx_word' id='word_1_225' title='bbox 497 2280 568 2321; x_wconf 91' lang='lat' dir='ltr'><strong>ac</strong></span> <span class='ocrx_word' id='word_1_226' title='bbox 597 2260 814 2323; x_wconf 88' lang='lat' dir='ltr'><strong>Babiac</strong></span> <span class='ocrx_word' id='word_1_227' title='bbox 841 2261 1189 2339; x_wconf 82' lang='lat' dir='ltr'><strong>Lucanaque</strong></span> <span class='ocrx_word' id='word_1_228' title='bbox 1215 2260 1696 2322; x_wconf 79' lang='lat' dir='ltr'><strong>antecedentibus</strong></span> <span class='ocrx_word' id='word_1_229' title='bbox 1719 2257 2018 2319; x_wconf 82' lang='lat' dir='ltr'><strong>Thurinis.</strong></span> <span class='ocrx_word' id='word_1_230' title='bbox 2090 2275 2259 2318; x_wconf 71' lang='lat' dir='ltr'><strong>orn-²³</strong></span> 
     </span>
     <span class='ocr_line' id='line_1_27' title="bbox 180 2342 2203 2418; baseline -0.001 -15"><span class='ocrx_word' id='word_1_231' title='bbox 180 2347 333 2403; x_wconf 87' lang='lat' dir='ltr'><strong>nium</strong></span> <span class='ocrx_word' id='word_1_232' title='bbox 376 2363 520 2405; x_wconf 87' lang='lat' dir='ltr'><strong>vero</strong></span> <span class='ocrx_word' id='word_1_233' title='bbox 567 2363 781 2418; x_wconf 41' lang='lat' dir='ltr'><strong>eorum,</strong></span> <span class='ocrx_word' id='word_1_234' title='bbox 810 2363 1075 2406; x_wconf 81' lang='lat' dir='ltr'><strong>maxume</strong></span> <span class='ocrx_word' id='word_1_235' title='bbox 1114 2345 1419 2405; x_wconf 82' lang='lat' dir='ltr'><strong>inlustrata</strong></span> <span class='ocrx_word' id='word_1_236' title='bbox 1457 2343 1746 2404; x_wconf 81' lang='lat' dir='ltr'><strong>Messalae</strong></span> <span class='ocrx_word' id='word_1_237' title='bbox 1791 2342 1968 2402; x_wconf 80' lang='lat' dir='ltr'><strong>Potiti</strong></span> <span class='ocrx_word' id='word_1_238' title='bbox 2015 2342 2203 2402; x_wconf 77' lang='lat' dir='ltr'><strong>salute</strong></span> 
     </span>
     <span class='ocr_line' id='line_1_28' title="bbox 182 2425 2205 2508; baseline -0.001 -20"><span class='ocrx_word' id='word_1_239' title='bbox 182 2427 500 2506; x_wconf 78' lang='lat' dir='ltr'><strong>Lagarina,</strong></span> <span class='ocrx_word' id='word_1_240' title='bbox 545 2446 663 2489; x_wconf 89' lang='lat' dir='ltr'><strong>non</strong></span> <span class='ocrx_word' id='word_1_241' title='bbox 690 2430 899 2508; x_wconf 89' lang='lat' dir='ltr'><strong>procul</strong></span> <span class='ocrx_word' id='word_1_242' title='bbox 936 2427 1249 2490; x_wconf 82' lang='lat' dir='ltr'><strong>Grumento</strong></span> <span class='ocrx_word' id='word_1_243' title='bbox 1289 2430 1606 2489; x_wconf 82' lang='lat' dir='ltr'><strong>nascentia.</strong></span> <span class='ocrx_word' id='word_1_244' title='bbox 1669 2425 1991 2505; x_wconf 71' lang='lat' dir='ltr'><strong>Campania</strong></span> <span class='ocrx_word' id='word_1_245' title='bbox 2020 2442 2205 2504; x_wconf 74' lang='lat' dir='ltr'><strong>nuper</strong></span> 
     </span>
     <span class='ocr_line' id='line_1_29' title="bbox 183 2507 2204 2576; baseline -0.001 -4"><span class='ocrx_word' id='word_1_246' title='bbox 183 2515 458 2575; x_wconf 77' lang='lat' dir='ltr'><strong>excitavit</strong></span> <span class='ocrx_word' id='word_1_247' title='bbox 481 2515 650 2573; x_wconf 87' lang='lat' dir='ltr'><strong>novis</strong></span> <span class='ocrx_word' id='word_1_248' title='bbox 679 2513 1006 2576; x_wconf 88' lang='lat' dir='ltr'><strong>nominibus</strong></span> <span class='ocrx_word' id='word_1_249' title='bbox 1037 2514 1441 2573; x_wconf 84' lang='lat' dir='ltr'><strong>auctoritatem</strong></span> <span class='ocrx_word' id='word_1_250' title='bbox 1471 2512 1598 2571; x_wconf 85' lang='lat' dir='ltr'><strong>sive</strong></span> <span class='ocrx_word' id='word_1_251' title='bbox 1629 2529 1770 2570; x_wconf 89' lang='lat' dir='ltr'><strong>cura</strong></span> <span class='ocrx_word' id='word_1_252' title='bbox 1799 2512 1932 2570; x_wconf 85' lang='lat' dir='ltr'><strong>sive</strong></span> <span class='ocrx_word' id='word_1_253' title='bbox 1960 2528 2112 2570; x_wconf 86' lang='lat' dir='ltr'><strong>casu</strong></span> <span class='ocrx_word' id='word_1_254' title='bbox 2133 2507 2204 2570; x_wconf 65' lang='lat' dir='ltr'>d</span> 
     </span>
     <span class='ocr_line' id='line_1_30' title="bbox 184 2592 2202 2677; baseline -0.001 -21"><span class='ocrx_word' id='word_1_255' title='bbox 184 2607 446 2675; x_wconf 86' lang='lat' dir='ltr'><strong>quartum</strong></span> <span class='ocrx_word' id='word_1_256' title='bbox 481 2616 514 2657; x_wconf 89' lang='lat' dir='ltr'><strong>a</strong></span> <span class='ocrx_word' id='word_1_257' title='bbox 559 2597 814 2677; x_wconf 88' lang='lat' dir='ltr'><strong>Neapoli</strong></span> <span class='ocrx_word' id='word_1_258' title='bbox 858 2598 1109 2676; x_wconf 87' lang='lat' dir='ltr'><strong>lapidem</strong></span> <span class='ocrx_word' id='word_1_259' title='bbox 1142 2597 1525 2672; x_wconf 79' lang='lat' dir='ltr'><strong>Trebellicis,</strong></span> <span class='ocrx_word' id='word_1_260' title='bbox 1570 2596 1728 2655; x_wconf 81' lang='lat' dir='ltr'><strong>iuxta</strong></span> <span class='ocrx_word' id='word_1_261' title='bbox 1761 2593 2027 2673; x_wconf 67' lang='lat' dir='ltr'><strong>Capuzun</strong></span> <span class='ocrx_word' id='word_1_262' title='bbox 2061 2592 2202 2654; x_wconf 70' lang='lat' dir='ltr'><strong>cn·</strong></span> 
     </span>
     <span class='ocr_line' id='line_1_31' title="bbox 183 2676 2258 2760; baseline -0.002 -21"><span class='ocrx_word' id='word_1_263' title='bbox 183 2680 346 2758; x_wconf 78' lang='lat' dir='ltr'><strong>linis„</strong></span> <span class='ocrx_word' id='word_1_264' title='bbox 375 2682 510 2742; x_wconf 87' lang='lat' dir='ltr'><strong>etin</strong></span> <span class='ocrx_word' id='word_1_265' title='bbox 541 2700 646 2741; x_wconf 92' lang='lat' dir='ltr'><strong>suo</strong></span> <span class='ocrx_word' id='word_1_266' title='bbox 677 2700 820 2759; x_wconf 78' lang='lat' dir='ltr'><strong>agro</strong></span> <span class='ocrx_word' id='word_1_267' title='bbox 852 2680 1218 2757; x_wconf 86' lang='lat' dir='ltr'><strong>Trebulanis,</strong></span> <span class='ocrx_word' id='word_1_268' title='bbox 1254 2680 1476 2760; x_wconf 84' lang='lat' dir='ltr'><strong>alioqui</strong></span> <span class='ocrx_word' id='word_1_269' title='bbox 1501 2697 1738 2757; x_wconf 84' lang='lat' dir='ltr'><strong>semper</strong></span> <span class='ocrx_word' id='word_1_270' title='bbox 1766 2680 1921 2738; x_wconf 79' lang='lat' dir='ltr'><strong>inter</strong></span> <span class='ocrx_word' id='word_1_271' title='bbox 1942 2676 2258 2757; x_wconf 55' lang='lat' dir='ltr'><strong>plebeiam</strong></span> 
     </span>
     <span class='ocr_line' id='line_1_32' title="bbox 96 2763 2202 2844; baseline -0.004 -15"><span class='ocrx_word' id='word_1_272' title='bbox 96 2772 171 2829; x_wconf 82' lang='lat'><strong>70</strong></span> <span class='ocrx_word' id='word_1_273' title='bbox 187 2775 247 2825; x_wconf 90' lang='lat' dir='ltr'><strong>et</strong></span> <span class='ocrx_word' id='word_1_274' title='bbox 278 2766 577 2826; x_wconf 73' lang='lat' dir='ltr'><strong>Trifolinis</strong></span> <span class='ocrx_word' id='word_1_275' title='bbox 617 2766 895 2844; x_wconf 83' lang='lat' dir='ltr'><strong>gloriata..</strong></span> <span class='ocrx_word' id='word_1_276' title='bbox 953 2784 1082 2827; x_wconf 89' lang='lat' dir='ltr'><strong>nam</strong></span> <span class='ocrx_word' id='word_1_277' title='bbox 1112 2765 1484 2843; x_wconf 79' lang='lat' dir='ltr'><strong>Pompeianis</strong></span> <span class='ocrx_word' id='word_1_278' title='bbox 1527 2780 1804 2823; x_wconf 78' lang='lat' dir='ltr'><strong>summum</strong></span> <span class='ocrx_word' id='word_1_279' title='bbox 1847 2763 2202 2822; x_wconf 71' lang='lat' dir='ltr'><strong>decen-an·</strong></span> 
     </span>
     <span class='ocr_line' id='line_1_33' title="bbox 184 2845 2204 2925; baseline -0.002 -16"><span class='ocrx_word' id='word_1_280' title='bbox 184 2867 389 2909; x_wconf 89' lang='lat' dir='ltr'><strong>norum</strong></span> <span class='ocrx_word' id='word_1_281' title='bbox 441 2852 856 2910; x_wconf 81' lang='lat' dir='ltr'><strong>incrementum</strong></span> <span class='ocrx_word' id='word_1_282' title='bbox 911 2859 1036 2925; x_wconf 88' lang='lat' dir='ltr'><strong>est,</strong></span> <span class='ocrx_word' id='word_1_283' title='bbox 1088 2849 1228 2909; x_wconf 83' lang='lat' dir='ltr'><strong>nihil</strong></span> <span class='ocrx_word' id='word_1_284' title='bbox 1271 2857 1512 2908; x_wconf 85' lang='lat' dir='ltr'><strong>senecta</strong></span> <span class='ocrx_word' id='word_1_285' title='bbox 1558 2847 1926 2907; x_wconf 66' lang='lat' dir='ltr'><strong>conferente.</strong></span> <span class='ocrx_word' id='word_1_286' title='bbox 1975 2845 2204 2906; x_wconf 65' lang='lat' dir='ltr'><strong>noim</strong></span> 
     </span>
     <span class='ocr_line' id='line_1_34' title="bbox 184 2930 2202 3012; baseline -0.001 -21"><span class='ocrx_word' id='word_1_287' title='bbox 184 2933 359 3004; x_wconf 49' lang='lat' dir='ltr'><strong>esstffim</strong></span> <span class='ocrx_word' id='word_1_288' title='bbox 390 2936 643 3012; x_wconf 86' lang='lat' dir='ltr'><strong>capitum</strong></span> <span class='ocrx_word' id='word_1_289' title='bbox 670 2936 729 2993; x_wconf 89' lang='lat' dir='ltr'><strong>in</strong></span> <span class='ocrx_word' id='word_1_290' title='bbox 763 2943 989 2994; x_wconf 84' lang='lat' dir='ltr'><strong>sextam</strong></span> <span class='ocrx_word' id='word_1_291' title='bbox 1016 2934 1220 2994; x_wconf 82' lang='lat' dir='ltr'><strong>horam</strong></span> <span class='ocrx_word' id='word_1_292' title='bbox 1256 2933 1372 2992; x_wconf 87' lang='lat' dir='ltr'><strong>diei</strong></span> <span class='ocrx_word' id='word_1_293' title='bbox 1407 2931 1720 3011; x_wconf 86' lang='lat' dir='ltr'><strong>sequentis</strong></span> <span class='ocrx_word' id='word_1_294' title='bbox 1745 2930 1966 2992; x_wconf 70' lang='lat' dir='ltr'><strong>infesta</strong></span> <span class='ocrx_word' id='word_1_295' title='bbox 1993 2931 2202 3008; x_wconf 70' lang='lat' dir='ltr'><strong>depre-</strong></span> 
     </span>
     <span class='ocr_line' id='line_1_35' title="bbox 180 2987 2238 3098; baseline 0 -24"><span class='ocrx_word' id='word_1_296' title='bbox 180 3015 524 3076; x_wconf 79' lang='lat' dir='ltr'><strong>henduntur.</strong></span> <span class='ocrx_word' id='word_1_297' title='bbox 612 3016 836 3091; x_wconf 82' lang='lat' dir='ltr'><strong>Quibus</strong></span> <span class='ocrx_word' id='word_1_298' title='bbox 891 3018 1210 3096; x_wconf 85' lang='lat' dir='ltr'><strong>exemplis,</strong></span> <span class='ocrx_word' id='word_1_299' title='bbox 1278 3018 1387 3075; x_wconf 86' lang='lat' dir='ltr'><strong>nisi</strong></span> <span class='ocrx_word' id='word_1_300' title='bbox 1440 3015 1649 3092; x_wconf 82' lang='lat' dir='ltr'><strong>fallor,</strong></span> <span class='ocrx_word' id='word_1_301' title='bbox 1697 3015 2072 3075; x_wconf 58' lang='lat' dir='ltr'><strong>manifestum</strong></span> <span class='ocrx_word' id='word_1_302' title='bbox 2117 2987 2238 3098; x_wconf 47' lang='lat' dir='ltr'><strong>a*</strong></span> 
     </span>
     <span class='ocr_line' id='line_1_36' title="bbox 108 3100 2252 3178; baseline -0 -25"><span class='ocrx_word' id='word_1_303' title='bbox 108 3141 113 3148; x_wconf 87' lang='lat'>.</span> <span class='ocrx_word' id='word_1_304' title='bbox 186 3100 428 3171; x_wconf 86' lang='lat' dir='ltr'><strong>patriam</strong></span> <span class='ocrx_word' id='word_1_305' title='bbox 457 3110 791 3178; x_wconf 85' lang='lat' dir='ltr'><strong>terramque</strong></span> <span class='ocrx_word' id='word_1_306' title='bbox 823 3102 1084 3177; x_wconf 77' lang='lat' dir='ltr'><strong>referre,</strong></span> <span class='ocrx_word' id='word_1_307' title='bbox 1132 3118 1249 3160; x_wconf 87' lang='lat' dir='ltr'><strong>non</strong></span> <span class='ocrx_word' id='word_1_308' title='bbox 1283 3118 1484 3176; x_wconf 82' lang='lat' dir='ltr'><strong>uvam,</strong></span> <span class='ocrx_word' id='word_1_309' title='bbox 1505 3109 1591 3160; x_wconf 84' lang='lat' dir='ltr'><strong>-et</strong></span> <span class='ocrx_word' id='word_1_310' title='bbox 1635 3115 2074 3177; x_wconf 82' lang='lat' dir='ltr'><strong>super—vacuam</strong></span> <span class='ocrx_word' id='word_1_311' title='bbox 2102 3107 2252 3174; x_wconf 62' lang='grc' dir='ltr'><strong>ρει-κ</strong></span> 
     </span>
     <span class='ocr_line' id='line_1_37' title="bbox 189 3177 2199 3259; baseline 0.003 -26"><span class='ocrx_word' id='word_1_312' title='bbox 189 3194 389 3237; x_wconf 88' lang='lat' dir='ltr'><strong>nerum</strong></span> <span class='ocrx_word' id='word_1_313' title='bbox 433 3187 932 3245; x_wconf 83' lang='lat' dir='ltr'><strong>consectationem</strong></span> <span class='ocrx_word' id='word_1_314' title='bbox 973 3187 1031 3244; x_wconf 86' lang='lat' dir='ltr'><strong>in</strong></span> <span class='ocrx_word' id='word_1_315' title='bbox 1076 3202 1407 3259; x_wconf 82' lang='lat' dir='ltr'><strong>numerum,</strong></span> <span class='ocrx_word' id='word_1_316' title='bbox 1456 3201 1586 3244; x_wconf 80' lang='lat' dir='ltr'><strong>cum</strong></span> <span class='ocrx_word' id='word_1_317' title='bbox 1629 3183 1838 3244; x_wconf 87' lang='lat' dir='ltr'><strong>eadem</strong></span> <span class='ocrx_word' id='word_1_318' title='bbox 1886 3184 2026 3242; x_wconf 82' lang='lat' dir='ltr'><strong>vitis</strong></span> <span class='ocrx_word' id='word_1_319' title='bbox 2055 3177 2199 3241; x_wconf 63' lang='lat' dir='ltr'><strong>aliu</strong></span> 
     </span>
     <span class='ocr_line' id='line_1_38' title="bbox 105 3258 2198 3346; baseline 0.002 -26"><span class='ocrx_word' id='word_1_320' title='bbox 105 3265 173 3320; x_wconf 81' lang='grc'><strong>71</strong></span> <span class='ocrx_word' id='word_1_321' title='bbox 201 3258 328 3316; x_wconf 90' lang='lat' dir='ltr'><strong>aliis</strong></span> <span class='ocrx_word' id='word_1_322' title='bbox 356 3262 414 3317; x_wconf 90' lang='lat' dir='ltr'><strong>in</strong></span> <span class='ocrx_word' id='word_1_323' title='bbox 449 3263 596 3324; x_wconf 82' lang='lat' dir='ltr'><strong>locis</strong></span> <span class='ocrx_word' id='word_1_324' title='bbox 638 3268 880 3344; x_wconf 79' lang='lat' dir='ltr'><strong>polleat.</strong></span> <span class='ocrx_word' id='word_1_325' title='bbox 939 3267 1343 3346; x_wconf 85' lang='lat' dir='ltr'><strong>Hispaniarum</strong></span> <span class='ocrx_word' id='word_1_326' title='bbox 1367 3268 1648 3330; x_wconf 78' lang='lat' dir='ltr'><strong>Laletana</strong></span> <span class='ocrx_word' id='word_1_327' title='bbox 1691 3268 1870 3345; x_wconf 83' lang='lat' dir='ltr'><strong>copia</strong></span> <span class='ocrx_word' id='word_1_328' title='bbox 1900 3265 2198 3327; x_wconf 66' lang='lat' dir='ltr'><strong>nobiliu-</strong></span> 
     </span>
     <span class='ocr_line' id='line_1_39' title="bbox 193 3341 2195 3431; baseline 0.001 -26"><span class='ocrx_word' id='word_1_329' title='bbox 193 3347 312 3414; x_wconf 60' lang='grc' dir='ltr'><strong>Μ,</strong></span> <span class='ocrx_word' id='word_1_330' title='bbox 348 3341 646 3417; x_wconf 63' lang='lat' dir='ltr'><strong>elegantia</strong></span> <span class='ocrx_word' id='word_1_331' title='bbox 675 3368 819 3410; x_wconf 87' lang='lat' dir='ltr'><strong>vero</strong></span> <span class='ocrx_word' id='word_1_332' title='bbox 850 3350 1312 3413; x_wconf 82' lang='lat' dir='ltr'><strong>Tarraconensia</strong></span> <span class='ocrx_word' id='word_1_333' title='bbox 1359 3361 1535 3431; x_wconf 80' lang='lat' dir='ltr'><strong>atque</strong></span> <span class='ocrx_word' id='word_1_334' title='bbox 1562 3351 1964 3412; x_wconf 80' lang='lat' dir='ltr'><strong>Lauronensia</strong></span> <span class='ocrx_word' id='word_1_335' title='bbox 2007 3358 2070 3409; x_wconf 87' lang='lat' dir='ltr'><strong>et</strong></span> <span class='ocrx_word' id='word_1_336' title='bbox 2101 3347 2195 3407; x_wconf 79' lang='lat' dir='ltr'><strong>Ba·</strong></span> 
     </span>
    </p>
   </div>
  </div>
 </body>
</html>
