2320 3650
122 159 127 165 ,
214 94 294 155 64
909 102 971 148 e.
1006 102 1199 148 PLINI
1233 100 1532 147 securim

209 269 351 321 tunt.
420 259 598 317 latent
634 257 858 315 amissis
893 256 1358 316 velutinermes.
1422 257 1527 316 sed
1570 256 1713 315 ethi
1760 256 1920 315 bono
1951 272 2070 314 suo
2097 257 2221 314 invi-

213 345 441 404 dentes.
499 342 763 400 dextrum
799 356 985 399 cornu
1011 351 1222 416 negant
1248 343 1494 401 inveniri
1525 351 1633 399 ceu
1664 340 2103 399 medicamento
2137 340 2219 399 ali-

212 445 326 508 quo
356 426 696 505 praeditum,
742 424 916 502 idque
949 425 1265 484 mirabilius
1303 426 1596 485 fatendum
1629 434 1742 499 est,
1781 441 1911 483 cum
1957 432 2021 481 et
2061 425 2120 482 in
2157 426 2214 482 vi-

211 514 388 571 variis
425 519 640 569 mutent
684 509 943 568 omnibus
988 511 1168 567 anniS.
1230 511 1428 569 defodi
1461 508 1531 568 ab
1579 510 1651 567 iis
1706 516 1926 588 putant.
1992 510 2213 567 accensi
2317 523 2320 524 ⁷

212 607 397 657 autem
430 597 621 655 utrius.
643 593 820 653 libeat
872 593 1055 652 odore
1088 594 1413 653 comitiales
1470 593 1660 653 morbi
1692 591 2238 671 deprehenduntur.a

130 682 450 747 116indicia
486 696 720 757 quoque
753 679 958 736 aetatis
990 679 1047 735 in
1074 677 1195 736 illis
1217 688 1444 755 gerunt,
1480 678 1741 754 singulos
1774 678 1938 735 annis
1972 677 2212 752 adicien-

210 766 361 826 tibus
393 781 584 822 ramos
618 780 803 839 usque
829 761 900 820 ad
933 764 1228 820 sexennis.
1292 763 1362 822 ab
1401 779 1472 821 eo
1502 771 1772 839 tempore
1823 759 2040 819 similia
2083 763 2213 819 revi-

209 858 475 922 vescunt,
523 864 632 905 nec
667 854 864 925 potest
896 854 1056 903 aetas
1102 845 1379 921 discerni,
1411 846 1516 905 sed
1547 845 1817 906 dentibus
1848 854 2101 903 senecta
2133 845 2211 905 de-

212 936 483 994 claratur.
549 939 643 989 aut
687 931 839 988 enim
884 946 1104 1006 paucos
1144 939 1243 988 aut
1270 930 1464 989 nullos
1496 929 1741 1005 habent,
1777 946 1899 987 -nec
1947 930 2010 987 in
2041 930 2211 988 corni·
2311 925 2320 970 i

211 1020 318 1077 bus
349 1018 473 1074 imi's
505 1031 695 1073 ramos
735 1014 951 1091 alioqui
983 1022 1115 1072 ante
1140 1014 1395 1074 frontem
1427 1016 1756 1093 prominere
1800 1013 2016 1071 solitos
2039 1014 2264 1073 iunio-10

129 1110 230 1165 117
243 1100 421 1161 ribus.
488 1116 601 1157 non
638 1098 908 1157 decidunt
941 1100 1208 1157 castratis
1252 1116 1466 1158 cornua
1498 1116 1608 1158 nec
1640 1104 1974 1157 nascuntur.
2045 1116 2214 1157 erum-

215 1195 352 1263 punt
419 1192 609 1242 autem
667 1182 1107 1241 renascentibus
1153 1175 1457 1242 tuberibus
1505 1184 1690 1261 primo
1736 1182 1934 1241 aridae
1972 1184 2126 1241 cutis
2156 1184 2216 1240 si·

214 1269 387 1328 milia.
445 1267 648 1326 eadem
695 1267 914 1325 teneris
949 1268 1279 1326 increscunt
1321 1267 1527 1326 ferulis
1556 1265 1942 1326 harundineas
1975 1268 2037 1324 in
2063 1268 2215 1345 pani·

215 1354 374 1413 cuias
421 1352 587 1412 molli
613 1351 863 1430 plumata
896 1351 1186 1427 lanugine.
1252 1352 1518 1429 quamdiu
1571 1359 1772 1410 carent
1800 1351 1916 1425 iis,
1956 1351 2218 1410 noctibus

215 1437 538 1516 procedunt
579 1437 650 1496 ad
693 1434 924 1514 pabula.
989 1436 1379 1495 increscentia
1431 1436 1576 1495 solis
1626 1450 1850 1512 vapore
1906 1434 2121 1495 durant
2161 1434 2267 1494 adli

215 1523 459 1581 arbores
504 1520 745 1580 subinde
790 1521 1186 1617 experientes
1251 1519 1348 1578 ubi
1395 1519 1646 1597 placuit
1645 1518 1879 1593 robur,
1933 1521 1993 1577 in
2026 1529 2222 1598 aperta

214 1606 521 1686 prodeunt.
567 1605 842 1682 captique
870 1605 980 1663 iam
1012 1611 1141 1661 sunt
1186 1603 1452 1663 hedera
1437 1622 1492 1662 in
1523 1602 1798 1662 cornibus
1826 1602 2122 1664 viridante
2160 1622 2223 1662 ex

216 1693 407 1749 attritu
439 1689 708 1749 arborum
745 1696 803 1745 ut
834 1690 889 1744 in
932 1685 1129 1768 aliquo
1160 1687 1319 1764 ligno
1350 1689 1601 1763 teneris,
1647 1687 1777 1747 dum
1823 1689 2222 1765 experiuntur,

213 1776 424 1834 innata.
490 1773 597 1833 fuit
627 1771 937 1850 aliquando
969 1780 1028 1831 et
1061 1772 1307 1833 candido
1342 1772 1566 1847 colore,
1601 1771 1833 1851 qualem
1884 1772 2077 1832 fuisse
2119 1782 2223 1832 tra·

217 1859 351 1917 dunt
383 1857 453 1930 Q.
484 1858 709 1917 Sertori
743 1873 972 1914 cervam
1015 1873 1183 1933 quam
1221 1875 1355 1916 esse
1396 1857 1685 1918 fatidicam
1725 1855 2279 1936 Hispaniae-genn

132 1951 236 2005 118
251 1942 399 2001 tibus
433 1949 825 2019 persuaserat.
873 1938 947 1998 Et
970 1941 1040 1998 iis
1075 1945 1325 2000 est'eum
1356 1949 1634 2019 serpente
1661 1956 1902 2018 pugna.-
1934 1944 2229 2019 vestigant

218 2044 285 2085 ca
330 2040 531 2099 ernas,
575 2026 909 2101 nariumque
959 2025 1163 2102 spiritu
1205 2026 1508 2084 extrahunt
1551 2025 1872 2084 renitentis.
1937 2025 2084 2084 ideo
2122 2028 2228 2085 sin·

216 2045 421 2187 gulare
471 2109 777 2185 abigendis
831 2109 1203 2186 serpentibus
1251 2110 1399 2179 odor
1450 2109 1656 2170 adusto
1725 2109 1967 2168 cervino
2026 2127 2229 2184 cornu,

217 2196 418 2254 contra
465 2211 690 2252 morsus
732 2210 875 2251 vero
915 2195 1290 2271 praecipuum
1330 2193 1644 2252 remedium
1686 2211 1763 2252 ex
1810 2193 2066 2269 coagulo
2113 2194 2230 2253 bin-

133 2290 234 2342 119
250 2280 405 2338 nulei
438 2274 632 2337 matris
663 2278 721 2335 in
752 2286 919 2336 utero
965 2279 1167 2336 occisi.
1227 2279 1358 2336 Vita
1392 2280 1583 2337 cervis
1625 2279 1682 2335 in
1713 2277 1993 2336 confesso
2026 2278 2283 2355 longagm

219 2372 355 2440 post
389 2372 617 2421 centum
648 2378 829 2420 annos
864 2379 895 2420 a
928 2360 1265 2442 quibusdam
1300 2364 1483 2440 captis
1518 2380 1646 2421 cum
1678 2361 1983 2440 torquibus
2036 2364 2235 2422 aureis

219 2463 365 2524 quos
390 2446 727 2506 Alexander
742 2444 985 2522 Magnus
1015 2445 1316 2507 addiderat
1337 2447 1632 2524 adopertis
1653 2446 1763 2505 iam
1791 2452 1923 2504 cute
1944 2447 2003 2505 in
2025 2463 2236 2523 magna

219 2530 525 2590 obesitate.
587 2530 833 2588 febrium
875 2524 1272 2589 morbos‘non
1327 2533 1500 2589 sentit
1545 2530 1659 2588 hoc
1708 2529 1947 2602 animal,
1995 2532 2133 2607 quin
2179 2539 2237 2589 et

160 2627 167 2635 ·
220 2616 484 2674 medetur
522 2616 654 2674 huic
695 2615 902 2672 timori.
986 2615 1261 2691 quasdam
1298 2615 1471 2674 modo
1495 2615 1790 2692 principes
1827 2613 2074 2680 feminas
2122 2616 2232 2673 sci·

217 2717 339 2757 mus
367 2699 626 2758 omnibus
660 2697 865 2757 diebus
898 2700 1182 2757 matutinis
1226 2716 1454 2758 carnem
1498 2717 1622 2758 eam
1667 2699 1981 2774 degustare
2027 2698 2290 2758 solitam

220 2794 276 2842 et
302 2785 478 2860 longo
525 2790 670 2842 aevo
706 2784 965 2840 caruisse
997 2782 1290 2857 febribuS‚
1330 2784 1484 2861 quod
1516 2785 1595 2842 ita
1616 2783 1841 2841 demum
1883 2783 2231 2895 existumant
2317 2800 2318 2803 ¹

217 2878 421 2940 ratum,
455 2870 502 2926 si
525 2868 768 2926 volnere
801 2883 911 2925 uno
946 2868 1244 2925 interierit.

138 2961 240 3012 120
383 2913 482 3012 33.
534 2951 637 3010 Est
666 2950 875 3010 eadem
900 2953 1140 3028 specie,
1188 2951 1367 3011 barba
1417 2959 1629 3010 tantum
1666 2959 1724 3009 et
1756 2966 2043 3009 armorum
2088 2949 2228 3010 villo

177 3035 456 3110 distanS‚
491 3054 661 3115 quem
687 3030 1110 3112 τραγέλαφοι)
1132 3045 1364 3110 vocant,
1403 3053 1516 3093 non
1542 3035 1676 3094 alibi
1704 3052 1871 3112 quam
1895 3037 2057 3093 iuxta
2086 3034 2223 3094 Pha-

221 3119 324 3175 sim
357 3137 578 3178 amnem
613 3136 881 3178 nascens.
2237 3135 2278 3176 ³5

350 3202 516 3279 (51.)
566 3200 792 3262 Cervos
818 3204 1015 3261 Africa
1043 3203 1460 3281 propemodum
1487 3203 1614 3261 sola
1638 3219 1752 3260 non
1769 3202 1975 3278 gignit,
2005 3208 2063 3260 at
2101 3201 2229 3262 cba-

224 3283 581 3343 maeleonem
605 3296 659 3343 et
685 3289 831 3363 ipsa,
853 3303 1194 3364 quamquam
1212 3287 1664 3364 frequentiorem
1680 3286 1894 3345 Indiae.
1935 3285 2159 3361 Figura
2182 3286 2230 3345 ei

227 3373 285 3422 et
306 3369 632 3441 magnitudo
655 3378 779 3427 erat
801 3371 1025 3445 lacerti,
1052 3372 1158 3428 nisi
1184 3388 1348 3429 crura
1376 3379 1578 3437 essent
1598 3378 1760 3429 recta
1787 3378 1845 3428 et
1873 3369 2229 3430 excelsiora.
