2320 3650
570 124 729 171 NAT.
769 123 953 170 ms'r.
987 123 1164 169 X1111.
1209 118 1295 172 16.
1331 117 1415 172 17.
1465 110 1628 173 (19-
1652 104 1772 188 21.)
2014 106 2132 165 271

131 281 259 342 offa.
304 279 451 357 apud
476 277 629 338 alios
654 278 814 338 nardi
841 287 901 338 et
930 277 1277 338 malobathri
1304 275 1537 336 selibris
1569 277 1626 335 in
1657 276 1825 335 musti
1854 276 2097 351 congios
2124 282 2227 338 108

127 368 268 427 duos
300 362 535 437 additis,
570 363 762 441 qualia
794 381 945 422 nunc
974 379 1211 440 quoque
1235 360 1374 420 fiunt
1396 363 1604 440 pipere
1631 369 1690 420 et
1718 360 1896 420 melle
1921 359 2137 434 addito,

126 467 274 530 quae
306 448 395 507 alii
432 447 684 522 condita,
708 447 804 509 alii
829 449 1095 525 piperata
1120 446 1441 524 appellant.
1486 445 1778 506 invenitur
1801 454 1860 503 et
1888 444 2136 504 nectari·

125 545 216 594 tes
246 550 318 592 ex
347 531 530 591 herba
560 549 730 610 quam
762 531 859 590 alii
891 530 1207 607 helenion,
1246 530 1344 590 alii
1368 528 1690 604 Medicam,
1736 528 1833 588 aiii
1866 529 2137 606 symphy-

78 629 253 693 5ton,
286 617 376 676 alii
406 615 659 691 Idaeam,
694 615 790 675 alii
827 614 1134 690 Orestion,
1175 615 1270 675 alii
1295 615 1610 674 nectariam
1651 622 1896 688 vocant,
1941 614 2139 673 radice

120 701 391 782 ponderis
422 698 494 761 X.
529 714 572 760 L
604 701 661 759 in
704 701 995 759 sextarios
1033 718 1141 758 sex
1185 699 1355 759 musti
1387 699 1580 758 addita·
1628 697 1891 757 similiter
1932 699 1992 756 ιιι
2033 697 2137 755 lin-

116 797 237 847 teo.
287 802 356 843 ex
401 785 618 844 ceteris
653 784 850 843 herbis
897 785 958 845 iit
1001 783 1392 843 absinthites
1375 801 1434 842 m
1479 797 1598 843 XL
1615 782 1889 843 sextariis
1925 781 2096 840 musti
2120 789 2225 844 109

115 868 360 932 absinthi
404 868 628 927 Pontici
671 867 822 928 libra
879 869 1128 928 decocta
1180 868 1253 927 ad
1302 869 1507 927 tertias
1558 868 1741 946 partis
1796 865 1892 925 vel
1938 867 2137 944 scopis

113 952 358 1016 absinthi
401 954 457 1011 in
500 954 689 1012 vinum
716 953 946 1012 additis.
1014 952 1278 1012 similiter
1319 952 1658 1031 hyssopites
1691 970 1727 1010 e
1763 948 1970 1010 Cilicio
2001 950 2137 1024 hys-

53 1063 92 1104 m
112 1055 266 1117 sopo
294 1037 473 1096 unciis
498 1037 724 1096 tribus
706 1056 764 1095 ln
794 1035 940 1098 duos
973 1039 1220 1114 congios
1256 1038 1425 1096 musti
1461 1037 1706 1096 coiectis
1738 1044 1834 1096 aut
1866 1036 2046 1094 tunsis
2081 1035 2137 1093 in

109 1125 322 1182 vinum.
409 1120 549 1181 flunt
611 1130 856 1198 utraque
910 1130 968 1180 et
1016 1121 1132 1181 alio
1184 1121 1420 1197 modo,
1449 1123 1607 1181 circa
1653 1120 1887 1180 radices
1939 1120 2135 1178 vitium

109 1217 262 1267 sato.
322 1206 439 1265 Sic
454 1214 514 1265 et
550 1204 945 1265 helleboriten
979 1206 1105 1265 fieri
1145 1224 1221 1265 ex
1250 1214 1488 1266 veratro
1516 1206 1687 1282 nigro
1721 1202 1865 1264 Cato
1899 1204 2093 1264 docet.
2120 1214 2224 1266 110

106 1294 198 1351 sic
241 1290 301 1350 fit
343 1298 407 1349 et
449 1291 893 1367 scammonites,
936 1292 1079 1350 mira
1108 1291 1307 1349 vitium
1342 1299 1544 1349 natura
1581 1306 1856 1367 saporem
1888 1288 2138 1349 alienum

105 1378 167 1435 in
199 1373 575 1449 searahendi,
604 1392 787 1452 quare
820 1385 880 1434 et
908 1374 1151 1439 salicem
1175 1373 1445 1434 redolent
1469 1374 1909 1433 Patavinorum
1891 1391 1949 1431 ιιι
1970 1373 2137 1450 palu-

58 1459 328 1520 5stribus
372 1459 715 1519 vindemiae
779 1461 867 1519 sic
910 1468 973 1518 et
1013 1457 1380 1519 helleborum
1432 1459 1647 1518 seritur
1693 1460 1756 1516 in
1797 1456 1992 1517 Thaso
2040 1465 2136 1515 aut

103 1544 364 1604 cucumis
396 1543 672 1602 silvester
701 1552 797 1602 aut
828 1544 1212 1618 scammonia,
1259 1543 1417 1619 quod
1445 1544 1635 1603 vinum
1670 1542 2000 1621 phthorium
2032 1557 2134 1599 vo-

101 1638 307 1702 catur,
355 1627 624 1705 quoniam
657 1625 893 1686 abortus
935 1627 1092 1686 facit.
1147 1627 1254 1705 [6.]
1289 1625 1380 1687 Fit
1402 1636 1462 1687 et
1493 1645 1569 1686 ex
1593 1626 1826 1701 herbis,
1855 1643 2094 1703 quarum
2118 1637 2217 1688 111

96 1722 345 1772 naturae
381 1727 487 1770 suo
522 1710 658 1770 loco
697 1710 990 1771 dicentur.
1045 1729 1078 1771 e
1112 1710 1436 1771 stoechade
1481 1720 1542 1771 et
1580 1712 1780 1771 radice
1826 1712 2136 1788 gentianae

98 1807 163 1857 et
188 1797 573 1873 tragorigano
600 1801 660 1856 et
683 1795 994 1873 dictamno,
1021 1812 1217 1872 asaro,
1236 1796 1453 1881 dauco,
1474 1795 1861 1875 elelisphaco,
1887 1810 2134 1895 panace,

53 1895 72 1934 ῐ)
93 1897 322 1955 acoro,
364 1880 597 1955 thymo,
631 1881 1048 1957 mandragora,
1078 1883 1271 1941 iunco.
1337 1890 1623 1942 vocarunt
1653 1890 1712 1940 et
1743 1882 2039 1956 scyzinum
2080 1889 2137 1939 et

86 1965 440 2027 itaeomelin
466 1968 525 2024 et
547 1965 1034 2043 lectisphagiten,
1069 1973 1310 2043 quorum
1343 1968 1454 2026 iam
1484 1965 1819 2026 oblitterata
1845 1967 1992 2025 ratio
2020 1974 2130 2024 est.

88 2052 205 2131 [7.]
244 2048 295 2109 Ε
323 2049 590 2109 fruticum
615 2066 758 2108 vero
790 2067 1014 2126 genere
1049 2050 1211 2110 cedri
1240 2053 1564 2128 utriusque,
1599 2068 1941 2128 cupressus,
1968 2049 2088 2109 lau·
2115 2058 2219 2111 112

84 2155 194 2195 rus
215 2180 234 2210 ,
269 2134 536 2211 iunipiri,
571 2133 918 2210 terebinthi,
952 2133 1008 2192 in
1044 2133 1231 2194 Gallia
1265 2134 1530 2209 lentisci,
1564 2133 1751 2193 bacae
1788 2143 1885 2192 aut
1916 2133 2134 2209 lignum

81 2237 315 2281 recens
339 2219 397 2277 in
420 2227 608 2278 musto
634 2218 1178 2293 decocuntur-,item
1204 2218 1580 2278 chamelaeae
1605 2227 1665 2276 et
1691 2217 2130 2295 chamaepityis,

53 2302 507 2377 {chamaedryis
550 2302 764 2379 iignum
810 2303 1020 2363 eodem
1066 2302 1274 2380 mod0,
1320 2312 1380 2362 et
1423 2320 1500 2361 ex
1542 2302 1726 2377 flore,
1772 2303 1829 2360 in
1863 2303 2132 2379 congium

74 2389 263 2448 musti
300 2387 512 2447 decem
545 2387 911 2447 denariorum
940 2387 1208 2465 pondere
1243 2386 1460 2447 addito.
2063 2426 2072 2441 ,

226 2474 330 2531 17.
382 2470 552 2550 (20.)
601 2470 692 2530 Fit
719 2474 911 2531 vinum
946 2481 1004 2531 et
1039 2490 1115 2531 ex
1146 2488 1294 2551 aqua
1327 2489 1397 2531 ac
1425 2470 1604 2531 melle
1628 2479 1861 2530 tantum.
1924 2471 2086 2549 quin·
2113 2479 2218 2534 113

74 2558 355 2637 quennio
391 2555 462 2615 ad
490 2555 605 2615 hoc
639 2559 860 2617 servari
896 2556 1218 2617 caelestem
1249 2556 1464 2616 iubent.
1520 2555 1695 2634 aliqui
1720 2556 2130 2634 prudentiores

71 2643 283 2702 statim
345 2640 416 2699 ad
473 2641 675 2699 tertias
720 2643 904 2719 partis
945 2641 1238 2700 decocunt
1296 2651 1354 2700 et
1393 2641 1624 2699 tertiam
1666 2643 1888 2699 veteris
1934 2639 2128 2699 mellis

66 2726 392 2799 adiciunt,
438 2724 650 2784 deinde
677 2739 770 2785 XL
833 2725 1040 2785 diebus
1091 2727 1251 2784 canis
1298 2734 1426 2785 ortu
1466 2726 1525 2783 in
1570 2725 1701 2785 sole
1730 2724 1965 2785 habent.
2031 2724 2129 2783 alii

62 2810 298 2871 diffusa
352 2810 431 2867 ita
466 2809 713 2868 decumo
757 2808 851 2869 die
897 2819 1186 2888 optarant.
1248 2811 1363 2870 hoc
1404 2817 1649 2888 vocatur
1695 2807 2023 2884 hydromeli
2068 2816 2128 2867 et

58 2902 391 2954 vetustate
434 2910 709 2972 saporem
739 2893 855 2952 vini
901 2894 1270 2972 adsequitur,
1318 2911 1599 2972 nusquam
1637 2893 1924 2954 laudatius
1957 2910 2125 2970 quam

54 2981 119 3038 in
146 2978 449 3053 Phrygia.
974 3053 981 3056 ἢ

206 3061 413 3140 (21.)
448 3059 597 3134 Quin
641 3070 702 3121 et
745 3070 972 3120 acetum
1006 3062 1186 3122 melle
1227 3062 1679 3141 temperabatur.
1747 3061 1899 3121 adeo
1946 3060 2084 3120 nihil
2109 3068 2210 3123 114

53 3148 498 3224 intemptatum
528 3147 684 3206 vitae
715 3147 842 3206 fuit.
908 3145 1163 3244 oxymeli
1200 3146 1315 3206 hoc
1344 3156 1657 3222 vocarunt,
1694 3146 1887 3207 mellis
1917 3146 2124 3206 decem

52 3230 272 3306 libris,
312 3231 472 3290 aceti
499 3233 721 3290 veteris
749 3230 993 3290 heminis
1019 3233 1320 3309 quinque,
1314 3232 1476 3292 salis
1503 3232 1702 3292 marini
1733 3230 1880 3290 libra
1893 3247 2124 3308 ,aquae

53 3316 328 3393 pluviae
360 3315 632 3373 sextariis
665 3316 917 3394 quinque
950 3314 1402 3376 subfervefactis
1427 3316 1699 3395 deciens,
1731 3333 1867 3376 mox
1891 3316 2121 3375 elutria-

53 3402 159 3480 tjs
173 3409 382 3478 atque
415 3400 492 3458 ita
525 3400 880 3460 inveteratis.
941 3402 1129 3460 omnia
1159 3400 1233 3460 ab
1261 3400 1612 3462 Themisone
1640 3418 1856 3462 summo
1882 3409 2120 3461 anctore
