2320 3650
476 173 638 220 NAT.
682 172 863 219 ms‘r.
900 172 997 219 xr.
1038 169 1280 223 10—14.
1320 160 1627 241 (lo—14.)
1941 164 2060 227 163

185 325 320 406 (12)
368 325 585 401 Regias
627 324 1072 403 imperatoribus
1120 325 1328 386 futuris
1367 329 1423 387 in
1464 329 1575 388 ima
1601 336 1769 406 parte
1800 329 1916 390 alvi
1952 342 2144 399 elz-29

50 417 270 468 struunt
313 409 569 489 amplas,
605 409 975 487 magnificas,
1021 420 1357 489 separataS,
1390 411 1700 472 tuberculo
1734 414 2057 475 eminentis.

50 492 207 570 quod
268 496 315 551 si
368 492 753 571 exprimatur,
809 509 925 553 non
978 495 1289 572 gignuntur
1339 494 1602 557 suboles.
1684 499 2062 576 Sexangulae

50 594 246 636 omnes
294 577 483 638 cellae
517 594 547 636 a
585 578 939 654 singulorum
961 578 1172 656 pedum
1209 596 1416 659 opere,
1481 579 1637 641 Nihil
1666 580 1871 641 horum
1904 592 2057 643 stato

50 669 326 738 tempore,
353 661 460 721 sed
490 663 721 739 rapiunt
745 662 950 721 diebus
975 665 1202 722 serenis
1224 665 1434 723 munia.
1500 664 1677 726 melle
1699 681 1813 725 uno
1840 666 2057 726 altero-

50 762 116 803 ve
164 762 437 804 summum
480 744 575 805 die
623 745 807 805 cellas
850 747 1101 824 replent.
1196 747 1294 807 12.
1341 747 1516 808 Venit
1550 747 1666 808 hoc
1696 767 1773 809 ex
1817 767 1957 809 aere
1991 760 2142 816 et30

50 845 300 888 maxume
337 827 591 889 siderum
624 839 864 907 exortu,
900 834 1339 911 praecipueque
1369 834 1498 912 ipso
1532 834 1670 892 sirio
1702 834 2056 912 exsplende-

50 921 273 989 scente,
304 931 415 973 nec
438 915 668 973 omnino
694 916 860 993 prius
885 916 1260 992 vergiliarum
1290 926 1528 995 exortu,
1552 915 1885 977 sublucanis
1908 927 2055 977 tem·

50 996 296 1075 poribus.
365 1000 563 1077 itaque
597 1008 712 1058 tum
744 1002 925 1077 prima
958 1016 1167 1059 aurora
1189 999 1329 1061 folia
1361 1001 1630 1061 arborum
1659 1001 1838 1064 melle
1867 1003 2056 1061 rosci-

50 1082 109 1142 da
154 1084 547 1159 inveniuntur,
605 1101 674 1143 ac
718 1084 767 1141 si
812 1085 907 1162 qui
961 1086 1238 1144 matutino
1283 1085 1390 1144 sub
1457 1084 1551 1145 diu
1601 1085 1804 1162 fuere,
1852 1094 2055 1145 unctas

50 1167 265 1244 liquore
305 1168 490 1227 vestis
537 1166 925 1247 capillumque
969 1176 1303 1228 concretum
1333 1171 1601 1229 sentiunt.
1668 1172 1799 1230 sive
1826 1169 1933 1230 ille
1958 1179 2059 1229 est

50 1251 183 1311 caeli
215 1252 423 1327 sudor,
458 1252 584 1311 sive
626 1251 908 1330 quaedam
945 1253 1197 1312 siderum
1238 1252 1452 1329 saliva,
1495 1255 1620 1313 sive
1657 1256 1958 1333 purgantis
1989 1271 2055 1313 se

50 1336 186 1393 aeris
220 1353 427 1410 sucus,
466 1337 795 1413 utinamque
826 1345 986 1396 esset
1017 1345 1077 1395 et
1107 1354 1286 1415 purus
1311 1339 1387 1397 ac'
1410 1336 1662 1416 liquidus
1695 1346 1753 1397 et
1782 1355 1925 1398 suae
1955 1353 2051 1397 na·

50 1429 232 1495 turae,
270 1418 458 1499 qualis
489 1420 688 1480 defluit
719 1421 924 1498 primo.
987 1439 1139 1480 nunc
1167 1438 1314 1479 vero
1345 1438 1379 1479 e
1413 1429 1570 1481 tanta
1606 1421 1822 1482 cadens
1857 1421 2044 1480 altitu·
2066 1406 2151 1483 31*

50 1503 162 1563 line
204 1505 593 1581 multumque,
640 1503 769 1564 dum
800 1505 989 1580 venit,
1037 1504 1391 1564 sordescens
1421 1513 1480 1563 et
1518 1502 1694 1563 obvio
1728 1514 1922 1564 terrae
1952 1504 2051 1568 ha·

50 1588 130 1646 itu
162 1588 436 1663 infectuS,
469 1597 777 1687 praeterea
800 1607 831 1648 a
856 1549 1061 1649 fron’de
1086 1607 1156 1649 ac
1180 1588 1408 1668 pabulis
1431 1597 1604 1666 potus
1635 1597 1694 1648 et
1720 1590 1778 1647 in
1800 1573 2050 1647 utriculo

50 1679 349 1750 :ongestus
392 1673 583 1750 apium
620 1706 703 1715 -—
731 1689 835 1732 ore
872 1673 1021 1733 enim
1067 1691 1196 1733 eum
1227 1682 1465 1732 vomunt
1504 1706 1620 1747 -—,
1654 1672 1726 1732 ad
1759 1672 1874 1731 boc
1905 1687 2049 1740 suco

50 1755 230 1816 florum
264 1766 576 1836 corruptus
608 1766 668 1815 et
702 1756 846 1817 alvis
885 1766 1210 1818 maceratus
1256 1758 1588 1839 totiensque
1619 1765 1903 1832 mutatus,
1932 1772 2048 1814 ma-

50 1858 195 1916 gnam
225 1851 422 1902 tamen
456 1842 733 1901 caelestis
763 1852 1001 1921 naturae
1035 1841 1395 1921 voluptatem
1426 1842 1637 1903 adfert.

159 1926 255 1987 13.
308 1925 477 2004 (13.)
519 1925 605 1985 Ibi
656 1935 923 2005 optumus
983 1945 1221 2007 semper
1265 1926 1362 1987 ubi
1405 1937 1767 2008 optumorum
1809 1921 2042 1983 doHolis
2064 1932 2134 1986 32

50 2008 228 2069 lorum
255 2009 544 2070 conditur.
607 2010 839 2070 Atticae
865 2013 1124 2088 regionis
1148 2012 1265 2071 hoc
1297 2021 1356 2071 et
1387 2012 1653 2087 Siculae,
1686 2009 1957 2084 Hymetto
1991 2015 2050 2067 et

50 2091 209 2168 Hybla
243 2113 276 2154 a
310 2094 497 2170 locis,
542 2111 677 2153 mox
710 2092 965 2169 Calydna
997 2095 1201 2155 insula.
1274 2094 1381 2154 Est
1412 2105 1604 2154 autem
1653 2094 1812 2152 initio
1841 2091 1960 2151 mel
1991 2100 2050 2149 ut

50 2194 173 2274 iqua
208 2177 486 2254 dilutum,
527 2187 585 2238 et
611 2181 809 2257 primis
833 2178 1037 2239 diebus
1069 2180 1263 2239 fervet
1298 2189 1358 2238 ut
1380 2190 1565 2238 musta
1594 2194 1778 2255 seque
1814 2181 2047 2253 purgat,

50 2262 309 2321 vicesimo
342 2262 436 2322 die
468 2264 815 2338 crassescit,
848 2279 985 2342 mox
1010 2263 1318 2324 obducitur
1348 2264 1506 2322 tenui
1537 2260 1867 2322 membrana
1898 2273 2049 2336 quae

50 2343 277 2405 fervoris
325 2347 507 2423 ipsius
537 2364 738 2426 spuma
776 2307 1125 2408 concrescit.
1190 2346 1464 2406 sorbetur
1506 2353 1798 2424 optumum
1844 2350 1905 2401 et
1945 2341 2047 2398 mi·

50 2446 189 2489 iume
231 2430 452 2490 fronde
484 2431 792 2505 infectum,
839 2451 872 2491 e
907 2450 1196 2518 quercus,
1229 2432 1421 2504 tiliae,
1455 2428 1831 2490 harundinum
1863 2423 2046 2485 foliis.

153 2516 250 2574 14.
309 2514 478 2594 (14.)
523 2516 755 2574 Summa
797 2514 1037 2594 quidem
1070 2515 1343 2575 bonitatis
1391 2514 1624 2572 natione
1680 2522 1940 2590 constat,
1987 2523 2142 2578 ut33

50 2614 193 2674 supra
233 2574 519 2673 diximus,
558 2599 819 2681 pluribus
854 2601 1061 2659 modiS.
1124 2598 1299 2658 aliubi
1326 2599 1475 2657 enim
1504 2597 1620 2657 favi
1657 2613 1793 2657 cera
1821 2607 2053 2675 specta·
2070 2618 2117 2652 ει

50 2679 173 2741 biles
219 2685 574 2760 gignuntur,
619 2685 681 2742 u't
725 2685 781 2742 in
827 2684 1058 2758 Sicilia,
1095 2684 1375 2761 Pelignis,
1407 2681 1580 2742 aliubi
1633 2682 1803 2759 copia
1836 2681 2049 2757 mellis,

50 2766 138 2821 ut
120 2784 170 2824 ιιι
202 2765 409 2841 Creta,
443 2764 653 2846 Cypro
665 2811 682 2842 ,
717 2767 938 2842 Africa,
974 2767 1150 2828 aliubi
1182 2767 1608 2844 magnitudine,
1639 2774 1700 2822 nt
1730 2766 1790 2822 in
1816 2773 2050 2842 septen»

50 2849 407 2925 rionalibus,
456 2853 584 2910 viso
627 2852 737 2910 iam
780 2853 837 2911 in
876 2851 1180 2912 Germania
1237 2860 1373 2911 octo
1418 2850 1630 2929 pedum
1673 2847 2049 2925 longitudinis

50 2930 160 2992 favo
201 2936 258 2994 in
299 2952 444 2995 cava
486 2944 655 3013 parte
694 2937 882 3013 nigro.
951 2935 1015 2995 In
1047 2953 1413 3014 quocumque
1441 2944 1632 2994 tamen
1662 2940 1850 2992 tractu
1879 2941 2129 2996 terna34

50 3027 155 3077 sunt
174 3036 405 3097 genera
429 3019 644 3079 mellis.
701 3037 940 3079 vernum
971 3037 1046 3079 ex
1069 3020 1308 3080 floribus
1346 3028 1681 3080 constructo
1707 3021 1866 3091 favo,
1893 3016 2050 3094 quod

50 3099 158 3162 ideo
195 3112 448 3164 vocatur
496 3104 801 3165 anthinum.
851 3105 964 3163 hoc
1008 3105 1237 3181 quidam
1286 3107 1485 3182 attingi
1519 3111 1745 3177 vetant,
1779 3110 1839 3160 ut
1881 3101 2050 3176 largo

50 3183 303 3249 alimento
347 3187 540 3247 valida
591 3198 766 3248 exeat
810 3187 1071 3247 suboles.
1159 3188 1255 3248 alii
1308 3207 1382 3248 ex
1423 3189 1582 3248 nullo
1624 3187 1807 3246 minus
1841 3182 2051 3263 apibus

50 3269 382 3351 relinquunt,
416 3274 683 3350 quoniam
715 3289 919 3350 magna
956 3280 1235 3350 sequatur
1264 3272 1501 3332 ubertas
1530 3288 1868 3348 magnorum
1898 3265 2047 3327 side·

50 3369 146 3413 rum
176 3365 426 3431 exortu,
466 3367 774 3435 praeterea
807 3357 1089 3430 solstitio,
1124 3373 1252 3415 cum
1289 3356 1540 3430 thymum
1584 3365 1642 3415 et
1682 3372 1794 3415 uva
1831 3353 2048 3413 florere

51 3436 333 3517 boimunt,
367 3442 686 3520 praecipua
722 3444 995 3503 cellarum
1036 3442 1293 3501 materia.
1362 3450 1453 3500 est
1478 3450 1667 3586 aute1ni
1689 3442 1757 3560 in
1789 3440 2045 3499 eximen·
2060 3441 2131 3496 35

2168 3522 2268 3616 A
