2320 3650
143 68 262 129 150
885 75 946 125 c.
978 76 1173 125 rum
1203 33 1503 125 suenum

136 253 267 294 num
287 231 653 306 verbannus,
674 228 942 291 Mincium
963 230 1247 307 Benacus,
1273 230 1483 292 Ollium
1505 229 1815 308 Sebinnus,
1837 225 2145 295 Lambrum

53 330 154 384 132
175 318 429 396 Eupilis,
471 317 655 376 omnis
689 315 913 375 incolas
945 316 1101 376 Padi.
1165 314 1335 394 Alpis
1366 316 1423 374 in
1452 315 1872 392 longitudinem
1904 318 2147 378 deciens

139 397 387 464 centena
417 399 570 460 milia
606 417 763 479 pass.
796 408 999 476 patere
1035 417 1068 459 a
1097 416 1315 477 supero
1349 401 1491 479 mari
1522 400 1596 459 ad
1629 400 1878 459 inferum
1911 398 2157 462 Caelius*

135 486 335 560 tradit,
371 484 719 561 Timagenes
750 481 915 542 xxss
946 482 1004 542 Μ
1036 501 1194 561 pass.
1228 482 1528 558 deductis,
1562 483 1618 541 in
1648 482 2012 550 latitudinem
2032 504 2147 546 ¹au·

133 581 252 630 tem
284 567 588 629 Cornelius
623 565 827 644 Nepos
865 563 912 624 G
939 564 1022 643 M,
1059 565 1125 626 T.
1157 565 1349 625 Livius
1378 566 1486 625 tria
1515 564 1575 625 Μ
1603 567 1955 644 stadiorum,
1986 577 2144 629 uter·-
2168 590 2193 627 5

136 672 251 733 que
293 652 540 713 diversis
587 653 644 708 in
684 650 853 710 locis.
910 668 1156 728 namque
1199 658 1258 712 et
1303 647 1348 710 C
1378 646 1438 707 Μ
1479 650 1770 709 excedunt
1806 651 2147 730 aliquande,

135 738 230 796 ubi
247 735 602 798 Germaniam
623 733 698 794 ab
720 733 883 794 Italia
905 733 1270 808 submovent,
1294 749 1407 792 nec
1424 731 1584 792 LXX
1598 732 1658 793 Μ
1672 734 1899 811 inplent
1919 734 2149 814 reliqua

134 825 220 883 sui
249 830 415 898 parte
445 819 723 896 graciles,
752 817 933 877 veluti
962 828 1199 877 naturae
1230 816 1611 893 providentia.
1650 814 1916 878 Latitudo
1941 817 2149 879 Italiae

135 903 336 964 subter
375 904 605 963 radices
648 919 843 961 earum
889 918 923 960 a
962 900 1121 961 Varo
1168 918 1276 978 per
1313 898 1479 960 Vada
1519 893 1787 976 Sabatia,
1836 900 2146 978 TaurinoS,

137 986 395 1063 Comum,
422 986 692 1062 Brixiam,
716 984 1029 1058 Veronam,
1052 983 1358 1059 vicetiam,
1384 981 1763 1061 Opitergium,
1790 983 2145 1063 Aquileiam,
2167 1010 2211 1051 ιο

136 1071 442 1148 Tergeste,
476 1068 694 1143 Polam,
727 1068 956 1127 Arsiam
980 1065 1293 1127 DGCXLV
1325 1066 1479 1126 milia
1511 1077 1780 1146 pa'ssuum
1813 1068 2061 1146 colligit.

52 1165 154 1220 133
274 1154 374 1214 20.
410 1152 577 1232 (24.)
625 1152 863 1212 Incolae
897 1151 1131 1229 Alpium
1173 1150 1332 1209 multi
1363 1149 1597 1228 populi,
1647 1152 1755 1211 sed
1801 1151 2085 1213 inlustres
2115 1170 2149 1213 a

135 1238 277 1298 Pola
309 1238 381 1297 ad
413 1236 715 1313 Tergestis
742 1236 1045 1313 regionem
1072 1235 1381 1308 Secusses,
1413 1233 1743 1311 Subocrini,
1778 1232 1990 1312 Catali,
2025 1235 2147 1296 Me-

135 1321 435 1394 nocaleni,
471 1321 743 1399 iuxtaque
778 1317 1001 1379 Carnos
1034 1318 1320 1397 quondam
1350 1316 1611 1377 Taurisci
1645 1319 2151 1397 appellati,.nunc

134 1404 354 1484 Norici.
420 1404 521 1464 His
559 1404 895 1464 contermini
924 1402 1094 1461 Raeti
1134 1411 1194 1461 et
1221 1400 1546 1476 Vindelici,
1591 1404 1796 1461 omnes
1835 1403 1894 1461 in
1936 1403 2148 1471 multas
2167 1425 2212 1466 ιε

138 1489 402 1549 civitates
434 1488 623 1548 divisi.
657 1487 877 1546 Raetos
910 1485 1229 1546 Tuscorum
1260 1484 1488 1563 prolem
1515 1484 1867 1545 arbitrantur
1896 1504 1930 1546 a
1965 1486 2150 1548 Gallis

138 1573 343 1650 pulsos
391 1572 540 1632 duce
589 1570 797 1631 Raeto.
858 1569 1050 1630 Verso
1098 1569 1311 1629 deinde
1353 1567 1574 1628 Italiam
1615 1577 1862 1646 pectore
1909 1569 2151 1650 Alpium

136 1655 317 1716 Latini
360 1656 497 1715 iuris
527 1654 841 1732 Euganeae
876 1663 1117 1731 gentes,
1165 1669 1401 1731 quarum
1435 1652 1649 1730 oppida
1680 1650 1965 1713 XXXIIII
2010 1673 2149 1718 enu-

53 1747 157 1802 134
177 1748 359 1799 merat
390 1736 556 1799 Cato.
614 1737 705 1798 Ex
729 1739 804 1796 iis
837 1736 1228 1815 Triumpilini,
1269 1735 1495 1795 venalis
1540 1753 1667 1795 cum
1697 1737 1856 1812 agris
1888 1738 2150 1817 suispo·

79 1850 80 1853 ¹
139 1823 337 1902 pulus,
391 1823 524 1884 dein
568 1820 802 1882 Camuni
849 1821 1282 1899 conpluresque
1329 1819 1550 1881 similes
1595 1819 1842 1893 finitimis
1888 1821 2211 1882 attributis)

136 1908 477 1984 municipiis.
530 1906 848 1984 Lepontios
871 1915 929 1965 et
956 1905 1228 1965 Salassos
1254 1900 1568 1964 Tauriscae
1596 1904 1791 1981 gentis
1814 1904 1975 1965 idem
2001 1903 2150 1966 Cato

139 1990 464 2051 arbitratur.
522 1990 706 2050 ceteri
735 1988 862 2049 fere
893 1988 1211 2066 Lepontios
1239 1988 1482 2048 relictos
1512 2005 1590 2046 ex
1620 1989 1892 2047 comitatu
1922 1987 2150 2050 Hercu·

139 2075 213 2135 lis
242 2074 717 2153 interpretatione
744 2071 951 2134 Graeci
980 2073 1222 2131 nominis
1247 2071 1489 2131 credunt
1509 2073 1801 2148 praeustis
1824 2072 1881 2130 in
1901 2075 2152 2132 transita

137 2158 369 2236 Alpium
416 2159 549 2217 nive
596 2155 887 2217 membris.
944 2156 1206 2216 eiusdem
1257 2154 1551 2214 exercitus
1596 2162 1662 2213 et
1707 2153 1916 2214 Graios
1961 2156 2153 2216 fuisse
2300 2228 2301 2237 χ

140 2241 434 2302 Graiarum
465 2241 701 2319 Alpium
742 2241 966 2300 incolas
1012 2239 1478 2319 praestantisque
1524 2255 1750 2313 genere
1795 2237 2216 2316 Euganeos,2s
2300 2272 2301 2323 3

54 2336 157 2392 135
180 2326 312 2386 inde
355 2335 539 2387 tracto
571 2326 816 2385 nomine.
873 2333 1046 2402 caput
1076 2339 1279 2383 eorum
1303 2322 1577 2381 Stoenos.
1641 2321 1962 2382 Raetorum
1991 2323 2152 2384 Ven-

140 2427 433 2469 nonenses
466 2410 897 2486 Sarun‘etesque
930 2416 1088 2467 ortus
1118 2405 1307 2465 Rheni
1347 2406 1526 2465 amnis
1561 2404 1865 2480 adcolunt,
1913 2405 2152 2486 Lepon·
2188 2446 2191 2449 -

140 2494 347 2562 tiorum
388 2494 484 2571 qui
525 2492 707 2553 Uberi
752 2500 1031 2551 vocantur
1068 2491 1287 2550 fontem
1328 2488 1595 2548 Rhodani
1650 2487 1860 2548 eodem
1910 2488 2157 2569 Alpium

138 2585 343 2637 tractu.
398 2577 539 2636 Sunt
570 2585 881 2654 praeterea
909 2574 1070 2635 Latio
1107 2573 1301 2633 donati
1329 2571 1581 2648 incolae,
1613 2580 1675 2631 ut
1703 2570 2153 2634 Octodurenses

142 2670 200 2720 et
242 2661 458 2720 finitimi
508 2654 867 2734 Ceutrones,
926 2655 1229 2717 Cottianae
1274 2656 1537 2720 civitates
1554 2690 1577 2730 ,-
1610 2653 1787 2725 ,Eturi
1834 2654 2214 2734 Liguribusso

140 2745 283 2821 orti,
342 2744 627 2822 Vagienni
670 2742 911 2820 Ligures
956 2751 1013 2801 et
1069 2742 1175 2820 qui
1207 2739 1459 2800 Montani
1515 2748 1829 2815 vocantur,
1891 2739 2150 2819 Capilla-

141 2837 443 2907 torumque
487 2829 654 2907 plura
694 2843 915 2904 genera
940 2825 1026 2885 ad
1082 2825 1386 2884 confinium
1426 2821 1714 2898 Ligustici
1754 2824 1953 2882 maris.
2019 2823 2152 2885 Non

56 2919 159 2976 136
183 2913 430 2973 alienum
458 2911 687 2971 videtur
714 2909 828 2969 hoc
859 2909 996 2969 loco
1044 2907 1319 2968 subicere
1348 2907 1783 2983 inscriptionem
1816 2924 1851 2964 e
1896 2914 2154 2985 tropaeo

142 2995 409 3075 Alpium,
464 2994 797 3074 quae-talis
846 3001 966 3053 est:
1022 2991 1475 3070 Imperatori
1522 2986 1835 3048 Caesari
1879 2989 2039 3051 divi
2080 2990 2149 3051 F.

141 3078 317 3156 Aug.
352 3078 707 3158 pontifici
739 3092 1083 3151 maxumo,
1114 3077 1273 3153 imp.
1303 3073 1489 3148 xnlr,
1521 3071 1987 3133 tribuniciae
2019 3089 2213 3152 po-ts

140 3164 452 3221 testatis
475 3161 659 3236 XVII,
684 3162 743 3220 S.
771 3160 833 3220 P.
861 3160 931 3233 Q.
953 3159 1047 3235 R.,
1085 3159 1277 3237 quod
1303 3159 1455 3219 eius
1480 3156 1701 3216 ductu
1731 3157 2149 3233 auspiciis-

143 3262 279 3321 que
310 3253 576 3321 gentes
603 3242 926 3321 Alpinae
971 3256 1224 3302 omnes
1257 3259 1442 3321 quae
1474 3258 1506 3300 a
1536 3240 2029 3320 mari-supero
2070 3240 2152 3302 ad

142 3326 450 3388 inferum
481 3326 955 3404 pertinebant
984 3325 1112 3386 sub
1143 3326 1521 3407 imperium
1553 3340 1729 3404 pop.
1755 3321 1953 3385 Rom.
1986 3333 2155 3387 sunt
