2320 3650
109 40 191 101 94
825 52 885 101 c.
914 53 1119 101 rum
1163 53 1460 103 snctmm

108 224 221 284 que
252 216 516 283 tempore
548 206 784 266 aestatis
814 206 1133 286 hiemisque
1170 207 1377 267 causiS.
1412 216 1522 287 qua
1552 208 1773 267 ratione
1806 206 2011 268 erebra
2034 209 2095 268 in

105 288 299 365 Italia,
352 290 482 367 quia
527 289 797 349 mobilior
838 309 942 350 aer
986 292 1212 351 mitiore
1254 291 1444 355 hieme
1488 299 1547 350 et
1575 301 1795 351 aestate
1832 291 2094 354 nimbosa

107 390 340 451 semper
391 373 811 471 quodammodo
858 383 1061 434 vernat
1102 375 1200 434 vel
1246 384 1546 435 autumnat.
1613 374 1810 434 Italiae
1858 393 2091 455 quoque

107 456 363 533 partibus
395 458 464 515 iis
488 454 635 535 quae
667 476 700 518 a
731 460 1125 536 septentrione
1159 458 1459 519 discedunt
1483 459 1554 519 ad
1585 469 1870 537 teporem,
1902 459 2091 537 qualis

106 548 196 599 est
223 539 391 599 urbis
409 549 467 600 et
499 537 854 640 Campaniae
877 550 1114 618 tractus,
1146 543 1301 602 iuxta
1331 542 1519 602 hieme
1555 552 1613 602 et
1645 551 1866 611 aestate
1902 542 2089 620 fulgu·
2115 561 2145 602 5

103 631 211 698 rat,
243 623 399 701 quod
429 641 543 684 non
571 625 627 684 in
656 624 770 684 alio
804 626 936 685 situ.

19 711 121 768 137
247 708 348 767 51.
400 706 567 787 (52.)
623 707 939 768 Fulminum
991 710 1247 789 ipsorum
1294 709 1457 787 plura
1509 727 1727 786 genera
1777 710 2089 770 traduntur.

102 788 265 862 Quae
310 791 469 850 sicca
505 792 740 851 veniunt
783 810 897 852 non
931 794 1171 854 adurunt
1213 792 1318 853 sed
1359 793 1859 874 dissipantfquae
1903 794 2091 854 umida

101 890 214 933 non
257 881 422 933 urunt
462 874 586 934 sed>
616 874 916 936 infuscant.
977 877 1204 938 tertium
1256 884 1346 936 est
1396 877 1550 956 quod
1594 877 1809 937 clarum
1854 887 2088 954 vocant,

101 957 376 1016 mirificae
419 976 679 1018 maxume
730 969 997 1036 naturae,
1053 977 1168 1040 quo
1217 960 1368 1020 dolia
1411 960 1815 1020 exhauriuntur
1861 961 2161 1020 ἰιιῐ3οῐίειιο

103 1042 473 1118 operimentis
510 1042 782 1120 nulloque
834 1044 948 1104 alio
985 1044 1240 1125 vestigio
1274 1042 1501 1103 relicto.
1568 1062 1762 1104 aurum
1810 1052 1868 1103 et
1895 1063 1995 1104 aes
2029 1053 2091 1104 et

36 1144 38 1147 ’
100 1132 398 1200 argentum
421 1124 664 1204 liquatur
689 1128 857 1202 intuS,
891 1118 1142 1188 sacculis
1174 1128 1315 1206 ipsis
1345 1126 1500 1187 nullo
1524 1128 1694 1187 modo
1720 1127 1991 1188 ambustis
2016 1144 2090 1187 ac

99 1225 173 1266 ne
207 1205 447 1267 confuso
494 1209 724 1286 quidem
767 1212 932 1287 signo
969 1229 1163 1271 cerae.
1222 1209 1438 1270 Marcia
1484 1213 1759 1289 princeps
1804 1211 2084 1271 Romana-

99 1309 221 1350 rum
263 1290 377 1351 icta
417 1293 655 1369 gravida
698 1304 864 1372 partu
907 1296 1227 1355 exanimato
1271 1296 1396 1372 ipsa
1428 1297 1569 1357 citra
1610 1294 1783 1355 ullum
1820 1294 1969 1354 aliud
2002 1296 2084 1353 in·
2181 1364 2186 1367 ι

101 1376 479 1472 commodum
483 1377 640 1435 vixit.
689 1376 754 1437 In
786 1375 1139 1439 Catilinianis
1169 1378 1449 1456 prodigiis
1479 1364 1828 1476 Pompeiano
1862 1396 1937 1438 ex
1965 1394 2157 1440 mu-15

99 1458 309 1536 nicipio
341 1458 414 1518 M.
450 1460 770 1521 Herennius
801 1463 1038 1522 decurio
1072 1478 1283 1521 sereno
1316 1462 1409 1521 die
1442 1461 1678 1521 fulmine
1709 1463 1855 1521 ictus
1886 1470 1994 1520 est.

17 1551 119 1606 138
247 1542 346 1601 52.
381 1543 548 1623 (53.)
599 1544 913 1605 Tuscorum
954 1546 1179 1605 litterae
1224 1561 1434 1605 novem
1478 1545 1624 1605 deos
1667 1546 1926 1605 emittere
1971 1544 2080 1604 ful·

98 1625 246 1684 mina
277 1628 649 1702 existumant,
684 1647 870 1708 eaque
903 1647 1037 1689 esse
1066 1629 1334 1688 undecim
1363 1646 1663 1706 generum,
1696 1628 1895 1689 Iovem
1932 1629 2084 1687 enim

98 1708 242 1767 trina
275 1710 528 1770 iaculari.
597 1711 838 1772 Romani
868 1712 980 1772 duo
1021 1720 1234 1771 tantum
1270 1731 1345 1771 ex
1384 1714 1456 1771 iis
1488 1731 1833 1788 servavere,
1882 1713 2081 1771 diurna

100 1791 477 1855 attribuentes
503 1793 645 1871 Iovi,
676 1804 954 1856 nocturna
984 1796 1308 1873 Summano,
1344 1797 1562 1858 rariora
1596 1815 1733 1857 sane
1768 1795 1970 1856 eadem
2001 1795 2076 1856 de
2101 1817 2157 1860 20

102 1892 275 1938 causa
305 1878 620 1955 frigidioris
652 1879 818 1940 caeli.
877 1879 1104 1939 Etruria
1136 1898 1441 1958 erumpere
1471 1890 1626 1942 terra
1662 1879 1906 1960 quoque
1929 1879 2082 1940 arbi·
2219 1879 2226 1886 ’

98 1969 306 2037 tratur,
351 1980 498 2039 quae
541 1962 724 2023 infera
758 1963 1045 2042 appellat,
1094 1963 1334 2024 brumali
1374 1973 1638 2044 tempore
1678 1965 1859 2039 facta,
1907 1980 2083 2023 saeva

99 2060 361 2105 maxume
403 2054 462 2104 et·
502 2046 919 2122 exsecrabilia,
968 2065 1095 2106 cum
1139 2048 1251 2107 sint
1280 2048 1465 2108 omnia
1508 2066 1655 2127 quae
1687 2057 1916 2108 terrena
1961 2047 2081 2106 exi-‘

4 2174 7 2177 .
102 2134 345 2188 stumant
371 2146 484 2189 non
516 2130 611 2191 illa
640 2130 968 2208 generalia,
1021 2148 1132 2190 nec
1166 2149 1198 2192 a
1227 2131 1516 2192 sideribus
1546 2132 1832 2191 venientia
1864 2131 1970 2190 sed
2006 2147 2082 2189 ex

103 2227 380 2287 proxuma
409 2223 580 2293 atque
604 2213 916 2274 turbidiore
942 2223 1158 2274 natura.
1202 2215 1605 2292 Argumentum
1632 2215 1890 2289 evidens,
1926 2213 2081 2292 quod
2100 2233 2153 2274 25

107 2298 292 2357 omnia
331 2300 630 2375 superiora
676 2315 710 2357 e
760 2297 927 2358 caelo
975 2297 1300 2359 decidentia
1347 2299 1617 2378 obliquos
1653 2298 1865 2358 habent
1909 2298 2077 2372 ictus,

12 2383 119 2439 139
143 2382 290 2442 haec
321 2390 508 2440 autem
538 2400 684 2460 quae
714 2391 925 2455 vocant
953 2390 1184 2442 terrena
1212 2391 1428 2442 rectos.
1490 2382 1610 2443 Sed
1647 2382 1776 2479 quia
1822 2399 1897 2440 ex
1943 2396 2079 2477 pro-

96 2466 263 2542 piore
296 2466 532 2524 materia
564 2466 802 2543 cadunt,
834 2451 970 2525 ideo
1002 2466 1307 2525 creduntur
1338 2485 1370 2525 e
1400 2473 1554 2526 terra
1583 2467 1778 2540 exire,
1813 2459 2080 2544 quonia‘m

98 2566 174 2609 ex
203 2548 440 2627 repulsu
469 2548 623 2608 nulla
655 2551 900 2626 vestigia
932 2550 1141 2625 edunt,
1184 2567 1310 2608 cum
1344 2550 1418 2608 sit
1461 2550 1558 2610 illa
1587 2549 1731 2608 ratio
1764 2566 1879 2607 non
1909 2547 2079 2607 inferi

94 2633 243 2692 ictus
289 2632 395 2692 sed
441 2633 688 2692 adversi.
756 2632 812 2692 A
855 2633 1081 2693 Saturni
1123 2650 1194 2693 ea
1242 2633 1434 2693 sidere
1477 2632 1770 2712 proficisci
1814 2630 2077 2691 subtilius
2094 2646 2149 2689 so

94 2718 203 2776 ista
234 2717 550 2776 consectati
585 2726 800 2795 putant,
837 2717 984 2775 sicut
1019 2718 1327 2777 cremantia
1359 2734 1392 2777 a
1423 2715 1639 2791 Martis,
1675 2715 1923 2795 qualiter
1950 2731 2078 2773 cum

93 2799 337 2860 Volsinii
369 2801 639 2879 oppidum
670 2799 985 2860 Tuscorum
1017 2799 1506 2878 opulentissimum
1536 2809 1710 2859 totum
1743 2812 2078 2858 concrema-

95 2893 210 2943 tum
242 2894 330 2943 est
359 2885 611 2944 fulmine.
667 2883 894 2944 Vocant
925 2892 983 2942 et
1012 2883 1308 2945 familiaria
1338 2885 1395 2943 in
1425 2892 1598 2944 totam
1627 2884 1797 2942 vitam
1821 2881 2077 2956 fatidica,

99 2985 244 3045 quae
269 2969 449 3045 prima
473 2968 607 3027 fiunt
630 2967 898 3030 familiam
928 2985 1085 3027 suam
1115 2968 1322 3046 cuique
1346 2967 1602 3046 indepto.
1658 2962 1929 3025 Ceterum
1953 2964 2074 3023 exi·

99 3060 340 3110 stumant
368 3069 482 3110 non
512 3051 656 3112 ultra
687 3051 891 3111 decem
934 3069 1114 3111 annos
1155 3050 1508 3130 portendere
1552 3052 1769 3129 privata
1812 3054 2073 3127 praeter·
2091 3054 2146 3105 35

99 3152 267 3212 quam
295 3143 390 3193 aut
416 3136 598 3213 primo
630 3135 967 3214 patrimonio
1002 3135 1154 3195 facta
1186 3142 1280 3194 aut
1311 3133 1483 3194 natali
1525 3134 1649 3209 die,
1698 3132 1928 3212 publica
1958 3146 2075 3190 ιιοιι

97 3218 242 3278 ultra
266 3219 611 3278 tricesimum
644 3236 847 3279 annum
875 3227 1277 3296 praeterquam
1307 3218 1364 3276 in
1394 3217 1736 3278 deductione
1768 3215 1987 3294 oppidi.

13 3307 116 3363 140
235 3299 333 3361 53.
370 3301 536 3381 (54.)
570 3301 772 3361 Exstat
801 3302 1081 3362 annalium
1123 3301 1400 3360 memoria
1430 3302 1612 3360 sacris
1647 3298 1983 3378 quibusdam
2014 3305 2074 3357 et

0 3541 57 3551 ...-
