2320 3650
576 130 949 209 NAT.·,H1sT.
982 132 1132 177 xm.
1162 126 1365 180 7-11.
1408 120 1713 196 (ιδ-21.)
1833 148 1842 149 ff
1996 117 2140 200 ,241

96 285 451 349 mitissima
480 285 706 343 navium
744 285 949 343 costis.
1004 285 1287 346 candidae
1325 284 1502 344 facile
1533 292 1889 362 putrescunt.
1955 285 2143 344 aculei

92 373 439 450 spinarum
472 368 618 445 etin
647 367 836 443 foliis,
883 385 1083 427 semen
1116 368 1173 425 in
1203 368 1466 445 siliquis,
1502 385 1621 445 quo
1652 369 1809 426 ceria
1839 367 2146 446 perficiunt

98 454 338 532 gallae
371 452 523 511 vice.
583 450 695 510 llos
725 460 786 510 et
821 453 1052 511 coronis
1101 451 1378 510 iucundus
1409 458 1468 510 et
1500 451 1935 511 medicamentis
1965 453 2140 512 utilis.
2215 462 2218 465 ’

101 545 330 598 manat
363 544 422 594 et
450 535 690 595 cummis
734 553 810 593 ex
852 552 941 594 ea.
1009 536 1114 594 sed
1144 530 1457 613 praecipua
1486 535 1734 608 utilitas,
1781 535 1936 613 quod
1970 553 2141 596 caesa

53 646 83 684 ε»
106 637 288 683 ann-o
338 619 512 679 tertio
542 620 817 695 resurgit.
882 620 1040 678 circa
1071 618 1302 678 Thebas
1333 618 1517 694 haec,
1562 618 1660 677 ubi
1700 626 1760 676 et
1801 636 2053 696 quercus
2085 628 2144 678 et

110 720 362 785 persea
394 711 453 761 et
483 702 670 776 oliva,
716 715 841 762 000
883 720 914 761 a
943 701 1079 762 Nilo
1108 703 1339 777 stadiis,
1389 703 1643 762 silvestri
1684 711 1872 762 tractu
1918 710 1976 761 et
2023 702 2140 762 suis

107 787 398 850 fontibus
442 788 628 863 riguo.
702 787 794 845 10.
854 784 940 845 Ibi
984 795 1045 844 et
1085 802 1300 862 prunus
1330 785 1656 864 Aegyptia,
1699 803 1817 844 non
1844 785 2133 845 dissimilis
2156 792 2226 848 64

106 874 350 952 spinae
388 886 670 946 proxume
714 868 941 943 dictae,
983 886 1159 946 pomo
1205 870 1464 947 mespili,
1510 878 1905 929 maturescens
1944 869 2144 928 bruma

98 975 247 1017 nec
296 953 441 1013 folia
492 953 796 1012 dimittens.
866 953 1078 1029 lignum
1112 954 1183 1012 in'
1214 964 1395 1031 pomo
1452 953 1706 1030 grande,
1764 952 1869 1012 sed
1929 970 2143 1031 corpus

27 1063 90 1103 ao
114 1044 332 1119 ipsum
358 1047 558 1103 natura
591 1046 649 1095 et
682 1038 853 1114 copia
883 1037 1154 1095 messium
1179 1038 1356 1096 instar
1385 1038 1613 1097 incolis,
1661 1046 1962 1115 purgatum
1995 1037 2142 1096 enim

115 1122 383 1186 tundunt
427 1129 774 1198 servantque
806 1121 932 1179 eins
968 1120 1132 1179 offaS.
1198 1121 1494 1180 Silvestris
1530 1121 1636 1180 fuit
1676 1130 1733 1180 et
1775 1123 1930 1181 circa
1960 1119 2134 1194 Mem·
2157 1130 2230 1183 65·

110 1208 299 1288 phim
328 1206 495 1282 regio
526 1213 644 1264 tam
688 1205 867 1263 vastis
900 1203 1205 1264 arboribus
1234 1214 1296 1262 ut
1325 1207 1471 1264 terni
1503 1222 1615 1264 non
1648 1206 1874 1282 quirent
1903 1206 2141 1264 circum-

117 1290 326 1371 plecti
345 1333 362 1364 ,
394 1279 558 1347 unius
586 1288 866 1366 peculiari
895 1287 1206 1362 miraculo,
1242 1306 1351 1348 nec
1380 1304 1609 1366 pomum
1638 1297 1880 1366 propter
1904 1306 2142 1347 usumve

110 1376 429 1451 aliquem,
471 1372 578 1431 sed
620 1381 906 1430 eventum.
973 1371 1156 1430 facies
1204 1379 1294 1430 est
1336 1375 1570 1449 spinae,
1625 1372 1766 1431 folia
1806 1371 1981 1430 habet
2029 1389 2137 1430 ceu

34 1475 95 1515 15
114 1461 346 1537 pinnas
380 1473 530 1534 quae
549 1456 718 1515 tactis
754 1455 829 1514 ab
850 1455 1079 1514 homine
1112 1456 1283 1514 ramis
1313 1455 1521 1515 cadunt
1547 1456 1807 1532 protinus
1825 1472 1901 1514 ac
1935 1464 2140 1532 postea

114 1550 542 1602 renascuntur.
748 1582 751 1585 -

265 1628 296 1683 1
313 1626 367 1682 1.
392 1622 566 1702 (20.)
603 1621 876 1682 cummim
903 1631 1190 1700 optumam
1217 1641 1352 1682 esse
1384 1640 1459 1682 ex
1482 1621 1774 1701 Aegyptia
1804 1623 1969 1699 spina
2002 1638 2136 1680 con·
2156 1630 2225 1685 66

112 1710 332 1783 veni-t,
391 1706 855 1780 vermiculatam,
912 1706 1114 1766 colore
1155 1706 1397 1782 glauco,
1444 1724 1679 1785 puram,
1727 1705 1855 1764 sine
1898 1707 2139 1780 cortice,

115 1791 408 1857 dentibus
446 1791 874 1854 adhaerentem.
919 1790 1167 1869 pretium
1197 1793 1321 1851 eius
1360 1792 1430 1852 in¹
1452 1791 1629 1852 libras
1657 1789 1712 1850 X
1740 1802 1841 1849 ΙΠ.
1886 1790 2143 1850 deterior

33 1896 93 1936 20
119 1898 209 1939 ex
244 1875 570 1952 amygdalis
594 1875 799 1934 amaris
843 1885 901 1933 et
936 1892 1176 1950 ceraso,
1221 1893 1490 1953 pessuma
1529 1894 1562 1934 e
1608 1875 1822 1953 prunis.
1884 1874 1945 1932 fit
1980 1884 2038 1933 et
2080 1876 2137 1932 in
2157 1880 2223 1936 67

112 1961 383 2035 vitibuS,
434 1959 725 2018 infantium
758 1958 1053 2018 ulceribus
1095 1961 1424 2037 aptissima,
1476 1969 1548 2018 et·
1575 1956 1882 2036 aliquando
1922 1959 1978 2017 in
2008 1958 2140 2017 olea

111 2046 391 2108 dentium
421 2042 645 2117 dolori,
681 2042 835 2101 ulmo
867 2043 1037 2102 etiam
1068 2044 1123 2100 in
1150 2041 1381 2119 Coryco
1411 2053 1603 2103 monte
1630 2039 1870 2102 Ciliciae
1902 2058 1970 2100 ac
2000 2042 2140 2100 iuni-

113 2133 262 2210 piro
303 2127 378 2185 ad
408 2127 544 2186 nihil
576 2125 779 2199 utileS,
824 2144 898 2184 ex
943 2127 1077 2185 ulmi
1117 2144 1261 2185 vero
1306 2128 1508 2186 cummi
1543 2136 1602 2185 et
1640 2126 1862 2185 culices
1913 2123 1991 2182 ibi
2042 2142 2137 2182 na·

113 2233 193 2274 sc
284 2220 396 2269 tur.
452 2210 516 2269 fit
548 2218 606 2268 et
634 2228 667 2267 e
700 2209 1029 2268 sarcocolla
1061 2244 1141 2254 -—
1178 2209 1255 2269 ita
1286 2219 1531 2269 vocatur
1571 2208 1745 2268 arhor
1782 2240 1869 2251 —-
1899 2209 2139 2266 cummis

36 2317 93 2358 25
113 2296 440 2369 ud'issima
477 2285 795 2372 pictoribus
831 2310 899 2351 ac
928 2292 1170 2351 medicis
1192 2337 1208 2365 ,
1244 2293 1447 2352 similis
1479 2292 1682 2370 pollini
1713 2291 1883 2366 turiS,
1917 2298 1976 2349 et
2001 2290 2137 2350 ideo

116 2377 383 2443 candida
414 2393 590 2456 quam·
615 2377 741 2436 rufa
775 2378 998 2437 melior.
1060 2378 1308 2455 pretium
1347 2377 1469 2435 eius
1505 2376 1661 2453 quod
1696 2391 1891 2452 supra.

264 2461 436 2540 (21.)
463 2459 727 2520 Nondum
770 2461 1045 2539 palustria
1094 2461 1417 2537 attingimus
1452 2476 1561 2518 nec
1603 2459 1839 2517 frutices
1872 2457 2129 2516 amnium.
2155 2464 2225 2518 68

114 2550 299 2630 prius
331 2555 522 2604 tamen
553 2562 719 2622 quam
767 2544 1153 2621 digrediamur
1199 2544 1271 2603 ab
1302 2544 1577 2621 Aegypto
1620 2551 1678 2601 et
1705 2543 1912 2619 papyri
1940 2548 2140 2601 natura

116 2635 402 2704 dicetur,
459 2646 584 2688 cum
631 2629 865 2687 chartae
907 2645 1014 2686 usu
1045 2633 1307 2686 maxume
1344 2627 1659 2686 humanitas
1688 2626 1843 2685 vitae
1890 2631 2137 2697 constet,

36 2737 95 2779 30
117 2725 304 2778 certe
336 2713 632 2771 memoria.
696 2720 753 2770 et
795 2711 943 2770 hanc
986 2710 1302 2770 Alexandri
1334 2710 1800 2787 Magni‘victoria
1846 2716 2136 2786 repertam
2155 2715 2224 2770 69

117 2808 346 2863 auctor
378 2805 468 2855 est
498 2795 574 2855 M.
608 2795 831 2868 Varro,
878 2794 1106 2862 condita
1148 2796 1205 2852 in
1236 2794 1511 2872 Aegypto
1542 2791 1912 2853 Alexandria.
1972 2798 2140 2849 antea

116 2901 251 2946 non
280 2880 473 2954 fuisse
509 2880 826 2939 chartarum
855 2895 1046 2936 usum.
1091 2880 1147 2935 in
1172 2879 1484 2955 palmarum
1514 2877 1670 2936 foliis
1700 2876 1881 2954 primo
1914 2874 2139 2951 scripti-

116 2977 350 3039 tatum,
384 2957 514 3023 dein
540 2962 891 3041 quarundam
916 2960 1184 3020 arborum
1213 2961 1395 3020 libris.
1457 2969 1664 3040 postea
1702 2958 1933 3037 publica
1962 2958 2140 3015 moni-

118 3059 333 3114 menta
376 3046 661 3125 plumbeis
694 3044 1111 3120 voluminibus,
1164 3062 1300 3104 mox
1343 3047 1416 3104 et'
1442 3046 1664 3124 privata
1706 3043 1898 3103 linteis
1934 3041 2140 3101 confici

41 3158 101 3210 ³5
123 3140 500 3211 coeptant
543 3132 714 3189 ceris.
780 3128 1147 3208 pugillarium
1189 3131 1338 3188 enim
1382 3147 1543 3188 usum
1580 3129 1759 3187 fuisse
1800 3127 1967 3186 etiam
2011 3135 2141 3185 ante

123 3219 394 3280 Troiana
434 3224 698 3292 tempora
738 3214 1054 3273 invenimus
1105 3213 1256 3291 apud
1297 3212 1637 3288 Homerum,
1690 3211 1792 3270 illo
1834 3227 1978 3269 vero
2007 3227 2140 3288 pro·

120 3305 316 3384 dente
360 3317 433 3357 ne
465 3308 677 3357 terram
696 3298 935 3376 quidem
958 3299 1139 3375 ipsam
1174 3315 1321 3375 quae
1359 3315 1507 3356 nunc
1541 3297 1847 3373 Aegyptus
1879 3294 2139 3372 appelle-

122 3398 227 3448 tur
251 3383 648 3459 intellegitur,
684 3384 890 3442 cumin
920 3380 1312 3456 Sebennytico
1346 3390 1403 3439 et
1425 3382 1581 3441 Saite
1607 3381 1730 3439 eius
1761 3395 1930 3438 nomo
1957 3379 2139 3438 omnis

124 3470 345 3531 charta
374 3474 676 3540 nascatur,
710 3474 915 3544 postea
941 3466 1351 3541 adaggeratam
1375 3464 1506 3525 Nilo
1524 3509 1540 3541 ,
1574 3464 1854 3542 siquidem
1885 3479 1917 3522 a
1946 3462 2133 3521 Pharo
2156 3468 2225 3523 70

238 3573 382 3611 mm.
408 3572 532 3608 NAT.
557 3569 693 3607 msr.
718 3554 782 3607 II.
1739 3548 1814 3608 16
2181 3543 2271 3635 Δ
