2320 3650
133 80 212 139 44
256 55 263 60 ’
822 89 881 136 c,
917 89 1107 135 amm
1140 87 1440 135 ssscmsm

135 263 419 324 spernens
454 244 705 320 vestigia
732 242 977 301 hominis
1003 245 1133 300 viso
1164 243 1480 302 transferre
1511 242 1720 301 dicitur
1749 247 2020 321 protinus
2053 264 2158 306 'ca-

78 362 85 367 ·
133 330 304 389 tulos,
373 345 617 407 quonam
647 329 818 387 modo
853 324 1090 403 agnito?
1134 326 1232 385 uhi
1275 335 1406 385 ante
1450 337 1775 404 conspecto
1819 328 1928 386 illo
1975 347 2155 407 quem

133 410 600 472 timet‘Letenim
656 412 787 472 talis
822 412 999 470 silvas
1056 412 1307 469 minume
1354 411 1710 487 frequentari
1758 422 1983 472 certum
2038 424 2152 473 est.

134 515 275 557 sane
298 498 572 566 mirentur
600 499 779 574 ipsam
819 496 1030 570 vestigi
1061 497 1370 554 raritatem.
1419 495 1522 554 sed
1554 495 1705 554 unde
1730 497 1917 555 sciunt
1941 499 2153 556 timeri-⁴

131 581 260 640 dum
286 579 462 641 esse?
489 584 659 640 immo
685 596 827 639 vero
853 597 953 638 cur
975 578 1070 637 vel
1092 579 1273 656 ipsius
1300 589 1675 655 conspectum
1704 583 1955 658 paveant
1980 591 2150 641 tanto
2170 606 2189 644 s
2295 625 2296 686 1

129 665 379 741 viribus,
444 665 866 743 magnitudine,
933 663 1249 721 velocitate
1308 661 1808 740 praestantiores?
1880 667 2149 724 nimirum

128 750 276 810 baec
307 760 399 810 est
429 759 630 810 natura
661 766 875 821 rerum,
912 746 1059 807 haec
1093 749 1353 825 potentia
1386 749 1545 821 eius,
1579 749 1949 808 saevissimas
1989 750 2146 809 fera·

129 853 251 893 rum
311 850 723 911 maxumasque
783 849 1085 908 numquam
1126 832 1344 891 vidisse
1407 832 1560 908 quod
1617 831 1870 892 debeant
1934 834 2147 893 timere
2287 873 2299 952 4

130 928 188 978 et
220 920 410 978 statim
441 918 789 993 intellegere
820 933 946 975 cum
977 917 1054 975 sit
1082 916 1407 976 timendum.
1807 949 1814 960 ι

48 1013 110 1066 11
266 1004 323 1061 5.
369 1001 676 1079 Elephanti
710 1002 996 1077 gregatim
1030 1018 1263 1078 semper
1281 1000 1693 1075 ingrediuntur.
1742 1000 1897 1059 ducit
1931 1019 2145 1077 agmen
2162 1023 2200 1062 ιο

129 1104 423 1146 maxumus
458 1095 611 1159 natu,
644 1086 803 1161 cogit
840 1094 1031 1145 aetate
1071 1102 1403 1162 proxumus,
1461 1101 1681 1142 amnem
1711 1087 2008 1144 transituri
2039 1088 2143 1144 mi-

130 1181 334 1227 numos
377 1171 783 1248 praemittunt,
833 1188 906 1228 ne
949 1170 1223 1228 maiorum
1274 1170 1543 1244 ingressu
1592 1177 1875 1227 atterente
1910 1169 2142 1228 alveum

131 1262 359 1313 crescat
410 1256 624 1330 gurgiti
670 1254 929 1314 altitudo,
985 1254 1291 1331 Antipater
1315 1261 1517 1311 auctor
1553 1260 1642 1310 est
1669 1252 1817 1311 duos
1841 1252 2140 1312 Antiocho
2299 1215 2300 1304 l

131 1338 259 1413 regi
303 1340 357 1395 in
390 1338 622 1397 bellicis
673 1338 872 1397 usibus
920 1337 1175 1396 celebris
1225 1338 1396 1395 etiam
1448 1336 1885 1412 cognominibus
1930 1337 2139 1396 fuisse.

132 1424 341 1481 etenim
377 1440 596 1482 novere
630 1440 717 1482 ea.
782 1431 942 1481 certe
973 1420 1143 1495 Cat0,
1178 1438 1305 1479 cum
1336 1423 1744 1498 imperatorum
1771 1422 2001 1480 nomina
2037 1439 2134 1479 an-
2160 1443 2200 1482 15
2284 1419 2291 1430 ’

129 1506 354 1565 nalibus
386 1507 723 1583 detraxerit,
760 1524 889 1565 eum
916 1507 1014 1583 qui
1047 1505 1363 1563 fortissime
1407 1503 1725 1581 proeliatus
1758 1515 1917 1564 esset
1947 1506 2006 1564 in
2029 1505 2135 1563 Pu·

45 1598 113 1650 12
131 1592 257 1649 nica
289 1593 437 1665 acie,
473 1593 678 1650 Surum
710 1590 936 1649 tradidit
965 1599 1232 1648 vocatum
1266 1587 1451 1647 altero
1484 1589 1655 1650 dente
1685 1589 1989 1648 mutilato.·
2021 1588 2138 1648 An·
2301 1625 2302 1714 1

130 1674 327 1734 tiocho
387 1676 592 1734 vadum
632 1675 877 1733 fluminis
931 1673 1257 1750 experienti
1299 1675 1488 1731 renuit
1531 1672 1711 1746 Aiax,
1759 1674 1973 1750 alioqui
2023 1674 2139 1732 dnx

130 1759 370 1835 agminis
406 1776 659 1837 semper.
716 1767 831 1816 tum
857 1757 1279 1836 pronuntiatum
1294 1758 1435 1815 ‘eius
1468 1757 1598 1815 fore
1627 1759 2008 1836 principatum
2039 1758 2138 1836 qui

129 1844 452 1917 transisset,
489 1860 803 1919 ausumque
830 1842 1155 1902 Patroclum
1187 1840 1264 1900 ob
1297 1844 1354 1902 id
1379 1841 1635 1920 phaleris
1667 1844 1982 1919 argenteis,
2021 1859 2135 1920 quo
2156 1861 2199 1900 20

131 1943 396 1984 maxume
430 1927 702 2005 gandent,
758 1934 817 1983 et
852 1926 1080 2004 reliquo
1129 1928 1281 1985 omni
1316 1928 1556 2004 primatu
1594 1926 1844 1984 donavit.
1903 1926 2006 1984 ille
2040 1928 2139 2004 qui

130 2009 434 2069 notabatur
467 2011 655 2070 inedia
688 2019 929 2069 mortem
964 2011 1310 2087 ignominiae
1346 2010 1636 2086 praetulit.
1690 2012 1865 2069 mirus
1890 2027 2139 2089 namque

127 2095 318 2171 pudor
349 2104 459 2169 est,
491 2096 800 2172 victusque
831 2112 1038 2153 vocem
1071 2094 1220 2170 fugit
1249 2095 1508 2170 victoriS,
1544 2093 1755 2153 terram
1813 2112 1881 2153 ac
1922 2095 2135 2153 verbe·

45 2185 232 2240 13nas
280 2181 545 2257 porrigit.
608 2180 845 2256 pudore:
876 2196 1176 2256 numquam
1223 2180 1332 2237 nisi
1377 2179 1431 2236 in
1485 2177 1679 2237 abdito
1734 2187 1977 2252 coeunt,
2013 2196 2136 2235 mas
2301 2176 2304 2213 ⁴

131 2264 543 2341 quinquennis,
579 2264 787 2322 femina
832 2263 1128 2322 decennis.
1198 2263 1368 2320 initur
1410 2271 1597 2321 antem
1637 2262 1870 2320 biennio
1918 2264 2201 2339 quinis,2⁵

132 2355 193 2405 ut
222 2348 432 2421 ferunt,
473 2349 751 2425 cuiusque
784 2348 913 2405 anni
945 2346 1182 2422 diebuS‚
1230 2364 1341 2405 nec
1376 2346 1652 2422 amplius,
1688 2355 1858 2404 sexto
1897 2345 2130 2423 perfun-

131 2429 336 2489 duntur
365 2449 564 2506 amne,
596 2449 711 2490 non
747 2440 878 2490 ante
906 2431 1156 2490 reduces
1193 2429 1265 2489 ad
1298 2448 1523 2505 agmen.
1575 2448 1685 2489 nec
1717 2429 1997 2489 adulteria
2030 2445 2132 2486 no·

128 2531 293 2589 vere,
326 2515 557 2574 nullave
584 2525 830 2594 propter
854 2515 1093 2574 feminas
1123 2515 1275 2573 inter
1302 2532 1368 2572 se
1399 2513 1628 2592 proelia
1675 2514 1890 2572 ceteris
1923 2513 2131 2571 anima·

128 2598 289 2657 libus-
311 2600 673 2677 pernicialia,
708 2617 821 2658 nec
850 2600 982 2677 quia
1015 2598 1166 2658 desit
1196 2598 1310 2656 illis
1338 2599 1549 2657 amoris
1581 2596 1714 2672 vis,-
1739 2613 1984 2675 namque
2013 2605 2130 2655 tra·

128 2682 283 2742 ditur*
315 2702 458 2743 unus
492 2682 1032 2761 amassequandam
1068 2683 1124 2740 in
1160 2682 1437 2759 Aegypto
1483 2681 1739 2740 corollas
1782 2680 2129 2739 vendentem
2148 2700 2196 2744 so

126 2783 228 2842 ac,
272 2787 345 2827 ne
378 2769 506 2847 quis
548 2768 870 2844 volgariter
915 2766 1163 2825 electam
1203 2773 1398 2844 putet,
1445 2768 1587 2825 mire
1628 2774 1848 2841 gratam
1904 2764 2129 2823 Aristo-

42 2859 111 2912 14
133 2851 305 2929 phani
326 2852 726 2912 celeberrimo
757 2853 813 2908 in
857 2858 981 2908 arte
1010 2851 1399 2926 grammatica.
1446 2850 1590 2908 alius
1620 2847 1991 2909 Menandrum
2023 2849 2131 2922 Sy·

125 2952 464 2996 racusanum
487 2930 816 3013 incipientis
846 2936 1116 2993 iuventae
1145 2935 1201 2991 in
1233 2933 1493 2992 exercitu
1529 2932 1867 3007 Ptolemaei,
1901 2929 2129 2990 deside-

126 3018 269 3077 rium
298 3021 447 3095 eius,
485 3021 754 3097 quotiens
788 3036 900 3078 non
931 3018 1191 3093 videret,
1243 3017 1429 3076 inedia
1460 3025 1724 3076 testatus.
1782 3025 1841 3075 et
1870 3032 2130 3093 unguen-

125 3102 331 3160 tariam
372 3104 652 3180 quandam
692 3103 962 3162 dilectam
1008 3101 1146 3160 Iuba
1189 3100 1375 3160 tradit.
1427 3102 1674 3159 omnium
1720 3100 1930 3159 amoris
1961 3098 2193 3165 fuere&

129 3196 463 3258 argumenta
492 3187 760 3261 gaudium
797 3187 865 3244 ad
906 3194 1282 3262 conspectum
1312 3184 1737 3260 blanditiaeque
1774 3182 2124 3257 inconditae,

128 3267 428 3342 stipesque
449 3286 597 3346 quas
642 3270 892 3345 populus
923 3268 1190 3327 dedisset
1213 3276 1479 3325 servatae
1512 3276 1569 3325 et
1592 3269 1648 3324 in
1681 3268 1858 3325 sinum
1886 3266 2190 3339 effusam

41 3356 110 3409 15
130 3364 253 3411 nce,¹
282 3351 481 3411 mirum
526 3367 659 3411 esse
692 3368 946 3410 amorem
984 3349 1191 3428 quibus
1235 3353 1309 3407 sit
1347 3352 1641 3409 memoria.
1703 3350 1851 3408 idem
1882 3364 2128 3427 namque

2299 2408 2304 2455 Ι
