2320 3650
214 142 335 202 244
894 152 953 200 c.
1003 156 1187 198 PLINI
1236 154 1531 200 saeuum

125 321 230 374 135
246 308 488 369 Caucasi
511 326 720 384 ramus,
752 308 886 369 inde
911 310 1247 368 mollissimo
1275 312 1513 368 transitu
1539 312 1593 368 in
1618 309 1880 368 Bactros..
1926 310 2184 370 Susianen

212 392 285 453 ab
317 392 613 467 Elymaide
646 394 1001 453 disterminat
1041 396 1211 452 amnis
1241 394 1493 452 Eulaeus
1527 404 1686 452 ortus
1724 396 1778 450 in
1812 392 2002 452 Medis
2026 396 2183 452 modi-

213 493 400 554 coque
436 479 622 554 spatio
660 477 923 537 cuniculo
965 480 1223 536 conditus
1265 498 1331 536 ac
1361 498 1555 534 rursus
1600 486 1836 536 exortus
1866 486 1924 534 et
1956 496 2060 555 per
2080 476 2182 534 Me-

210 559 526 620 sahatenen
560 550 778 639 lapsus.
854 560 1111 619 circumit
1159 581 1351 619 arcem
1383 563 1656 619 Susorum
1690 581 1756 619 ac
1796 561 2018 621 Dianae
2062 571 2182 619 tem-

210 643 366 722 plum
400 645 858 721 augustissimum
892 644 1003 703 illis
1035 647 1319 719 gentibue,
1357 647 1561 721 etipse
1597 648 1650 701 in
1684 663 1886 721 magna
1924 647 2224 705 caerim0-1>

206 728 329 803 nia,
373 726 654 806 siquidem
682 745 862 804 reges
896 745 1009 785 non
1047 749 1119 787 ex
1153 729 1265 787 alio
1303 729 1497 785 hibunt
1533 739 1589 787 et
1622 729 1694 787 ob
1728 729 1826 787 id
1812 749 1866 785 m
1892 729 2188 805 longinqua

205 821 455 890 portant.
524 812 733 890 recipit
775 811 951 871 amnis
991 813 1311 889 Hedypuon
1351 823 1583 889 practer
1630 813 1868 885 Asylum
1904 813 2190 871 Persarum

206 894 556 971 venientem,
591 894 853 954 Adunam
883 913 957 954 ex
989 899 1259 955 Susianis,
1323 897 1593 973 oppidum
1628 899 1782 955 iuxta
1816 915 1944 953 eum
1972 895 2190 971 Magoa,
2266 950 2268 960 ,

204 996 241 1038 a
272 975 532 1042 Charace
566 976 674 1037 XV
696 978 811 1038 mil.
844 996 1131 1057 passuum.
1183 981 1405 1057 quidam
1439 981 1549 1037 hoc
1583 981 1636 1035 in
1670 989 1928 1037 extrema
1962 981 2190 1039 Susiane

122 1071 225 1126 136
244 1072 457 1140 ponunt
482 1061 880 1122 solitudinibus
913 1079 1267 1140 proxumum.
1331 1063 1483 1120 Infra
1511 1063 1792 1121 Eulaeum
1822 1063 2080 1136 Elymais
2112 1071 2268 1120 estu·

204 1147 262 1204 in
288 1163 388 1206 ora
411 1147 601 1206 iuncta
631 1145 873 1220 Persidi,
909 1164 943 1206 a
965 1146 1191 1206 flumine
1221 1144 1377 1204 Orati
1407 1146 1477 1204 ad
1501 1144 1820 1206 Characem
1852 1143 2052 1204 CCXL
2082 1146 2190 1204 mil.

204 1247 494 1306 passuum.
569 1230 783 1307 oppida
826 1231 951 1288 eius
991 1230 1259 1290 Seleucia
1305 1238 1363 1288 et
1413 1230 1656 1288 Socrate
1706 1230 1976 1308 adposita
2026 1232 2192 1288 monti

142 1332 188 1366 ου
207 1309 449 1388 Casyro.
498 1311 667 1373 Oram
699 1330 845 1392 quae
883 1316 1181 1390 praeiacet
1211 1314 1489 1372 minorum
1513 1314 1764 1388 Syrtium
1792 1314 1925 1372 vice
1958 1312 2192 1372 diximus

205 1398 562 1458 inaccessam
592 1413 814 1472 coeno,
861 1396 1179 1473 plurumum
1209 1396 1325 1456 limi
1363 1396 1758 1456 deferentibus
1792 1396 1966 1456 Brixa
2006 1406 2062 1456 et
2094 1396 2188 1456 Or-

202 1489 370 1540 tacea
403 1481 679 1558 amnibus,
722 1480 987 1540 madente
1023 1490 1081 1540 et
1109 1482 1235 1558 ipsa
1265 1480 1565 1554 Elymaide
1595 1482 1654 1538 in
1686 1488 1900 1540 tantum
1924 1490 1986 1538 nt
2008 1480 2240 1540 nunusu

205 1566 278 1624 sit
310 1566 417 1625 nisi
462 1566 699 1626 circuitu
735 1565 859 1624 eius
896 1564 967 1624 ad
997 1564 1231 1624 Persida
1263 1564 1467 1624 aditae.
1535 1564 1834 1624 infestatur
1868 1574 1926 1624 et
1958 1582 2186 1642 serpeu-

201 1646 353 1708 tibus
384 1667 530 1727 quos
575 1649 799 1710 flumina
838 1648 1163 1726 deportant.
1249 1666 1385 1724 pars
1419 1650 1541 1706 eius
1569 1666 1832 1708 maxume
1868 1650 2022 1708 invia
2052 1646 2186 1708 Cha-

203 1740 417 1791 racene
441 1743 695 1794 vocatur
728 1731 799 1793 ab
832 1732 1047 1811 oppido
1083 1730 1335 1792 Arabiae
1367 1732 1670 1792 claudente
1712 1750 1932 1808 regua,
1982 1732 2054 1790 de
2082 1750 2184 1810 quo

120 1815 490 1877 137dicemus
536 1818 802 1896 exposita
842 1818 1001 1895 prius
1045 1816 1119 1876 M.
1145 1816 1445 1894 Agrippae
1493 1818 1794 1876 sententia.
1860 1834 2106 1894 namque
2134 1816 2184 1887 ,is

203 1896 449 1959 Mediam
496 1909 554 1960 et
596 1901 879 1962 Parthiam
916 1910 975 1958 et
1016 1900 1313 1958 Persidem
1361 1898 1433 1958 ab
1479 1900 1702 1960 oriente
1742 1898 1920 1976 Indo,
1982 1900 2052 1960 ab
2096 1915 2240 1961 oc-at

205 1982 435 2042 cidente
480 1982 672 2061 Tigri,
717 2003 751 2046 a
802 1984 1199 2063 septentrione
1245 1982 1469 2058 Taum,
1517 1980 1818 2058 Caucaso,
1868 2002 1900 2042 a
1956 1984 2182 2042 meridie

203 2063 401 2138 Rubro
442 2070 584 2128 mari
621 2069 953 2128 terminatas
997 2076 1201 2144 patere
1233 2068 1287 2124 in
1323 2066 1734 2142 longitudinem
1766 2084 1906 2136 XIII.
1936 2066 2050 2126 XX
2076 2066 2180 2126 mil.

201 2167 398 2228 pass,
440 2152 497 2211 in
540 2152 911 2213 latitudinem
937 2148 1241 2210 DCCCXL
1288 2150 1559 2228 prodidit.
1626 2160 1938 2228 praeterea
1976 2170 2084 2230 per
2124 2166 2182 2208 se

201 2231 674 2314 Mesopotamiam
723 2235 795 2297 ab
846 2236 1071 2295 oriente
1115 2234 1305 2310 Tigri,
1363 2234 1433 2294 ab
1497 2250 1714 2294 occasu
1770 2234 2184 2314 Euphrate,'a

202 2321 599 2395 septentrione
633 2319 856 2394 Tauro,
902 2336 935 2379 a
975 2318 1215 2379 meridie
1263 2320 1403 2377 mari
1431 2310 1668 2381 Persico
1712 2320 2024 2395 inclusam,
2068 2318 2180 2379 lou·
2198 2338 2238 2379 τε

120 2406 223 2462 138
240 2402 493 2477 gitudine
528 2400 733 2463 DCCC
766 2402 884 2463 mil.
925 2421 1079 2481 pass.
1067 2447 1105 2477 .,
1149 2403 1447 2461 latitudine
1485 2399 1752 2461 CCCLX.
1826 2401 2056 2463 Charax
2088 2419 2182 2481 op

202 2483 391 2561 pidum
447 2486 665 2547 Persici
726 2488 881 2547 sinus
945 2489 1245 2561 intumum,
1313 2505 1345 2545 a
1407 2503 1521 2563 quo
1579 2485 1794 2547 Arabia
1860 2487 2184 2547 Eudaemon

203 2571 604 2645 cognominata
646 2570 929 2645 excurrit,
989 2569 1275 2631 habitatur
1315 2571 1373 2629 in
1427 2569 1581 2629 colle
1626 2588 1790 2629 manu
1846 2571 2004 2631 facto
2046 2571 2184 2629 inter

108 2655 110 2660 ’
203 2653 581 2730 confluentis,
611 2654 826 2716 dextra
868 2651 1113 2751 Tigrim,
1171 2653 1337 2713 laeva
1379 2653 1692 2729 Eulaeum,
1754 2653 1836 2713 III
1872 2655 1990 2715 mil.
2034 2669 2184 2733 pass

200 2732 458 2798 laxitate.
525 2738 813 2810 conditum
859 2747 949 2797 est
999 2739 1237 2815 primum
1282 2737 1353 2797 ab
1395 2737 1728 2797 Alexandro
1774 2737 2008 2815 Magno.
2094 2742 2242 2797 cu-'ao

200 2817 352 2879 lonis
384 2840 460 2881 ex
499 2820 645 2893 urbe
688 2822 852 2898 regia
894 2820 1111 2881 Durine
1147 2839 1295 2897 quae
1343 2830 1459 2879 tum
1503 2821 1714 2879 interiit
1744 2823 2012 2881 deductis
2052 2819 2182 2881 mili·
2259 2826 2264 2831 '

198 2908 433 2984 tumque
475 2904 763 2967 inutilibus
804 2904 883 2964 ibi
911 2905 1131 2963 relictis
1163 2905 1569 2965 Alexandriam
1612 2905 1900 2983 appellari
1932 2907 2184 2977 iusserat,

202 3002 527 3067 pagumque
586 2988 881 3048 Pellaeum
925 3007 957 3047 a
1011 2989 1197 3065 patria
1247 3007 1349 3047 sua
1403 3005 1573 3065 quem
1626 2991 1864 3065 proprie
1924 2987 2182 3051 Macedo-

121 3074 220 3128 139
234 3088 363 3129 uum
413 3072 654 3131 fecerat.
730 3071 955 3131 flumina
1013 3071 1069 3129 id
1137 3071 1411 3149 oppidum
1469 3079 1906 3149 expugnavere.
1996 3081 2186 3151 postea

204 3154 450 3212 restituit
492 3153 811 3213 Antiochus
856 3157 1081 3233 quintus
1127 3173 1329 3231 regum
1361 3163 1419 3213 et
1467 3173 1571 3213 suo
1612 3157 1844 3215 nomine
1879 3153 2248 3238 appellarit&

204 3234 523 3313 iterumque
565 3237 891 3297 infestatum
931 3239 1169 3297 Pasines
1211 3239 1614 3315 Saggonadaci
1658 3239 1842 3315 filius,
1887 3259 2000 3303 rex
2036 3239 2180 3311 ffi-

204 3333 424 3375 morum
462 3317 743 3395 Arabum,
790 3339 961 3397 quem
1005 3321 1145 3379 Iuba
1187 3331 1461 3399 satrapen
1499 3323 1770 3381 Antiochi
1822 3325 2008 3385 fuisse
2048 3316 2182 3391 saiw

204 3400 409 3477 tradit,
457 3403 739 3481 oppositis
767 3403 1013 3465 molibus
1035 3407 1281 3465 restituit
1307 3423 1630 3485 nomenque
1668 3413 1830 3469 suum
1855 3409 2014 3471 dedit
2048 3421 2180 3471 em·
