2320 3650
613 160 774 205 uxr.
803 117 985 205 nrsr.
1014 159 1109 206 x1.
1141 156 1385 232 37—339.
1421 144 1729 229 (ss—95.)
2058 146 2176 207 197

168 325 259 375 tur
289 313 514 388 hastae,
552 320 610 372 et
638 320 828 373 tamen
863 315 1144 391 quaedam
1173 315 1417 391 ingenio·
1439 315 1666 375 medica
1700 283 2015 391 diligentia.
2057 312 2176 372 ele·

169 398 508 478 phantorum
541 414 773 475 quoque
806 405 1043 474 tergora
1076 398 1513 477 inpenetrabilis
1547 408 1740 459 cetras
1770 398 2018 472 habent,
2052 414 2180 456 cum

165 493 357 543 tamen
389 482 636 540 omnium
673 480 1088 560 quadripedum
1134 482 1421 542 subtilitas
1462 484 1630 543 animi
1684 484 2002 561 praecipua
2045 498 2178 559 per-

166 566 436 628 hibeatur
466 565 603 624 illis.
642 582 786 641 ergo
821 568 967 625 cutis
997 567 1123 646 ipsa
1156 585 1331 627 sensu
1365 578 1547 643 caret,
1579 585 1843 632 maxume
1875 567 1930 624 in
1964 566 2176 646 capite.

117 663 143 704 5
168 651 516 727 ubicumque
548 666 658 727 per
691 666 758 707 se
788 667 857 709 ac
890 651 1015 710 sine
1049 667 1224 709 carne
1257 660 1348 710 est
1378 652 1680 712 volnerata
1714 668 1827 710 non
1861 650 2000 725 coit,
2034 658 2093 708 ut
2125 649 2180 707 in

165 735 354 794 bucca
388 733 665 810 cilioque.

293 817 463 895 (94.)
499 815 662 890 Quae
693 817 898 877 animal
928 818 1155 896 pariunt
1184 819 1338 897 pilos
1362 819 1596 894 habent,
1623 837 1773 898 quae
1799 834 1911 877 ova
1942 817 2144 894 pinnas
2160 823 2268 876 228

166 911 263 961 aut
295 911 562 979 squamas
595 909 692 960 aut
725 903 1005 962 corticem
1036 911 1097 961 ut
1128 904 1478 979 testudines,
1523 913 1618 962 aut
1658 920 1858 980 puram
1903 909 2089 959 cutem
2125 910 2182 958 ut

167 993 500 1064 serpentes.
594 985 897 1045 Pinnarum
941 986 1141 1046 caules
1190 987 1435 1045 omnium
1481 987 1625 1046 cavi.
1717 985 2024 1066 praecisae
2066 1000 2180 1042 non

37 1079 38 1098 ³
94 1098 145 1139 10
168 1077 463 1145 crescunt,
499 1069 741 1129 evolsae
772 1079 1171 1129 renascuntur.
1263 1070 1612 1130 Membranis
1650 1070 1849 1130 volant
1880 1067 2182 1145 fragilibus

37 1155 38 1162 ’
163 1155 425 1228 insecta,
471 1153 794 1234 umentibus
837 1153 1170 1213 hirundines
1211 1155 1268 1212 in
1298 1155 1469 1229 mari,
1515 1155 1690 1214 siccis
1721 1155 1869 1213 inter
1900 1161 2054 1212 tecta
2081 1170 2181 1211 ve-

164 1237 456 1317 spertilio.
530 1256 659 1297 nam
692 1238 895 1298 horum
938 1239 1066 1298 alae
1099 1255 1332 1316 quoque
1366 1238 1642 1297 articulos
1675 1238 1903 1297 habent.
1969 1236 2074 1297 Pili
2109 1254 2140 1295 a
2163 1246 2269 1299 229

164 1333 301 1384 cute
334 1330 549 1380 exeunt
583 1340 782 1381 crassa
812 1322 1228 1398 hirti,‘feminis
1259 1322 1588 1396 tenuioreS,
1622 1322 1789 1399 equis
1816 1324 1874 1380 in
1906 1320 2040 1379 iuba
2070 1321 2180 1379 lar-

161 1409 245 1486 gi,
279 1407 337 1465 in
369 1407 541 1466 armis
572 1405 752 1481 leoni,
781 1406 1065 1484 dasypodi
1089 1403 1155 1465 =et
1185 1408 1242 1465 in
1272 1404 1470 1464 buccis
1502 1407 1651 1463 intus
1683 1415 1742 1464 et
1773 1404 1879 1463 sub
1909 1403 2180 1484 pedibuS,

91 1515 143 1555 15
165 1508 319 1570 quae
351 1499 597 1568 utraque
631 1489 860 1567 Trogus
892 1499 950 1549 et
987 1491 1041 1548 in
1079 1491 1287 1568 lepore
1315 1489 1565 1565 tradidit,
1601 1488 1716 1547 hoc
1748 1488 2023 1566 exemplo
2055 1486 2181 1547 libi-

163 1575 496 1635 dinosiores
540 1575 1105 1652 hominumquoque
1149 1574 1332 1633 hirtos
1377 1573 1684 1651 colligens,
1777 1572 2183 1632 villosissimus

161 1658 489 1719 animalium
524 1658 713 1736 lepus.
785 1653 1062 1717 Pubescit
1093 1658 1266 1717 homo
1301 1658 1493 1731 soluS,
1543 1657 1697 1735 quod
1722 1652 1840 1715 ‘nisi
1877 1657 2136 1731 contigit,
2162 1664 2270 1716 230

162 1742 385 1802 sterilis
414 1743 472 1800 in
502 1741 798 1818 gignendo
834 1751 945 1817 est,
983 1761 1088 1803 seu
1117 1761 1242 1803 >mas
1273 1760 1378 1801 seu
1412 1742 1640 1801 femina.
1729 1741 1836 1801 Pili
1865 1741 1922 1799 in
1953 1740 2182 1800 homine

162 1829 375 1906 partim
420 1828 585 1887 simul
629 1828 836 1905 partim
880 1836 1087 1905 postea
1132 1830 1459 1906 gignuntur.
1543 1827 1599 1886 hi
1642 1827 1908 1886 castratis
1938 1843 2053 1885 non
2085 1842 2181 1884 na-

89 1932 142 1973 20
161 1920 424 1972 scuntur.
488 1913 782 1988 congeniti
812 1920 1002 1971 autem
1031 1929 1145 1971 non
1175 1913 1460 1986 desinunt,
1493 1913 1641 1979 sicut
1671 1929 1781 1970 nec
1808 1911 2034 1970 feminis
2066 1926 2182 1968 ma-

158 2013 282 2073 gno
314 2012 521 2072 opere.
555 1995 821 2056 inventae
844 2004 1033 2056 tamen
1060 1998 1343 2073 quaedam
1365 1995 1616 2055 defluvio
1644 1995 1855 2073 capitis
1873 1994 2181 2067 invalidae,

158 2088 221 2140 ut
255 2088 316 2139 et
349 2079 622 2155 lanugine
655 2081 795 2155 oris,
835 2097 961 2139 cum
992 2083 1270 2145 menstrui
1299 2098 1502 2139 cursus
1537 2088 1777 2139 stetere.
1842 2078 2183 2157 quibusdam

159 2173 299 2242 post
330 2164 513 2239 geniti
543 2165 682 2223 viris
716 2172 927 2242 sponte
967 2181 1081 2222 uon
1116 2165 1446 2240 gignuntur.
1524 2161 1971 2242 quadripedibus
2005 2161 2181 2241 pilum

161 2248 383 2308 cadere
420 2256 594 2325 atque
626 2248 896 2308 subnasci
933 2267 1174 2307 annuum
1209 2257 1315 2307 est.
1375 2246 1532 2306 Viris
1566 2255 1844 2306 crescunt
1878 2263 2143 2321 maxume
2165 2254 2268 2306 231

87 2340 139 2380 2⁵
157 2334 216 2392 in
252 2326 506 2410 capillo,
548 2349 685 2391 mox
714 2333 770 2391 in
799 2331 1003 2392 barba.
1065 2333 1240 2392 recisi
1280 2349 1393 2390 non
1439 2339 1496 2389 ut
1524 2331 1742 2390 herbae
1775 2348 1844 2388 ac
1880 2338 2077 2389 cetera
2110 2327 2180 2387 ab

159 2419 291 2496 ipsa
323 2417 581 2476 incisura
612 2426 917 2493 augentur,
954 2417 1058 2476 sed
1090 2415 1162 2476 ab
1190 2417 1389 2476 radice
1424 2423 1655 2485 exeunt.
1729 2423 2002 2472 crescunt
2038 2422 2096 2472 et
2126 2413 2184 2470 in

160 2500 511 2579 quibusdam
544 2500 784 2576 morbiS,
815 2518 1081 2560 maxume
1116 2500 1363 2579 phthisi,
1407 2508 1465 2558 et
1502 2501 1557 2558 in
1591 2506 1863 2573 senecta,
1896 2497 2184 2557 defunctis

158 2601 402 2662 quoque
449 2584 816 2662 corporibus,
882 2583 1206 2644 libidinosis
1248 2583 1542 2659 congeniti
1588 2583 1863 2642 maturius
1898 2581 2183 2655 defluunt,

126 2668 398 2745 adgnati
432 2668 687 2731 celerius
719 2677 1033 2728 crescunt.
1087 2667 1556 2746 Quadripedibus
1603 2674 1907 2726 senectute
1958 2683 2185 2724 crasse-

85 2768 138 2809 3ο
158 2761 332 2812 scunt
369 2750 658 2830 lanaeque
687 2761 1010 2812 rarescunt.
1072 2751 1488 2831 quadripedum
1513 2752 1684 2812 dorsa
1710 2751 1922 2829 pilosa,
1947 2758 2183 2808 ventres

154 2835 373 2912 glabri.
440 2836 613 2895 bourn
650 2838 826 2897 coriis
854 2837 1131 2913 glutinum
1171 2836 1535 2914 excoquitur,
1570 2846 1978 2912 taurorumque
2014 2850 2183 2913 prae-

156 2922 414 2999 cipuum.
503 2962 508 2966 -

290 3004 468 3085 (95.)
494 3002 794 3065 Mammas
813 3004 986 3064 homo
1020 3006 1181 3065 solus
1213 3024 1247 3064 e
1278 3004 1535 3064 maribus
1560 3004 1767 3078 habet,
1818 3010 2014 3062 cetera
2047 3002 2162 3061 ani·
2143 3009 2270 3063 23-2

154 3090 331 3149 malia
374 3106 742 3149 mammarum
789 3098 955 3148 notas
996 3099 1231 3150 tantum.
1322 3089 1428 3149 sed
1467 3107 1542 3148 ne
1584 3089 1831 3148 feminae
1866 3086 2094 3166 quidem
2128 3087 2187 3145 in

75 3192 135 3234 35
159 3182 415 3252 pectore
448 3174 558 3233 nisi
594 3191 745 3251 quae
769 3182 1017 3273 possunt
1046 3183 1246 3253 partus
1277 3189 1417 3232 suos
1449 3173 1742 3233 attollere.
1802 3188 1913 3231 ova
1942 3173 2183 3249 gignen-

153 3258 298 3316 tium
332 3257 498 3318 nulli.
564 3274 677 3318 nec
720 3256 815 3317 lac
858 3259 965 3316 nisi
997 3257 1205 3318 animal
1234 3259 1497 3335 parienti.
1561 3257 1863 3317 volucrum
1894 3257 2184 3334 vesperti-

154 3340 301 3400 lioni
332 3351 570 3402 tantum.
628 3340 955 3403 fabulosum
992 3343 1139 3402 enim
1174 3341 1426 3402 arbitror
1457 3341 1529 3401 de
1564 3341 1837 3420 strigibus
1870 3340 2050 3414 ubera
2083 3357 2185 3398 eas

152 3426 461 3486 infantium
492 3425 672 3487 labris
710 3426 1054 3503 inmulgere.
1142 3444 1279 3485 esse
1329 3427 1385 3484 in
1414 3425 1752 3537 maledictis
1791 3429 1902 3488 iam
1938 3424 2201 3501 antiquis

2204 3574 2208 3583 »
2240 3534 2282 3590 Δ
