2320 3650
459 75 472 78 Ἴ
533 47 695 123 ΝᾼΤ.
727 59 911 106 Hrs‘r.
942 58 1120 106 v1111.
1151 55 1393 110 56—62.
1430 3 1738 127 (88-88.)
2019 50 2137 112 119

111 220 387 298 piscator
429 217 698 293 enavigat
756 223 920 275 certo
984 215 1172 292 spatio
1214 214 1799 294 escamqueproicit.
1867 217 2141 297 quidquid

120 315 316 363 exeo
349 302 587 359 mittitur
621 308 899 378 suspecta
935 299 1090 358 fraus
1126 299 1382 376 praedae
1420 308 1540 374 est,
1597 319 1951 379 cavensque,
1987 304 2171 380 quoda

116 388 341 460 timuit,
391 402 526 454 cum.
561 384 616 442 id
660 402 844 462 saepe
867 383 1088 442 factum
1120 392 1243 459 est,
1290 401 1434 442 unus
1482 384 1789 463 aliquando
1833 396 2138 453 consuetu·

121 471 257 530 dine
294 470 566 529 invitatus
601 468 822 528 anthias
856 485 1051 527 escam
1087 468 1327 545 adpetit.
1394 477 1622 529 notatur
1650 468 1745 529 hic
1791 470 2106 530 intentione
2124 479 2224 533 181

70 554 389 631 sdiligenti
450 561 511 612 ut
580 561 786 612 auctor
854 554 986 629 spei
1045 552 1505 630 conciliatorque
1573 564 1869 633 capturae.
1950 573 2143 633 neque

117 649 208 697 est
252 637 534 711 difficile,
591 653 719 695 cum
762 654 871 714 per
911 636 1312 714 aliquotgdies
1359 635 1523 697 solus
1564 637 1854 698 accedere
1908 639 2137 700 audeat.

114 722 446 783 tandemet
491 720 717 799 aliquos
765 722 1011 795 invenit,
1047 720 1437 799 paulatimque
1477 724 1805 783 comitatior
1843 731 2141 801 postremo

113 825 344 883 greges
399 805 632 864 adducit
669 806 1032 879 innumeros,
1084 806 1192 865 iam
1236 807 1644 871 vetustissimis
1674 805 2002 885 quibusque
2044 806 2141 866 ad-

120 893 309 950 suetis
368 890 721 967 piscatorem
765 906 1094 964 agnoscere
1149 897 1208 948 et
1234 908 1268 947 e
1303 907 1471 949 manu
1507 889 1696 949 cibum
1729 908 1958 968 rapere.
2023 899 2143 948 tum

56 990 101 1033 ιο
125 973 498 1052 ille·paulum
527 972 673 1032 ultra
710 972 922 1049 digitos
955 975 1010 1031 in
1041 991 1182 1033 esca
1206 973 1489 1033 iaculatus
1514 974 1737 1037 hamum
1769 975 2029 1051 singulos
2061 976 2140 1032 in-

118 1059 284 1118 volat
332 1059 529 1115 verius
573 1074 741 1133 quam
791 1059 965 1135 capit,
1026 1055 1097 1116 ab
1142 1056 1341 1116 umbra
1387 1059 1550 1117 navis
1592 1058 1764 1118 brevi
1804 1067 2010 1119 conatu
2052 1076 2139 1117 ra·

117 1143 291 1220 piens
328 1143 406 1201 ita
445 1159 517 1200 ne
551 1142 734 1200 ceteri
767 1142 1036 1216 sentiant,
1092 1141 1208 1199 alio
1242 1142 1392 1216 intus
1428 1143 1760 1220 excipiente
1799 1141 2141 1202 centonibus

107 1235 383 1304 raptum,
431 1243 503 1282 ne
538 1225 842 1303 palpitatio
894 1224 1010 1284 ulla
1044 1233 1139 1284 aut
1173 1243 1352 1284 sonus
1386 1235 1620 1284 ceteros
1656 1227 1868 1303 abigat.
1912 1228 2225 1288 conci-182

121 1310 395 1369 liatorem
426 1326 605 1368 nosse
636 1310 707 1368 ad
736 1307 851 1368 hoc
881 1310 1146 1386 prodest,
1190 1328 1264 1368 ne
1303 1310 1582 1386 capiatur,
1604 1309 1870 1387 ,fugituro
1915 1311 1972 1369 in
2001 1311 2140 1370 reli-

57 1406 101 1448 15
121 1403 300 1471 quom
346 1410 555 1470 grege.
615 1389 1175 1453 ferunt'discordem
1222 1392 1445 1451 socium
1480 1393 1612 1453 duci
1653 1393 1975 1453 insidiatum
2015 1394 2140 1471 pul-

120 1479 257 1538 chre
308 1486 449 1537 noto
498 1478 731 1555 cepisse
775 1475 1038 1536 malefica
1079 1476 1378 1538 voluntate
1434 1477 1687 1553 agnitum
1723 1479 1779 1538 in
1832 1477 2081 1539 macello
2113 1496 2145 1536 a

117 1564 287 1630 socio
326 1562 489 1620 cuius
526 1562 731 1621 iniuria
760 1570 885 1620 erat
919 1569 980 1620 et
1010 1561 1198 1620 damni
1232 1560 1535 1619 formulam
1561 1561 1768 1621 editam
1795 1561 2138 1622 condemna·

115 1653 355 1725 tumque
380 1644 836 1705 additMutianus
855 1653 1174 1705 aestumata
1190 1644 1312 1704 lite.
1350 1643 1529 1705 Iidem
1545 1645 1793 1721 anthiae,
1823 1664 1950 1705 cum
1972 1663 2143 1705 unum

115 1729 282 1789 hamo
320 1730 510 1789 teneri
550 1730 828 1805 viderint,
873 1730 1054 1807 spinis
1096 1746 1238 1808 quas
1283 1730 1338 1788 in
1384 1729 1559 1790 dorso
1617 1739 1870 1789 serratas
1928 1728 2145 1789 habent

54 1814 313 1875 ²⁰liniam
333 1832 543 1873 secare
569 1813 864 1874 traduntur
900 1832 974 1873 eo
1008 1816 1105 1892 qui
1133 1823 1401 1874 teneatur
1425 1815 1776 1875 extendente
1802 1824 1863 1875 ut
1883 1813 2145 1894 praecidi

114 1901 324 1976 possit.
374 1908 432 1959 at
455 1900 604 1957 inter
625 1916 836 1974 sargos
858 1899 988 1976 ipse
1012 1901 1108 1977 qui
1132 1907 1365 1959 tenetur
1386 1900 1458 1960 ad
1471 1897 1751 1979 scopulos
1775 1900 1965 1960 liniam
1992 1902 2140 1960 terit.

214 1984 344 2044 60.
395 1982 567 2062 (86.)
612 1982 854 2042 Praeter
884 1983 1031 2043 haec
1065 1984 1260 2044 claros
1303 1985 1589 2062 sapientia
1633 1991 1906 2044 auctores
1934 1985 2106 2047 video
2123 1992 2225 2047 183

113 2068 306 2127 mirari
353 2067 582 2126 stellam
634 2068 689 2135 in
727 2067 885 2126 mari.
953 2085 1022 2127 ea
1050 2068 1237 2144 ligura
1273 2074 1383 2142 est,
1436 2086 1615 2145 parva
1662 2068 1965 2129 admodum
2002 2086 2139 2128 caro

113 2152 284 2227 intus,
333 2160 506 2210 extra
544 2147 784 2210 'duriore
830 2151 1003 2211 callo.
1069 2152 1205 2211 huic
1246 2162 1359 2210 tam
1404 2153 1637 2228 igneum
1671 2152 1969 2211 fervorem
2004 2170 2139 2211 esse

55 2236 351 2297 ²⁵tradunt
384 2244 448 2293 ut
482 2236 670 2314 omnia
700 2237 757 2294 in
786 2236 928 2294 mari
966 2244 1235 2296 contacta
1268 2234 1504 2312 adurat,
1537 2252 1763 2294 omnem
1797 2235 1988 2296 cibum
2022 2245 2137 2295 sta-
2194 2254 2209 2263 ·

112 2321 206 2379 tim
235 2329 511 2398 peragat.
574 2319 784 2397 quibus
812 2321 886 2378 sit
915 2320 1029 2379 hoc
1064 2322 1355 2397 cognitum
1401 2318 1816 2398 experimentis
1840 2316 1853 2322 “
1875 2320 2020 2380 baut
2056 2320 2139 2380 fa·

115 2403 224 2463 cile
254 2404 533 2479 dixerim,
594 2403 894 2502 multoque
930 2404 1370 2464 memorabilius
1395 2404 1640 2463 dixerim
1669 2405 1727 2463 id
1759 2406 1922 2465 cuius
1958 2422 2137 2482 expe-

112 2488 296 2547 riendi
330 2487 548 2558 cotidie
580 2489 819 2547 occasio
856 2497 964 2547 est.
1222 2526 1228 2531 -

236 2571 342 2632 61.
377 2570 511 2649 (87.
518 2571 559 2650 )
599 2571 963 2631 Concbarum
1002 2591 1034 2631 e
1057 2590 1281 2650 genere
1316 2582 1448 2632 sunt
1477 2572 1692 2647 dactyli
1725 2572 1796 2633 ab
1829 2570 2101 2632 humano-
2119 2580 2223 2634 184

54 2662 232 2715 torum
287 2656 569 2732 unguium
612 2656 980 2715 similimdine
1032 2657 1335 2735 appellati.
1395 2657 1484 2716 his
1526 2667 1727 2716 natura
1784 2658 1839 2715 in
1868 2655 2139 2715 tenebris

112 2749 340 2800 remoto
387 2740 599 2799 lumine
640 2741 757 2799 alio
794 2740 1026 2817 fulgere
1060 2742 1260 2817 claro,
1308 2750 1367 2800 et
1409 2725 1626 2840 quanto
1656 2741 1842 2817 magis
1880 2757 2140 2799 umorem

113 2822 364 2884 habeant
397 2823 601 2883 lucere
647 2825 706 2883 in
736 2840 842 2883 ore
874 2826 1294 2901 mandentium,
1343 2825 1545 2886 lucere
1580 2826 1638 2884 in
1673 2823 1935 2884 manibus
1965 2833 2140 2902 atque

112 2907 280 2967 etiam
323 2909 386 2967 in
439 2908 570 2968 solo
621 2926 691 2968 ac
738 2918 907 2980 veste
958 2871 1365 2970 decidentibus
1405 2911 1616 2986 guttiS,
1673 2918 1733 2967 ut
1779 2907 1987 2986 procul
2037 2907 2138 2967 du-

110 2987 204 3050 bio
226 2998 444 3070 pateat
463 2993 588 3052 suci
622 2992 778 3052 illam
810 3002 1068 3053 naturam
1117 3013 1254 3054 esse
1289 3011 1456 3072 quam
1500 2996 1839 3053 miraremur
1881 2993 2053 3053 etiam
2083 2993 2138 3050 in

54 3078 215 3134 “cor
259 3093 391 3135 ore.
1912 3114 1917 3119 -

216 3094 333 3221 ¹232.
373 3159 544 3238 (88.)
593 3161 738 3220 Sunt
769 3171 829 3221 et
866 3162 1283 3221 inimicitiarum
1316 3122 1491 3240 atque
1539 3161 1894 3222 concordiae
1931 3161 2221 3224 mira-185

115 3243 257 3303 cula.
333 3241 514 3320 Mugil
553 3252 614 3304 et
643 3244 815 3323 lupus
848 3254 1041 3304 mutuo
1073 3245 1210 3304 odio
1247 3247 1514 3323 flagrant,
1553 3261 1776 3324 conger
1806 3254 1866 3304 et
1901 3263 2138 3305 murena

114 3329 349 3388 caudam
392 3328 543 3387 inter
587 3346 653 3387 se
698 3330 1142 3408 praerudentes.
1205 3330 1488 3409 polypum
1532 3330 1590 3390 in
1643 3339 1859 3401 tantum
1905 3330 2132 3390 locusta

2188 3508 2264 3580 A
