2320 3650
571 95 732 143 NA‘r.
766 93 950 180 flisr.
982 93 1107 139 xn.
1143 87 1386 143 16—-217-
1427 75 1726 162 (35—40.)
2041 75 2159 139 221

165 254 332 314 cium.
358 252 421 312 id
443 251 600 329 quod
622 260 912 310 terrenum
930 256 1022 307 est
1045 245 1297 322 friabile,
1323 246 1612 306 facticium
1633 248 1869 308 lentum.
1901 244 1956 305 N
1959 264 2031 306 ec
2052 264 2168 311 non
2183 255 2251 311 76

164 338 427 400 fruticem
469 352 605 395 esse
658 334 853 396 dicunt
892 333 952 391 in
991 329 1292 391 Carmania
1337 340 1396 390 et
1446 349 1625 409 super
1671 329 2003 408 Aegyptum
2058 349 2166 410 per

163 420 529 484 Ptolemaeos
546 418 777 480 tralatis
801 416 1009 495 plantis
1032 425 1164 490 aut„
1196 424 1259 474 ut
1276 413 1408 490 alii,
1434 415 1838 492 degenerante
1856 415 1914 472 in
1933 414 1994 474 id
2023 416 2165 474 turis

164 504 405 577 arbore,
442 502 761 579 colligique
792 510 853 561 ut
883 500 1144 567 cummim
1174 500 1361 559 inciso
1396 502 1639 578 cortice,
1667 508 1726 575 et
1755 500 2003 575 caprinis
2037 499 2162 577 pel-

119 608 147 649 ιι
171 587 326 648 libus
352 586 568 663 excipi.
630 585 815 662 pretia
859 592 990 644 sunt
1020 581 1417 643 laudatissimo
1447 584 1504 642 in
1534 583 1715 645 libras
1747 599 1913 642 asses
1943 596 2162 644 XXXX.

163 671 518 733 adulteratur
560 670 730 742 myrti
774 667 937 732 bacis
983 676 1041 726 et
1089 667 1217 728 aliis
1248 667 1573 727 animalium
1602 665 1890 728 sordibus.
1953 667 2165 725 sinceri

163 755 309 816 odor
340 771 477 813 esse
518 752 694 813 debet
724 751 885 814 ferus
916 760 976 811 et
1009 751 1431 833 quodammodo
1467 752 1836 814 solitudinem
1864 748 2161 823 redolens,

162 840 348 916 ipsum
376 836 503 896 visu
528 836 765 914 aridum,
798 844 953 903 tactu
984 836 1176 894 statim
1195 835 1571 911 mollescere,
1599 852 1910 895 accensum
1934 832 2163 910 fulgere

165 922 347 992 odore
374 920 683 994 iucundo,
678 921 876 996 gravi.
944 928 1251 993 myrtatum
1280 919 1765 997 deprehenditur,
1801 917 2165 994 crepitatque

88 1022 148 1065 ιο
162 1023 221 1066 ιιι
248 1005 384 1082 ig'ni.
450 1013 758 1081 praeterea
790 1004 1019 1064 sincero
1050 1003 1263 1063 calculi
1293 1005 1488 1081 potius
1518 1022 1552 1063 e
1584 1003 1822 1117 rupibus
1866 1001 2167 1060 inhaerent

243 1107 331 1149 am
363 1088 573 1165 pulvis.

166 1108 243 1167 qu
287 1171 456 1250 (38.)
498 1171 564 1231 In
592 1170 809 1232 Arabia
828 1180 887 1230 et
919 1170 1052 1231 olea
1075 1169 1302 1231 dotatur
1332 1171 1601 1247 lacrima,
1636 1188 1748 1249 qua
1779 1165 2162 1231 medicamen·
2183 1178 2248 1233 77

162 1264 278 1316 tum
300 1255 601 1316 conficitur
632 1253 873 1314 Graecis
898 1255 1227 1315 enhaemon
1248 1256 1461 1315 dictum
1480 1254 1758 1332 singulari
1789 1255 2002 1319 effectu
2019 1274 2164 1314 con·

160 1339 453 1400 trahendis
490 1339 799 1399 volnerum
839 1339 1230 1399 cicatricibus.
1305 1340 1362 1397 in
1401 1339 1694 1398 maritimis
1739 1338 1851 1398 hae
1897 1339 2165 1399 fluctibus

90 1439 148 1481 1⁵
165 1432 445 1501 aestuque
482 1423 852 1500 operiuntur,
897 1441 1009 1482 nec
1038 1422 1223 1484 bacae
1254 1432 1530 1511 nocetur,
1565 1440 1695 1483 cum
1724 1431 1955 1483 constet
1987 1425 2043 1481 in
2074 1422 2162 1482 fo·

165 1506 256 1567 liis
292 1506 476 1568 salem
506 1507 773 1584 relinqui.

287 1590 448 1650 Haec
488 1600 621 1649 sunt
652 1590 971 1668 peculiaria
1001 1590 1289 1666 Arabiae,
1337 1571 1395 1649 et
1440 1608 1624 1669 pauca
1653 1599 1965 1669 praeterea
2012 1608 2164 1651 com·
2183 1599 2252 1655 78

161 1675 348 1738 munia
374 1673 515 1736 alibi
544 1657 821 1748 dicenda,
855 1676 1124 1753 quoniam
1154 1676 1215 1733 in
1242 1675 1312 1734 iis
1335 1675 1599 1734 vincitur.
1657 1676 2009 1753 peregrinos
2040 1676 2167 1753 ipsa

160 1758 309 1818 mire.
345 1758 562 1818 odores
609 1767 671 1818 et
710 1758 784 1818 ad
829 1768 1066 1819 exteros
1111 1759 1276 1838 petit.
1349 1768 1504 1819 tanta
1557 1760 1895 1820 mortalibus
1937 1777 2166 1818 suarum

84 1853 354 1902 aorerum
387 1844 564 1902 satias
597 1852 689 1903 est
720 1842 1155 1922 alienarumque
1199 1844 1461 1905 aviditas.
1532 1843 1699 1924 (39.)
1751 1854 1951 1922 petunt
1979 1845 2167 1921 -igitur

159 1928 218 1987 in
249 1924 863 2000 Elymaeosarborem
891 1928 1117 1988 bratum-
1144 1946 1425 2006 cupresso
1452 1928 1614 1988 fusae
1646 1929 1911 2003 similem,
1947 1927 2166 1989 exalbi-

162 2011 251 2069 dis
279 2011 485 2084 ramis‚
517 2011 747 2070 iucundi
778 2011 979 2071 odoris
1008 2029 1322 2071 accensam
1355 2021 1413 2071 et
1442 2031 1572 2072 cum
1599 2013 1877 2073 miraculo
1910 2012 2165 2071 historiis

162 2090 367 2163 Claudi
407 2091 679 2153 Caesaris
717 2095 1127 2172 praedicatam.
1204 2095 1345 2156 folia
1384 2097 1507 2155 eius
1535 2097 1886 2175 inspergere
1918 2096 2165 2174 potioni-

158 2175 542 2239 bus›Parthos
560 2176 751 2237 tradit.
804 2177 1048 2237 odorem
1075 2196 1210 2238 esse
1240 2195 1581 2256 proxumum
1606 2180 1807 2256 cedro,
1839 2180 2166 2259 fumumque

84 2261 289 2323 aseins
321 2270 522 2323 contra
568 2261 723 2338 ligna
764 2262 876 2322 alia
916 2261 1197 2321 remedio.
1256 2264 1512 2322 nascitur
1556 2263 1704 2323 ultra
1735 2263 2060 2340 Pasitigrim
2110 2264 2165 2322 in

156 2342 366 2404 finibus
394 2344 595 2422 oppidi
624 2346 869 2419 Scytrae
896 2346 953 2404 in
979 2355 1177 2413 monte
1206 2345 1523 2406 Scanchro.
1573 2346 1742 2427 (40.)
1778 2357 1979 2425 petunt
2010 2356 2065 2406 et
2108 2349 2165 2406 in
2183 2355 2252 2410 79

160 2425 476 2491 Carmanos
500 2427 771 2488 arborem
792 2428 1053 2491 stobrum
1075 2429 1147 2489 ad
1173 2429 1422 2505 suffitus,
1451 2429 1746 2508 perfusam
1773 2433 1908 2491 vino
1935 2430 2165 2510 palmeo

157 2511 572 2572 accendentes.
633 2512 798 2573 huius
830 2513 978 2573 odor
1004 2513 1154 2573 redit
1186 2531 1219 2573 a
1250 2514 1493 2574 camaris
1524 2514 1595 2574 ad
1623 2516 1844 2592 solum,
1884 2516 2164 2575 iucundus

158 2594 266 2654 sed
315 2595 640 2672 adgravans
676 2597 915 2673 capita,
961 2598 1104 2658 citra
1147 2598 1412 2658 dolorem
1459 2607 1670 2659 tamen.
1745 2599 1860 2659 hoc
1906 2616 2166 2659 somnum

80 2678 359 2754 maegris
397 2688 696 2757 quaerunt.
754 2679 856 2739 His
910 2682 1275 2741 commerciis
1323 2679 1503 2742 Carra
1533 2683 1806 2760 oppidum
1850 2690 2252 2762 aperuere,80

156 2762 318 2841 quod
350 2772 442 2822 est
471 2763 590 2825 illis
616 2763 1025 2826 nundinarium.
1085 2765 1217 2825 inde
1248 2764 1505 2825 Gabbam
1536 2783 1736 2828 omnes
1765 2777 1973 2846 petere
2006 2766 2162 2826 sole·

152 2845 297 2909 bant
326 2844 545 2913 dierum
576 2861 677 2909 XX
721 2848 926 2908 itinere
973 2858 1031 2908 et
1061 2848 1425 2911 Palaestinen
1457 2851 1700 2925 Syriam.
1773 2860 1983 2929 postea
2016 2848 2162 2910 cha·

152 2947 357 2991 racem
394 2928 516 3008 peti
558 2941 826 3009 coeptum
855 2950 927 2991 ac
954 2951 1135 3010 regna
1165 2933 1518 2997 Parthorum
1531 2952 1615 3001 ex
1646 2953 1716 2995 ea
1747 2948 1922 2994 causa
1960 2944 2164 2994 auctor

156 3021 252 3073 est
291 3012 450 3074 Iuba.
517 3016 679 3077 mihi
695 3015 765 3075 ad
809 3015 1018 3079 Persas
1061 3019 1231 3078 etiam
1264 3019 1422 3096 prius
1466 3020 1573 3083 ista
1605 3028 1876 3096 portasse
1906 3036 2076 3097 quam
2107 3019 2163 3077 in

75 3107 133 3151 as
154 3097 385 3179 Syriam
415 3108 510 3158 aut
538 3099 873 3177 Aegyptum
893 3100 1164 3160 videntur
1179 3100 1482 3161 Herodoto
1514 3110 1688 3178 teste,
1724 3104 1820 3181 qui
1849 3103 2020 3163 tradit
2048 3105 2178 3163 sin-

136 3178 293 3258 gula
315 3169 469 3242 milia
493 3183 763 3243 talentum
787 3202 972 3244 annua
993 3186 1133 3245 turis
1155 3187 1481 3262 pensitasse
1507 3186 1735 3246 Arabas
1766 3186 2002 3265 regibus
2025 3187 2160 3248 Per·

148 3282 367 3329 sarum.
426 3262 521 3325 Ex
551 3268 717 3340 Syria
741 3269 1022 3328 revehunt
1045 3277 1366 3346 styracem,
1402 3272 1521 3330 acri
1553 3268 1736 3333 odore
1772 3272 1894 3330 eius
1926 3272 1983 3331 in
2009 3271 2157 3332 focis
2174 3280 2242 3333 81

145 3345 460 3427 abigentes
493 3365 721 3409 suorum
753 3351 1058 3412 fastidium.
1116 3362 1317 3414 cetero
1346 3371 1460 3417 non
1490 3354 1600 3417 alia
1623 3365 1751 3415 sunt
1777 3356 1919 3433 ligni
1940 3372 2162 3434 genera
