2320 3650
520 101 1605 188 NAT.1118'1·.11.18-—-23.(16—21·)
2008 102 2086 168 81

128 271 313 333 decim
338 271 499 348 signa
526 272 899 351 triplicatum,
946 272 1003 331 in
1034 290 1145 350 qua
1179 272 1458 332 sententia
1491 280 1548 331 et
1578 270 1773 333 Gallus
1805 271 2094 350 Sulpicius

128 357 225 418 fuit
250 365 465 418 noster.

236 439 335 510 22.
363 438 494 517 (20.
500 440 529 519 )
555 437 675 499 Sed
701 435 1058 516 Pythagoras
1086 438 1367 498 interdum
1397 456 1472 497 ex
1500 439 1714 498 musica
1744 439 1965 499 ratione
1996 457 2093 518 ap·
2109 454 2179 510 84

130 524 300 603 pellat
332 532 527 582 tonum
556 530 820 600 quantum
851 522 999 581 absit
1027 540 1059 582 a
1090 529 1242 581 terra
1274 521 1424 596 luna,
1458 520 1529 581 ab
1563 539 1632 581 ea
1660 522 1732 582 ad
1754 521 2094 583 Mercurium

91 608 405 669 ⁵dimidium
438 608 562 666 eius
595 606 777 683 spati,
832 614 889 664 et
918 604 989 666 ab
1025 622 1097 666 eo
1131 605 1203 665 ad
1232 604 1480 665 Veneris
1510 605 1637 665 fere
1671 606 2029 683 tantundem,
2062 626 2095 666 a

124 710 231 771 quo
274 692 349 751 ad
396 690 582 750 solem
617 688 977 767 sescuplum,
1023 707 1055 749 a
1086 688 1214 747 sole
1257 689 1329 748 ad
1369 688 1607 749 Martem
1642 698 1864 765 tonum,
1907 690 1963 749 id
2006 699 2096 750 est

123 784 384 855 quantum
421 774 492 834 ad
527 773 711 832 lunam
748 791 781 831 a
810 782 998 848 terra,
1044 771 1115 833 ab
1150 789 1222 831 eo
1255 772 1325 832 ad
1354 771 1550 833 Iovem
1580 773 1901 846 dimidium,
1937 775 1994 832 et
2024 773 2094 833 ab

121 876 190 919 eo
229 859 304 919 ad
345 857 577 917 Saturni
620 855 935 932 dimidium,
982 864 1040 915 et
1078 856 1208 915 inde
1254 858 1586 933 sescuplum
1629 855 1700 916 ad
1740 857 2092 932 signiferum.

121 943 189 1002 ita
233 951 465 1021 septem
510 949 678 1015 tonos
723 940 927 1016 effici,
963 957 1129 1017 quam
1164 939 1441 1017 diapason
1483 941 1827 1001 harmoniam
1867 950 2094 1015 vocant,

68 1043 109 1085 ιο
125 1024 230 1086 boc
262 1033 355 1085 est
383 1024 813 1084 universitatem
846 1031 1179 1082 concentuS.
1231 1023 1287 1081 in
1331 1041 1400 1082 ea
1436 1025 1733 1083 Saturnum
1768 1024 1947 1083 Dorio
1977 1041 2095 1083 mo-

107 1110 239 1170 ·veri
271 1108 596 1188 phthongo,
630 1105 826 1168 Iovem
856 1106 1125 1182 Phrygio,
1160 1107 1304 1165 etin
1332 1107 1569 1185 reliquis
1600 1107 1821 1183 similia,
1857 1109 2098 1169 iucunda

120 1194 297 1270 magis
330 1210 502 1270 quam
532 1191 866 1249 necessaria
897 1189 1224 1249 subtilitate.

237 1275 339 1336 23.
388 1274 557 1354 (21.)
594 1273 846 1333 Stadium
882 1282 1107 1334 centum
1138 1274 1337 1349 viginti
1368 1274 1614 1352 quinque
1657 1284 1890 1334 nostros
1918 1276 2180 1344 efficit85

123 1377 357 1438 passuS,
410 1359 525 1417 hoc
552 1366 641 1417 est
673 1356 858 1435 pedes
881 1366 1194 1416 sexcentos
1224 1358 1420 1433 viginti
1444 1360 1714 1436 quinque.
1761 1358 2098 1420 Posidonius

65 1462 228 1503 1511011
259 1444 453 1504 minus
488 1442 857 1520 quadraginta
902 1440 1212 1499 stadiorum
1253 1459 1286 1499 a
1316 1450 1468 1501 terra
1498 1441 1845 1501 altitudinem
1881 1461 2013 1503 esse
2043 1444 2099 1501 in

122 1547 235 1608 qua
257 1526 460 1588 nubila
496 1544 565 1584 ac
596 1525 750 1583 venti
779 1524 1080 1602 nubesque
1116 1526 1486 1602 proveniant,
1532 1526 1663 1584 inde
1706 1543 1905 1603 purum
1935 1527 2097 1604 liqui-

121 1611 368 1690 dumque
399 1613 463 1668 'et
491 1608 919 1686 inperturbatae
949 1608 1095 1667 lucis
1128 1626 1296 1682 aera,
1353 1608 1460 1667 sed
1492 1627 1524 1668 a
1556 1608 1781 1668 turbido
1813 1609 1884 1668 ad
1915 1609 2098 1669 lunam

121 1696 343 1755 viciens
397 1701 623 1753 centum
655 1692 807 1751 milia
852 1692 1191 1767 stadiorum,
1235 1692 1368 1752 inde
1416 1692 1488 1753 ad
1531 1692 1715 1751 solem
1759 1694 2098 1772 quinquiens

120 1779 378 1854 miliens,
424 1786 482 1836 et
526 1777 711 1855 spatio
754 1775 880 1836 fieri
921 1784 1135 1836 ut²tam
1182 1778 1435 1836 inmensa
1471 1776 1593 1845 eius
1632 1778 1953 1855 magnitudo
1985 1795 2098 1838 uon

62 1872 323 1924 wexurat
379 1871 583 1921 terraS.
639 1860 819 1939 pluris
864 1868 1052 1919 autem
1091 1858 1257 1919 nubis
1305 1863 1610 1937 nongentis
1653 1863 1709 1919 in
1751 1862 2098 1922 altitudinem

119 1947 311 2006 subire
329 1945 744 2024 ·prodiderunt,
798 1943 1144 2021 Inconperta
1195 1944 1341 2004 haec
1391 1954 1447 2004 et
1490 1946 1935 2021 inextricabilia,
1993 1946 2098 2005 sed

123 2030 460 2108 prodenda,
514 2029 644 2107 quia
686 2036 812 2099 sunt
849 2027 1106 2105 prodita,
1153 2028 1209 2085 in
1250 2030 1378 2107 quis
1407 2037 1595 2089 tamen
1634 2049 1741 2089 una
1783 2032 1926 2090 ratio
1957 2047 2096 2108 geo-

120 2115 399 2173 metricae
434 2112 797 2171 collectionis
838 2130 1136 2190 numquam
1169 2111 1391 2172 fallacis
1435 2115 1615 2191 possit
1646 2131 1758 2173 non
1787 2114 2096 2192 repudiari,

122 2198 170 2256 si
210 2199 302 2257 cui
347 2196 533 2257 libeat
578 2196 743 2255 altius
784 2197 890 2255 ista
934 2196 1240 2272 persequi,
1286 2214 1397 2254 nec
1438 2205 1497 2255 ut
1535 2215 1799 2257 mensura
1834 2197 1921 2275 (id
1954 2198 2099 2256 enim

58 2279 276 2345 avelle
309 2298 505 2360 paene
537 2279 814 2338 dementis
847 2280 925 2338 oti
957 2280 1099 2357 est),
1136 2278 1240 2337 sed
1270 2288 1329 2338 ut
1355 2288 1563 2340 tantum
1596 2282 1928 2340 aestumatio
1963 2299 2096 2340 con-

121 2365 376 2426 iectandi
409 2372 635 2423 constet
670 2364 873 2422 animo.
929 2361 1071 2422 Nam
1103 2379 1229 2420 cum
1255 2366 1530 2423 trecentis
1558 2366 1856 2441 sexaginta
1888 2374 1943 2423 et
1972 2365 2097 2424 fere
2114 2365 2184 2422 86

121 2466 225 2510 sex
256 2447 524 2528 partibus
556 2446 713 2506 orbis
745 2447 886 2506 solis
916 2465 991 2506 ex
1026 2447 1262 2506 circuitu
1295 2449 1417 2506 eius
1448 2457 1646 2525 patere
1679 2449 1955 2527 adpareat
1988 2451 2095 2508 cir·

123 2533 317 2594 culum‘
338 2550 453 2610 per
485 2549 655 2609 quem
682 2540 862 2606 meat,
915 2547 1262 2608 semperque
1295 2530 1590 2590 dimetiens
1625 2535 1846 2592 tertiam
1879 2541 2097 2612 partem

122 2616 365 2685 ambitus
412 2624 478 2674 et
500 2615 702 2674 tertiae
745 2614 916 2692 paulo
960 2614 1141 2673 minus
1179 2623 1496 2693 septumam
1549 2614 1810 2692 colligat,
1858 2617 2098 2694 adparet

58 2699 358 2779 aodempta
410 2700 535 2758 eius
588 2698 811 2757 dimidia
864 2699 1158 2777 (quoniam
1211 2707 1364 2758 terra
1414 2699 1682 2757 centralis
1727 2701 2092 2778 interveniat)

123 2793 345 2844 sextam
386 2782 514 2841 fere
566 2790 784 2859 partem
824 2782 985 2841 huius
1028 2783 1266 2841 inmensi
1313 2783 1462 2860 spati
1506 2782 1659 2860 quod
1701 2784 1854 2843 circa
1888 2793 2095 2842 terram

124 2866 326 2927 circuli
358 2865 569 2926 solaris
600 2865 784 2925 animo
811 2865 1295 2945 conprehenditur
1323 2867 1518 2925 inesse
1549 2865 1853 2926 altitudinis
1887 2868 2093 2944 spatio,

121 2947 290 3010 lunae
332 2967 481 3010 vero
529 2948 958 3025 duodecimam,
1005 2951 1269 3029 quoniam
1310 2958 1463 3009 tanto
1498 2950 1769 3009 breviore
1810 2969 1977 3030 quam
2008 2951 2097 3011 sol

122 3032 340 3095 ambitu
369 3033 564 3093 currit.
618 3034 694 3092 ita
735 3032 861 3091 fieri
896 3051 1021 3093 eam
1051 3034 1105 3091 in
1135 3035 1323 3096 medio
1356 3033 1496 3093 solis
1529 3053 1597 3094 ac
1626 3041 1838 3094 ter1·.ae
1899 3034 2096 3095 Mirum
2109 3046 2180 3105 87

54 3126 239 3196 aquo
263 3114 571 3203 procedat
612 3116 927 3194 inprobitas
973 3117 1164 3177 cordis
1207 3117 1431 3177 humani
1463 3117 1704 3196 parvolo
1734 3119 1974 3199 aliquo·
1959 3122 2096 3180 invi-

122 3202 238 3260 tata
270 3217 587 3274 successu,
637 3201 783 3258 sicut
821 3201 879 3258 in
922 3218 1095 3278 supra
1136 3201 1303 3259 dictis
1339 3203 1705 3261 occasionem
1733 3203 2097 3282 inpudentiae·

119 3283 271 3351 ratio
303 3282 561 3359 largitur.
614 3283 848 3361 ausique
885 3283 1137 3343 divinare
1169 3283 1309 3343 solis
1336 3282 1410 3343 ad
1440 3294 1650 3344 terram
1678 3291 1867 3364 spatia
1898 3290 2097 3348 eadem

122 3365 196 3426 ad
226 3364 459 3427 caelum
487 3375 694 3442 agunt,
738 3367 1001 3445 quoniam
1032 3368 1103 3424 sit
1134 3366 1356 3426 medius
1385 3367 1506 3445 sol,
1536 3378 1596 3429 ut
1626 3373 1881 3448 protinus
1911 3371 2099 3430 mundi

286 3468 428 3507 pum
453 3453 832 3508 nAr.111s·r.I.
1660 3453 1697 3512 6
