2320 3650
604 93 763 139 ΝΑΤ.
797 92 977 140 ΗῙεΤ.
1011 94 1104 139 xr.
1137 89 1378 144 39—43.
1424 82 1723 164 (95—99.)
2034 82 2151 144 199

160 263 325 326 quam
359 247 671 324 captiuum,
705 263 780 304 ex
816 246 1018 308 eadem
1049 263 1316 305 mensura
1347 264 1533 325 paene
1565 249 1750 307 altero
1781 257 1959 309 tanto.
2005 236 2153 327 quae

159 330 338 409 pluris
386 330 678 408 quaternis
720 346 989 388 mammas
1031 329 1245 389 habent
1287 347 1465 390 caseo
1513 331 1760 405 inutilia,
1810 342 1868 391 et
1913 332 2153 394 meliora

160 430 306 491 quae
339 411 524 471 binas.
613 410 933 488 Congulum
972 411 1256 488 hinnulei,
1298 413 1551 491 leporis,
1600 413 1771 474 haedi
1806 415 2113 492 laudatum,
2136 424 2237 479 239

160 496 533 575 praecipuum
565 504 756 555 tamen
787 496 1121 573 dasypodis,
1154 497 1311 575 quod
1329 508 1387 557 et
1409 497 1695 574 profluvio
1726 497 1839 558 alvi
1869 500 2152 574 medetur,

118 581 321 639 sanius
352 581 633 657 utrimque
667 578 1048 638 dentatorum.
1133 579 1339 639 Mirum
1363 579 1640 642 barbaras
1667 582 1857 657 gentis
1892 600 2042 659 quae
2073 583 2154 642 la-

159 673 249 723 cte
288 664 484 738 vivant
522 662 794 738 ignorare
835 671 933 721 aut
977 680 1263 740 spernere
1304 673 1393 724 tot
1434 665 1686 724 saeculis
1737 666 1894 725 casei
1939 665 2153 742 dotem,

159 746 458 808 densantis
494 745 554 804 id
587 745 805 823 alioqui
848 746 904 804 iu
939 763 1172 805 acorem
1208 748 1517 810 iucundum
1540 757 1599 808 et
1627 748 1844 826 pingue
1871 747 2152 824 butyrum.

160 847 358 908 spuma
391 829 448 888 id
490 838 580 888 est
617 828 769 889 lacte
816 830 1143 889 concretior
1190 831 1516 909 lentiorque
1551 849 1725 909 quant
1766 830 1920 909 quod
1965 850 2155 891 serum

157 921 417 972 vocatur.
505 910 634 971 Non
671 912 1042 972 omittendum
1080 914 1138 972 in
1178 930 1250 973 eo
1297 915 1421 975 olei=
1455 916 1566 973 vim
1606 933 1741 974 esse
1785 925 1847 974 et
1876 914 2156 988 barbaros

90 997 342 1058 momnis
374 995 719 1073 infantisque
750 1004 983 1055 nostros
1009 997 1090 1056 ita
1116 998 1310 1074 ungui.

283 1077 389 1141 42.
421 1079 596 1157 (97.)
618 1078 771 1139 Laus
801 1097 979 1140 caseo
1007 1079 1248 1155 Romae,
1286 1081 1381 1140 ubi
1413 1082 1659 1141 omnium
1688 1084 1941 1158 gentium
1973 1080 2122 1140 bona
2136 1091 2241 1144 240

159 1163 478 1224 comminus
506 1163 843 1240 iudicantur,
877 1182 912 1221 e
940 1165 1253 1241 provinciis
1282 1163 1662 1224 Nemausensi
1692 1167 2029 1243 praecipua,
2048 1164 2153 1224 Le-

115 1277 131 1283 ·
159 1263 330 1306 surae
350 1245 723 1323 Gabalicique
747 1247 902 1323 pagi,
927 1247 1032 1306 sed
1063 1247 1258 1306 brevis
1283 1265 1352 1306 ac
1379 1257 1604 1307 musteo
1629 1256 1851 1307 tantum·
1867 1266 2154 1308 commen-

158 1331 336 1392 datio.
403 1328 630 1388 duobus
655 1329 843 1406 Alpes
872 1330 1185 1406 generibus
1228 1329 1439 1407 pabula
1466 1349 1570 1390 sua
1608 1330 1957 1408 adprobant:
2015 1332 2154 1391 Del-

90 1431 137 1471 16
158 1414 406 1474 maticae
445 1411 788 1472 Docleatem
842 1415 1092 1488 mittunt,
1153 1412 1538 1474 ceutronicae
1581 1413 1933 1474 Vatusicum.
2012 1434 2112 1475 nu·
2133 1424 2239 1479 241

155 1497 460 1557 merosier
479 1495 844 1574 Appennino.
937 1494 1230 1556 cebanum
1263 1497 1357 1556 hic
1388 1515 1421 1556 e
1455 1496 1683 1574 Liguria
1724 1500 1921 1573 mittit,
1966 1499 2158 1558 ouium

155 1597 474 1639 maxumee
496 1578 651 1639 lacte
670 1581 1022 1648 sassinatem
1057 1599 1133 1640 ex
1160 1577 1424 1654 Umbria,
1452 1581 1750 1660 mixtoque
1780 1581 2046 1642 Etruriae
2074 1592 2155 1641 at-

159 1682 274 1741 que
317 1661 584 1738 Liguriae
628 1663 876 1722 confinio
916 1662 1258 1724 Luniensem
1314 1664 1698 1740 magnitudine
1758 1666 2154 1743 conspicuum,

158 1747 378 1824 quippe
416 1753 474 1805 et
502 1746 573 1805 ad
601 1746 830 1823 singula
855 1747 1007 1807 milia
1046 1748 1243 1825 ponde
1271 1750 1570 1828 premitur,
1601 1758 2161 1828 proxumumwautem

88 1831 288 1892 wurbi
311 1829 633 1904 Vestinum,
670 1846 913 1908 eumque
946 1850 978 1890 e
1013 1831 1523 1915 Caediciolca‘mpo
1560 1834 2026 1895 laudatissimum.
2084 1832 2191 1894 Et2

159 1930 464 1991 caprarum
493 1914 768 1990 gregibus
812 1915 1068 1987 sua-,laus
1098 1926 1224 1991 est,
1266 1918 1321 1976 iu
1349 1919 1570 1977 recenti
1601 1936 1862 1978 maxume
1908 1927 2158 1995 augente

155 1999 404 2074 gratiam
439 1996 596 2057 fumo
617 2041 634 2072 ,
682 1997 865 2074 qualis
894 2000 950 2056 in
988 2000 1113 2077 ipsa
1155 1999 1298 2060 urbe
1332 2002 1633 2060 coniicitur
1673 2003 1895 2065 cunctis
1925 2002 2156 2080 praefe-

155 2081 394 2140 rendus.
485 2099 610 2140 nam
653 2079 962 2140 Galliarum
1019 2101 1254 2160 semper
1308 2084 1708 2160 medicamenti
1759 2087 1877 2145 vinu
1914 2087 2153 2162 optinet,

157 2173 317 2223 trans
348 2165 525 2223 maria
554 2180 697 2223 vero
725 2163 1004 2239 Bithynus
1030 2166 1156 2225 fere
1185 2167 1249 2224 in
1273 2167 1465 2242 gloria
1491 2176 1600 2227 est.
1658 2167 1861 2233 Inesse
1893 2167 2117 2245 pabulis
2138 2176 2241 2228 242

82 2263 130 2303 25
155 2247 377 2321 salem,
410 2249 581 2306 etiam
614 2247 708 2314 ubi
741 2265 856 2306 non
883 2248 1140 2323 videtur,
1174 2251 1252 2308 ita
1281 2268 1545 2310 maxume
1578 2250 1965 2327 intellegitur,
2008 2253 2157 2311 omni

155 2332 212 2389 in
244 2329 429 2389 salem
459 2347 636 2389 caseo
669 2341 1040 2407 senescente,
1072 2332 1257 2409 qualis
1281 2330 1474 2392 redire
1496 2335 1552 2391 in
1579 2343 1863 2393 musteum
1886 2350 2157 2412 saporem

157 2424 333 2475 aceto
368 2423 428 2472 et
458 2414 651 2488 thymo
693 2424 1017 2474 maceratos
1061 2426 1280 2476 certum
1327 2425 1434 2476 est.
1511 2416 1761 2478 Tradunt
1805 2417 2156 2478 Zoroastren

155 2499 213 2555 in
237 2497 490 2556 desertis
523 2513 699 2556 caseo
723 2499 938 2558 vixisse
969 2501 1132 2562 anuis
1156 2519 1238 2559 xx
1266 2500 1345 2559 ita
1371 2509 1693 2578 temperato
1726 2510 1784 2561 ut
1815 2504 2155 2563 vetustatem

154 2598 273 2639 non
304 2581 562 2639 sentiret.
787 2605 792 2610 ·
1986 2638 1991 2643 .

86 2671 138 2710 3⁰
277 2663 382 2724 43.
430 2662 597 2742 (98.)
643 2663 1025 2725 Terrestrium
1058 2666 1417 2729 solus.homo
1450 2667 1637 2746 bipes.
1704 2670 1799 2731 uni
1840 2668 2111 2745 iugulum,
2137 2679 2242 2733 243

157 2748 389 2821 umeri,⁸
420 2750 633 2806 ceteris
680 2751 857 2823 armi,
908 2751 1001 2808 uni
1041 2750 1234 2809 ulnae.
1338 2750 1558 2824 Quibus
1603 2752 1920 2811 animalium
1960 2769 2156 2811 manus

155 2839 309 2905 sunt,
343 2831 496 2889 intus
524 2840 733 2891 tautum
768 2843 1269 2915 carnosaenextra
1296 2835 1488 2896 nervis
1522 2843 1582 2894 et
1613 2844 1743 2895 cute
1775 2843 2087 2905 constant.x

279 2913 453 2991 (99.)
486 2911 664 2991 Digiti
695 2915 1030 2992 quibusdam
1072 2918 1131 2976 iu
1172 2917 1432 2978 manibus
1469 2920 1611 2978 seni.
1689 2917 1764 2979 M.
1801 2916 2011 2977 Corani
2042 2937 2118 2976 ex
2137 2928 2241 2981 244

152 2996 401 3074 patricia
422 3006 597 3074 geute
622 2999 767 3059 filias
798 3001 939 3059 duas
970 2999 1046 3059 ob
1076 3002 1132 3061 id
1157 3002 1447 3080 Sedigitas
1469 3002 1791 3080 accipimus
1808 3000 2157 3079 appellatas,

84 3089 134 3129 ³5
156 3088 216 3138 et
244 3079 576 3145 Volcatium
610 3083 927 3160 Sedigitum
957 3084 1256 3144 inlustrem
1295 3088 1355 3144 in
1379 3088 1630 3165 poetica.
1706 3085 1962 3146 Hominis
1993 3085 2157 3162 digiti

151 3171 358 3223 ternos
390 3164 665 3224 articulos
695 3165 928 3241 habeut,
966 3167 1168 3244 pollex
1197 3168 1387 3245 binos,
1420 3179 1480 3228 et
1506 3170 1696 3246 digitis
1728 3173 2008 3230 adv-ersus
2036 3171 2155 3229 uni-

149 3248 344 3306 versis
383 3246 662 3324 flectitur,
709 3267 817 3327 per
845 3269 910 3308 se
941 3267 1082 3311 vero
1116 3252 1175 3311 in
1211 3252 1463 3311 oblicum
1506 3255 1863 3331 porrigitur,
1903 3254 2157 3314 crassior
2203 3299 2211 3307 .

151 3332 393 3391 ceteriS.
438 3331 569 3391 huic
600 3333 876 3393 minumus
905 3351 1172 3395 mensura
1201 3353 1323 3414 par,
1356 3353 1425 3395 ac
1459 3337 1572 3396 duo
1604 3338 1814 3418 reliqui
1845 3337 1976 3414 sihi,
2008 3338 2155 3397 inter

2200 3536 2270 3578 A
