2320 3650
617 100 780 148 NAT.
810 99 990 148 ms'r.
1023 100 1123 147 111.
1160 98 1213 149 5.
1250 86 1508 170 (9—10.)
2004 88 2118 149 137

123 255 507 334 exspatiantia
550 262 706 313 tecta
743 253 949 312 multas
994 252 1273 313 addidere
1316 253 1494 312 urbis.
1556 253 1619 313 In
1654 255 1833 332 prima
1876 255 2203 329 regiones&

123 349 433 418 praeterea
482 336 650 396 fuere
696 338 754 395 in
797 336 957 395 Latio
1005 337 1163 396 clara
1216 337 1431 414 oppida
1473 338 1787 410 Satricum,
1840 336 2117 413 Pometia,

125 424 389 500 Scaptia,
427 421 794 494 Politorium,
828 419 1105 493 Tellena,
1142 420 1358 494 Tifata,
1392 419 1679 493 Caenina,
1712 419 1943 494 Ficana,
1979 417 2118 480 Cru-

127 507 488 580 stumerium,
535 503 867 577 Ameriola,
910 502 1254 578 Medullum,
1302 501 1994 577 Corniculum,.Saturnia
2026 503 2122 563 ubi

88 608 264 654 suune
295 588 484 647 Roma
521 597 640 661 est,
685 586 975 664 Antipolis
1007 588 1160 664 quod
1197 605 1344 646 nunc
1376 586 1687 647 Ianiculum
1719 587 1774 644 in
1808 595 1971 663 parte
2004 586 2119 646 Ro·

120 692 263 748 mae,
283 672 637 743 Antemnae,
660 669 1000 744 Camerium,
1025 668 1292 745 Collatia,
1306 670 1635 746 Amitinum,
1655 668 1881 743 Norbe,
1901 669 2119 743 Sulmo,

122 767 177 818 et
214 775 344 815 cum
390 756 484 814 his
533 771 767 813 carnem
808 754 865 811 in
901 761 1095 813 monte
1130 753 1359 813 Albano
1407 754 1561 814 soliti
1608 754 1879 830 accipere
1924 754 2205 829 populi69

119 840 449 912 Albenses,
482 837 730 912 Albani,
763 835 1073 910 Aesulani,
1110 836 1468 913 Accienses,
1502 837 1785 910 Abolani,
1821 835 2121 910 Bubetani,

120 923 349 998 Bolani,
386 920 736 995 Cusuetani,
774 916 1095 994 Coriolani,
1130 919 1474 996 Fidenates,
1506 920 1745 995 Foretii,
1778 920 2119 994 Hortenses,

59 1025 108 1068 ιο
122 1003 517 1080 LatinienteS,
570 1002 918 1081 Longulani,
952 1002 1245 1078 Manates,
1280 1004 1600 1079 MacraleS,
1634 1003 2120 1077 Mutucumenses,

120 1090 483 1164 MunienseS,
516 1089 951 1163 Numinienses,
987 1084 1311 1163 Olliculani,
1347 1086 1630 1163 Octulani,
1663 1086 1895 1161 Pedani,
1930 1086 2121 1147 Pollu·

120 1176 283 1249 scini,
319 1173 802 1250 Querquetulani,
830 1172 1043 1247 Sicani,
1071 1171 1425 1245 Sisolenses,
1459 1170 1856 1246 Tolerienses,
1891 1171 2120 1230 Tutien-

123 1276 237 1333 seS,
269 1256 665 1329 Vimitellarii,
697 1255 1041 1329 Velienses,
1074 1253 1452 1329 Venetulani,
1483 1255 1861 1314 Vitellenses.
1928 1254 2010 1316 Ita
2046 1272 2121 1314 ex
2138 1262 2207 1317 'lo

122 1344 351 1419 antiquo
375 1339 543 1400 Latio
565 1337 692 1397 LIII
715 1338 913 1416 populi
944 1340 1218 1397 interiere
1250 1340 1374 1398 sine
1403 1340 1688 1415 vestigiis.
1742 1338 1805 1397 In
1828 1336 2118 1416 Campano

59 1447 106 1490 ιε
122 1434 304 1485 autem
341 1440 492 1499 agro
527 1421 760 1481 Stabiae
805 1422 1077 1499 oppidum
1115 1421 1283 1481 fuere
1328 1440 1508 1500 usque
1545 1423 1616 1482 ad
1649 1419 1752 1479 Cn.
1787 1420 2121 1499 Pompeium

124 1517 181 1569 et
207 1508 265 1567 L.
301 1506 589 1566 Catonem
618 1505 911 1579 consuleS,
945 1505 1128 1582 pridie
1158 1505 1391 1565 kalend.
1429 1505 1563 1580 Mai,
1598 1522 1711 1583 quo
1748 1504 1841 1564 die
1872 1504 1932 1563 L.
1961 1505 2121 1564 Sulla

120 1592 348 1668 legatus
398 1589 564 1648 bello
612 1588 815 1647 sociali
860 1588 917 1648 id
952 1588 1205 1663 delevit,
1256 1589 1410 1666 quod
1447 1607 1596 1648 nunc
1642 1590 1698 1647 in
1737 1587 1930 1647 villam
1961 1586 2119 1647 abiit.

118 1673 423 1735 Intercidit
452 1672 535 1731 ibi
577 1669 637 1731 et
675 1672 981 1732 Taurania.
1028 1682 1156 1731 sunt
1195 1674 1509 1731 morientes
1545 1670 1781 1731 Casilini
1817 1671 2120 1749 reliquiae.

119 1757 439 1818 Praeterea
473 1764 677 1814 auctor
719 1764 809 1814 est
841 1754 1041 1815 Antias
1077 1748 1351 1834 oppidum
1392 1755 1715 1815 Latinorum
1748 1755 1991 1834 Apiolas
2027 1772 2122 1815 ca-

55 1852 272 1920 mptum
309 1838 445 1901 a·L.
484 1839 794 1918 Tarquinio
824 1858 992 1917 rege,
1027 1859 1102 1899 ex
1134 1841 1296 1899 cuius
1325 1841 1545 1918 praeda
1577 1837 1921 1918 Capitolium
1955 1841 2005 1898 is
2039 1840 2121 1897 in-

122 1925 445 1987 choaverit.
509 1922 563 1982 A
592 1925 869 1983 Surrento
912 1925 982 1983 ad
1014 1924 1261 1983 Silarum
1284 1938 1517 1983 ¹amnem
1547 1922 1776 2001 triginta
1806 1924 1960 1984 milia
1990 1940 2120 2001 pas-

121 2028 277 2068 suum
310 2024 465 2084 ager
487 2006 813 2066 Picentinus
841 2008 942 2067 fuit
963 2006 1318 2082 Tuscorum,
1352 2007 1568 2086 t'emplo
1604 2007 1832 2067 Iunonis
1864 2007 2121 2083 Argivae

119 2092 189 2153 ab
218 2093 440 2153 Iasone
475 2090 706 2150 condito
740 2091 997 2167 insignis·
1053 2092 1201 2150 intus
1232 2092 1504 2168 oppidum
1539 2091 1785 2164 Salerni,
1819 2090 2090 2149 Picentia.

242 2175 421 2253 (10.)
464 2173 519 2232 A
561 2174 749 2234 Silaro
783 2175 951 2251 regio
985 2176 1153 2233 tertia
1203 2183 1262 2234 et
1299 2193 1442 2252 ager
1470 2175 1730 2234 Lucanus
1759 2175 2119 2251 Bruttiusque
2139 2182 2203 2237 71

59 2261 359 2337 aincipit,
411 2275 523 2316 nec
570 2256 650 2316 ibi
698 2275 828 2317 rara
871 2257 1188 2317 incolarum
1230 2260 1559 2318 mutatione.
1623 2257 1952 2316 'renuerunt
1997 2275 2122 2316 eam

120 2342 392 2418 Pelasgi,
426 2338 719 2415 Oenotrii,
753 2341 910 2417 Itali,
944 2340 1276 2417 Morgetes,
1314 2342 1515 2416 Siculi,
1551 2340 1830 2401 Graeciae
1860 2358 2121 2400 maxume

119 2427 358 2504 populi,
399 2424 709 2483 novissime
741 2424 954 2485 Lucani
985 2444 1016 2483 a
1049 2425 1393 2484 Samnitibus
1424 2427 1531 2485 orti
1565 2424 1941 2485 duce‘Lucio.
2006 2422 2121 2501 op-

118 2510 314 2587 pidum
346 2507 616 2567 Paestum
650 2505 889 2567 Graecis
924 2506 1242 2568 Posidonia
1265 2509 1615 2588 appellatum
1635 2553 1651 2584 ,
1698 2510 1853 2568 sinus
1886 2507 2119 2567 Paesta-

118 2610 258 2668 nus,
309 2591 588 2669 oppidum
623 2589 768 2651 Elea
810 2610 958 2669 quae
993 2609 1141 2651 nunc
1174 2591 1364 2666 Velia,
1422 2593 1868 2670 promontorium
1900 2591 2121 2651 Palinu-

57 2694 277 2751 aorum,
329 2693 365 2734 a
409 2691 523 2751 quo
557 2675 681 2733 sinu
710 2675 1029 2734 recedente
1061 2677 1336 2734 traiectus
1367 2677 1439 2736 ad
1476 2672 1809 2736 Columnam
1839 2675 2122 2751 Rhegiam

123 2768 353 2818 centum
389 2757 446 2816 M
475 2775 630 2834 pass.
692 2756 1033 2817 Proxu’mum
1065 2767 1255 2818 autem
1288 2759 1418 2818 huic
1466 2759 1673 2818 flumen
1703 2758 1967 2835 Melpes,
2021 2762 2205 2836 op·72

122 2844 316 2920 pidum
347 2841 697 2916 Buxentum,
736 2841 1016 2902 Graeciae
1049 2841 1275 2918 Pyxus,
1309 2841 1457 2901 Laus
1488 2844 1685 2902 amniS.
1731 2842 1834 2901 fuit
1869 2850 1928 2900 et
1958 2843 2121 2919 oppi-

121 2926 251 2985 dum
285 2925 497 2985 eodem
531 2926 778 2984 nomine.
839 2924 931 2984 Ab
965 2943 1037 2985 eo
1067 2925 1343 2985 Bruttium
1374 2925 1536 3001 litus,
1576 2925 1847 3004 oppidum
1878 2923 2119 2999 Blanda,

119 3009 333 3069 flumen
363 3008 596 3083 Batum,
648 3016 849 3085 portus
896 3007 1234 3068 Parthenius
1277 3006 1693 3083 Phocensium,
1746 3009 1900 3066 sinus
1941 3007 2119 3068 Vibo-

53 3096 340 3168 aenensis,
378 3092 547 3151 locus
580 3088 958 3169 Clampetiae,
993 3094 1266 3170 oppidum
1299 3091 1508 3152 Temsa
1539 3110 1569 3152 a
1601 3092 1839 3153 Graecis
1871 3091 2120 3152 Temese

120 3177 336 3236 dictum
382 3185 442 3234 et
480 3172 943 3234 Crotoniensium
977 3175 1187 3234 Terina
1231 3176 1503 3253 sinusque
1542 3177 1747 3252 ingens
1779 3175 2115 3235 Terinaeus.

121 3260 396 3337 oppidum
421 3256 737 3318 Consentia
761 3259 927 3317 intus.
979 3258 1042 3318 In
1067 3258 1367 3337 peninsula
1395 3259 1598 3318 fluvius
1622 3259 1918 3334 Acheron,
1952 3278 1983 3318 a
2008 3276 2122 3336 quo
2136 3265 2203 3321 73

120 3342 393 3422 oppidani
414 3341 817 3403 Acherontini.
869 3341 1086 3421 Hippo,
1119 3341 1276 3420 quod
1305 3359 1454 3401 nunc
1481 3342 1769 3402 Vibonem
1798 3342 2119 3402 Valentiam

2202 3504 2242 3538 A
