2320 3650
123 57 241 120 132
873 70 932 118 0.
966 71 1157 119 emm
1198 69 1494 118 saccum

117 233 344 288 meante
375 222 662 299 Rhegium
692 223 963 301 oppidum
998 225 1055 282 in
1083 239 1284 284 umero
1319 225 1444 285 eius
1475 225 1677 298 situm,
1722 241 1757 283 a
1784 241 1905 302 quo
1928 224 2125 285 veluti

119 309 368 367 cervicis
402 308 599 384 incipit
630 306 849 381 flexus,
903 308 1143 367 deciens
1187 317 1432 367 centena
1480 316 1537 366 et
1565 307 1766 384 viginti
1794 307 1953 367 milia
1990 327 2124 386 pas·

120 409 310 466 suum,
356 390 650 468 multoque
700 351 944 467 amplior
971 409 1243 451 mensura
1273 392 1442 451 fieret
1475 389 1763 450 Lacinium
1791 409 2021 469 usque,
2068 392 2126 450 ni

32 474 243 539 44ta11s
275 472 585 551 obliquitas
619 476 672 532 in
705 474 849 534 latus
883 474 1109 551 digredi
1137 475 1453 534 videretur.
1506 472 1768 533 Latitudo
1802 475 1931 534 eius
1964 476 2126 535 varia

118 567 224 616 est.
282 553 542 616 CCCCX
562 558 774 616 milium
799 559 948 616 inter
985 558 1097 617 duo
1128 560 1307 617 maria
1345 557 1586 616 inferum
1614 566 1673 617 et
1696 575 1972 635 superum
2007 576 2122 618 am·
2146 587 2172 626 5

115 642 318 719 nisque
349 640 559 699 Varum
591 650 762 718 atque
789 640 1034 700 Arsiam.
1081 642 1270 700 media
1302 650 1490 700 autem
1521 640 1704 700 ferme
1732 642 1891 701 circa
1919 641 2123 701 urbem

115 724 351 783 Romam
385 723 456 784 ab
490 725 640 783 ostio
679 724 878 783 Aterni
916 726 1094 784 amnis
1124 726 1181 783 in
1215 724 1602 784 Hadriaticum
1637 742 1797 784 mare
1833 725 2124 785 influentis

115 809 186 868 ad
223 807 492 868 Tiberina
537 809 682 867 ostia
716 806 1043 882 CXXXVI,
1093 817 1151 867 et
1197 807 1370 886 paulo
1419 808 1603 867 minus
1645 825 1678 867 a
1712 805 1922 868 Castro
1969 824 2121 868 novo

114 890 424 951 Hadriatici
455 892 628 949 maris
652 891 873 950 Alsium
905 891 977 951 ad
1000 891 1249 951 Tuscum
1279 908 1522 969 aequor,
1556 890 1706 950 haud
1739 891 1860 950 ullo
1892 894 1954 950 in
1986 892 2121 952 loco

117 973 214 1034 CC
247 974 614 1034 latitudinem·
644 975 961 1034 excedens.
1027 976 1333 1035 universae
1381 983 1571 1034 autem
1617 974 1864 1033 ambitus
1895 994 1931 1035 a
1959 974 2119 1036 Varo
2144 999 2195 1041 ιο

30 1066 97 1118 45
116 1058 187 1118 ad
231 1056 457 1116 Arsiam
481 1058 642 1126 ,Χ-Χι.
698 1056 902 1117 XLVII
943 1059 1096 1118 milia
1140 1075 1412 1136 passuum
1442 1058 1641 1118 efficit.
1706 1055 1897 1117 Abest
1933 1077 1967 1118 a
2013 1060 2121 1118 cir-

118 1140 393 1199 cumdatis
427 1144 598 1199 terris
642 1140 854 1200 Histria
896 1159 965 1199 ac
995 1141 1263 1201 Liburnia
1315 1141 1656 1218 quibusdam
1687 1140 1839 1200 locis
1874 1151 2121 1203 centena

114 1223 172 1282 M
197 1240 374 1300 pass,
409 1223 479 1281 ab
504 1223 686 1302 Epiro
712 1234 768 1283 et
792 1225 1027 1299 Illyrico
1053 1224 1116 1299 L,
1152 1224 1226 1284 ab
1251 1224 1450 1284 Africa
1473 1226 1654 1284 minus
1680 1221 1799 1300 CC,
1835 1234 1895 1284 ut
1918 1235 2123 1286 auctor

118 1316 205 1365 est
235 1305 309 1365 M.
342 1306 552 1382 Varro,
587 1307 658 1366 ab
696 1307 954 1367 Sardinia
981 1305 1139 1367 CXX
1162 1307 1252 1383 M,
1285 1307 1358 1367 ab
1387 1308 1584 1367 Sicilia
1612 1306 1721 1366 MD
1741 1352 1758 1382 ,
1796 1326 1828 1367 a
1856 1305 2122 1384 Corcyra

113 1392 295 1449 minus
325 1388 553 1466 LXXX,
586 1390 657 1450 ab
693 1391 815 1450 Issa
846 1390 908 1450 L.
973 1391 1196 1450 Incedit
1228 1409 1337 1469 per
1370 1393 1546 1450 maria
1584 1391 1732 1450 caeli
1768 1393 2017 1468 regione
2051 1393 2120 1452 ad
2147 1414 2197 1456 15

115 1474 412 1534 meridiem
438 1475 701 1552 quidem,
739 1474 880 1548 sed,
931 1475 979 1533 si
1009 1477 1134 1552 quis
1170 1474 1226 1533 id
1260 1474 1521 1551 diligenti
1549 1474 1865 1534 subtilitate
1900 1477 2121 1552 exigat,
2209 1487 2217 1493 “

29 1565 97 1619 46
116 1560 262 1616 mter
310 1567 532 1617 sextam
580 1559 781 1618 horam
834 1558 1192 1636 primamque
1237 1557 1570 1617 brumalem.
1639 1556 1805 1617 Nunc
1851 1558 2125 1618 ambitum

115 1642 238 1700 eius
270 1640 544 1726 urbisque
579 1641 1071 1716 enumerabimuS,
1111 1659 1223 1720 qua
1255 1643 1311 1700 in
1341 1660 1407 1700 re
1440 1640 1694 1719 praefari
1722 1643 2125 1701 necessarium

118 1733 206 1782 est
238 1733 532 1783 auctorem
561 1742 668 1784 nos
702 1726 891 1785 divom
921 1723 1242 1822 Augustum
1275 1734 1600 1800 secuturOS,
1638 1725 2121 1802 descriptionem-

115 1827 227 1885 que
264 1807 335 1868 ab
374 1825 446 1868 eo
492 1808 702 1869 factam
731 1807 930 1868 Italiae
977 1810 1149 1869 totius
1194 1809 1259 1867 in.
1293 1808 1569 1885 regiones
1604 1807 1718 1884 XI,
1765 1808 1873 1869 sed
1917 1810 2195 1874 ordinezo

117 1909 188 1950 eo
226 1892 321 1970 qui
352 1892 578 1951 litorum
613 1901 797 1952 tractu
830 1892 929 1952 fiet
971 1892 1192 1951 urbium
1221 1893 1454 1971 quidem
1483 1892 1810 1952 vicinitates
1855 1896 2121 1953 oratione

114 1976 311 2053 utique
343 1992 746 2053 praepropera
779 1977 999 2035 servari
1029 1994 1143 2035 non
1178 1993 1379 2054 posse,
1417 1976 1611 2054 itaque
1643 1977 1921 2035 interiore
1957 1987 2121 2054 parte

116 2059 498 2134 digestionem
532 2060 590 2117 in
635 2060 854 2119 litteras
896 2060 1154 2119 eiusdem
1207 2076 1314 2118 nos
1367 2069 1706 2135 secuturoS,
1760 2060 2123 2120 coloniarum

115 2143 402 2201 mentione
435 2143 655 2219 signata
701 2161 842 2220 quas
880 2143 979 2202 ille
1013 2145 1069 2201 in
1102 2160 1175 2201 eo
1208 2142 1460 2220 prodidit
1494 2159 1751 2202 numero.
1814 2162 1930 2202 nec
1982 2145 2120 2203 situs

118 2227 492 2304 originesque
526 2229 803 2304 persequi
833 2227 1006 2286 facile
1040 2235 1128 2286 est
1158 2224 1426 2303 Ingaunis
1456 2225 1759 2303 Liguribus
1801 2226 1896 2304 (ut
1933 2228 2118 2287 ceteri
2139 2245 2195 2286 2⁵

118 2311 473 2387 omittantur)
511 2327 655 2386 agro
690 2312 926 2395 triciens
961 2311 1113 2370 dato.

30 2404 99 2458 47
242 2393 366 2470 (7.)
400 2393 575 2468 Igitur
606 2393 677 2453 ab
719 2390 882 2453 amne
916 2393 1074 2453 Varo
1105 2392 1324 2452 Nicaea
1363 2411 1395 2452 a
1426 2391 1888 2453 Massiliensibus
1923 2395 2118 2456 condi-

118 2488 265 2550 tum,
321 2476 526 2534 fluvius
555 2476 724 2552 Palo,
780 2477 966 2555 Alpes
1007 2477 1324 2556 populique
1357 2475 1598 2553 Inalpini
1649 2476 1839 2536 multis
1883 2480 2120 2538 nomini·

117 2560 257 2634 bus,
308 2560 413 2619 sed
458 2578 717 2620 maxume
765 2559 1067 2638 Capillati,
1125 2560 1344 2639 oppido
1384 2560 1817 2620 vediantiorum
1873 2562 2122 2621 civitatis

91 2643 441 2718 ‘Gemenilo,
475 2653 675 2721 portus
707 2643 976 2703 Herculis
1007 2643 1300 2718 Monoeci,
1351 2642 1640 2719 Ligustina
1673 2660 1793 2703 ora.
1849 2643 2121 2721 Ligurum
2143 2666 2200 2709 ao

119 2726 489 2786 celeberrimi
515 2728 659 2786 ultra
683 2727 851 2805 Alpis
877 2727 1137 2801 Salluvii,
1163 2726 1446 2802 DiciateS,
1474 2725 1703 2800 Oxubii,
1731 2728 1873 2787 citra
1897 2727 2126 2789 Veneni

116 2810 340 2870 Esturis
364 2812 492 2886 orti,
525 2810 828 2887 Vagienni,
854 2811 1133 2886 Statielli,
1155 2810 1434 2885 Binbelli,
1459 2809 1715 2887 Magelli,
1753 2807 2125 2886 CuburiateS,

121 2892 531 2969 CasmonateS,
567 2893 890 2953 Velleiates
914 2903 972 2952 et
1002 2912 1242 2972 quorum
1273 2895 1488 2972 oppida
1511 2895 1568 2953 in
1591 2911 1693 2954 ora
1725 2911 2010 2971 proxume
2044 2895 2126 2955 di-

33 2990 335 3043 4Scemus.
401 2977 652 3037 Flumen>
671 2977 930 3052 Rutuba,
965 2978 1240 3056 oppidum
1275 2977 1485 3036 Album
1517 2977 1871 3052 Intimilium,
1910 2978 2127 3038 flumen

117 3060 360 3135 Merula,
398 3062 670 3138 oppidum
705 3061 915 3121 Album
945 3061 1278 3137 Ingaunum,
1318 3070 1518 3138 portus
1549 3060 1770 3120 Vadum
1803 3061 2124 3137 Sabatium,
2146 3079 2201 3123 aa

118 3144 325 3201 flumen
348 3143 668 3218 Porcifera,
703 3145 978 3222 oppidum
1002 3143 1222 3218 Genua,
1256 3144 1460 3203 fluvius
1493 3142 1722 3219 Fertor,
1750 3155 1954 3222 portus
1978 3144 2122 3204 Del-

118 3226 310 3300 phini,
343 3224 591 3300 Tigullia
627 3228 795 3301 intuS,
835 3236 892 3286 et
923 3229 1178 3303 Segesta
1210 3226 1618 3303 Tigulliorum,
1657 3224 1866 3286 flumen
1898 3227 2122 3303 Macra,

115 3307 382 3384 Liguriae
414 3307 560 3366 linis.
623 3308 676 3366 A
718 3319 888 3387 tergo
933 3319 1121 3370 autem
1172 3328 1348 3388 supra
1390 3311 1672 3371 dictorum
1715 3312 1964 3372 omnium
2002 3314 2123 3391 Ap·
