2320 3650
571 141 733 188 NAT.
767 142 946 188 HIST.
983 140 1132 187 xm.
1173 132 1411 191 19—22.
1447 129 1753 208 (33—43.)
2037 127 2160 189 249

656 242 663 255 .
1359 238 1400 281 ᾖ.
1677 266 1688 281 ρ
1723 254 1726 259 ,

270 295 378 355 22.
404 294 569 375 (38.)
595 292 721 356 Nec
741 298 1094 374 auspicatior
1122 296 1184 354 in‘
1202 294 1393 355 Lesbo
1423 295 1609 355 insula
1634 296 1810 359 arbor
1834 313 1984 376 quae
2019 313 2119 356 vo-
2146 307 2249 361 118

116 389 306 443 catur
341 396 697 455 euonymos,
741 398 856 439 non
900 380 1175 440 absimilis
1208 379 1461 461 Punicae
1491 376 1721 455 arbori,
1765 382 1917 441 inter
1950 399 2074 441 eam
2105 391 2164 441 et

115 468 366 528 laurum
395 464 500 523 foli
528 464 937 541 magnitudine,
968 465 1153 542 ligura
1177 476 1321 523 vero
1349 473 1408 522 et
1432 462 1676 539 mollitia
1705 464 1979 541 Punicae,
2014 465 2161 525 flore

118 548 516 623 candidiore,
561 549 749 609 statim
783 558 1010 628 pestem
1039 549 1399 608 denuntians,
1462 547 1580 627 fert·
1609 548 1848 626 siliquas
1896 567 2161 611 sesamae

68 635 380 709 5similiS,
442 633 591 691 intus
633 638 871 710 granum
915 633 1332 712 quadriangula
1373 633 1591 710 figura,
1644 634 1928 711 spissum,
1983 634 2162 694 letale

116 715 518 791 animalibuS,
569 734 680 775 nec
712 735 826 776 non
856 726 914 776 et
939 717 1086 776 folio
1119 719 1325 777 eadem
1360 718 1466 776 vis.
1533 717 1820 799 succurrit
1850 717 2161 796 aliquando

114 817 436 882 praeceps
469 800 584 859 alvi
621 802 954 879 exinanitio.

266 883 442 963 (39.)
486 884 826 945 Alexander
870 884 1180 945 Cornelius
1230 885 1502 946 arborem
1547 902 1754 945 eonem
1800 885 2249 963 appellavit119

118 976 208 1032 ex
238 986 358 1048 qua
382 969 535 1028 facta
569 969 729 1029 esset
752 969 950 1046 KrgO,
978 970 1222 1030 similem
1253 970 1452 1030 robori
1480 971 1707 1030 viscum
1736 970 1949 1030 ferenti
1966 1015 1983 1045 ,
2010 987 2162 1048 quae

45 1090 97 1131 10
116 1070 336 1130 neque
371 1071 519 1131 aqua
565 1072 755 1132 neque
789 1056 910 1130 igni
951 1055 1141 1132 possit
1184 1057 1524 1133 corrumpi,
1554 1055 1723 1114 sicuti
1772 1071 1884 1113 nec
1919 1055 2162 1134 viscum,

116 1138 279 1201 nulli
322 1137 423 1196 alii
459 1140 780 1215 cognitam,
820 1138 976 1216 quod
1007 1139 1278 1216 equidem
1310 1141 1508 1198 sciam.

134 1224 167 1245 ·'
263 1222 437 1301 (40.)
472 1220 849 1282 Andrachlen
875 1240 1075 1282 omnes
1110 1218 1238 1281 fere
1260 1221 1470 1283 Graeci
1498 1222 1859 1302 porcillacae
1890 1224 2121 1282 nomine
2146 1232 2250 1286 120

29 1320 33 1353 ⁷
122 1311 646 1383 interpretantur„
679 1325 807 1366 cum
856 1309 942 1366 sic
984 1306 1165 1366 herba
1208 1315 1266 1366 et
1315 1306 1646 1367 andrachne
1695 1315 1946 1366 vocetur
1994 1308 2161 1365 unius

117 1394 374 1454 litterae
405 1390 761 1451 diversitate.
816 1399 1018 1452 cetero
1046 1391 1361 1451 andrachle
1386 1400 1477 1451 est
1501 1391 1787 1449 silvestris
1817 1390 2025 1466 arbor,
2060 1408 2162 1449 ne·

48 1513 100 1554 ,5
123 1480 254 1556 que
291 1475 350 1533 in
386 1474 571 1552 planis
601 1493 905 1551 nascens„
933 1475 1138 1536 similis
1174 1475 1457 1551 unedoni,
1504 1474 1649 1534 l'olio
1681 1482 1895 1534 tantum
1937 1475 2162 1534 minore

123 1570 190 1621 et
233 1576 545 1636 numquam
578 1559 925 1634 decidente,
975 1561 1200 1619 cortice
1248 1576 1363 1617 non
1406 1559 1618 1618 scabro
1655 1558 1886 1637 quidem
1928 1559 2035 1619 sed
2068 1560 2164 1636 qui

29 1671 30 1692 1
124 1643 592 1719 circumgelatus
621 1643 808 1703 videri
848 1645 1066 1722 possit,
1100 1652 1216 1702 tam
1246 1644 1426 1702 tristis
1457 1643 1774 1722 adspectus
1802 1652 1911 1702 est.

266 1728 440 1804 (41.)
500 1728 711 1802 Similis
758 1736 818 1787 et
878 1728 1162 1804 coccygia
1219 1727 1364 1787 folio
1384 1773 1402 1806 ,
1468 1727 1861 1809 magnitudine
1910 1729 2116 1787 minor.
2145 1737 2243 1791 121

121 1811 562 1893 proprietatem
612 1810 790 1872 habet
843 1812 1090 1872 fructum
1135 1811 1425 1873 amittendi
1471 1812 1743 1890 lanugine
1780 1845 1866 1858 --
1906 1829 2159 1891 pappum

47 1937 101 1977 20
121 1904 356 1957 vocant
385 1897 655 1974 —-·quod
695 1896 835 1956 nulli
877 1897 972 1956 alii
1016 1896 1210 1957 arbori
1248 1899 1459 1957 evenit.
1532 1897 1734 1957 similis
1775 1906 1836 1956 et
1880 1897 2157 1975 apharce,

29 2021 32 2034 ι
119 1982 327 2042 bifera
350 1997 540 2057 aeque
566 1997 731 2058 quam
765 1979 1098 2056 andrachle.
1150 1983 1407 2060 priorem
1431 1980 1677 2041 fructum
1708 1982 2022 2058 incipiente
2055 1999 2158 2059 pu-

119 2066 402 2125 bescere
428 2082 535 2146 uva
570 2074 892 2143 peragunt,
927 2065 1172 2125 alterum
1200 2066 1364 2125 initio
1392 2066 1635 2144 hiemis,
1667 2066 1855 2144 qualis
1892 2082 1998 2123 eos
2045 2081 2160 2123 non

120 2149 405 2210 traditur.

29 2284 30 2287 ,
268 2231 443 2310 (42.)
480 2229 555 2290 Et
587 2231 830 2291 ferulam
858 2233 1009 2291 inter
1039 2240 1315 2292 externas
1346 2233 1567 2292 dixisse
1602 2232 1911 2290 conveniat
1943 2231 2115 2291 arbo·
2143 2242 2244 2294 122

48 2358 104 2397 25
124 2333 387 2393 rumque
443 2317 647 2392 generi
702 2316 1122 2393 adscripsisse,
1184 2317 1452 2394 quoniam
1495 2317 1851 2394 quarundam
1895 2325 2156 2391 naturae,

29 2439 32 2446 ν
124 2405 290 2463 sicut
322 2398 770 2475 distinguemus,
803 2401 1016 2476 lignum
1049 2417 1217 2459 omne
1250 2402 1487 2460 corticis
1523 2400 1659 2459 loco
1689 2399 1937 2475 habent,
1980 2397 2242 2473 form-{25

124 2502 351 2559 secuS,
389 2483 532 2561 ligni
570 2492 759 2543 autem
797 2485 933 2544 loco
967 2484 1272 2562 fungosam
1315 2485 1463 2543 intus
1495 2483 1804 2544 medullam
1839 2492 1900 2564 ut
1929 2484 2154 2559 sabuci,
2177 2521 2192 2526 ψ

29 2622 30 2625 ,
125 2566 426 2649 quaedam
449 2586 592 2627 vero
618 2565 947 2629 inanitatem
975 2578 1038 2627 ut
1061 2568 1428 2628 harundines.
1466 2566 1907 2646 Ferulafcalidis
1930 2570 2117 2627 nasci·
2140 2575 2243 2630 123

29 2677 32 2696 τ
125 2665 231 2714 tur
269 2652 422 2710 locis
454 2661 627 2729 atque
669 2661 827 2712 trans
868 2655 1077 2725 maria,
1126 2652 1474 2729 geniculatis
1519 2651 1730 2712 nodata
1761 2653 1978 2730 sca'pis.
2042 2652 2156 2711 duo

29 2775 106 2816 ,30
129 2739 267 2798 eius
298 2753 554 2811 genera:
597 2736 874 2796 nartheca
911 2735 1123 2797 Graeci
1143 2745 1355 2796 vocant
1382 2734 1794 2813 adsurgentem
1821 2737 1877 2794 in
1908 2736 2156 2798 altitudi-

29 2845 33 2879 π
125 2839 306 2894 nem,
353 2820 708 2880 nartheciam
761 2837 906 2878 vero
953 2838 1190 2900 semper
1227 2820 1516 2882 humilem.
1581 2837 1613 2880 a
1654 2820 1902 2897 genibus
1946 2828 2159 2880 exeunt

29 2932 30 2965 1
126 2904 282 2966 folia
315 2901 576 2963 maxuma
609 2914 670 2963 ut
702 2921 969 2982 quaeque
1000 2914 1200 2964 terr-ae
1228 2921 1527 2983 proxuma.
1594 2913 1792 2963 cetera
1822 2912 2024 2963 natura
2060 2921 2155 2962 ea-

29 3029 32 3036 ·
127 2991 273 3051 dem
332 3004 481 3064 quae
539 2987 786 3063 anetho,
840 2997 900 3047 et
948 2988 1139 3049 fructu
1186 2987 1372 3048 simili.
1449 2987 1588 3049 nulli
1637 2989 1906 3047 fruticum
1945 2987 2157 3047 levitas

127 3074 342 3133 maior.
435 3069 513 3131 ob
572 3072 632 3131 id
683 3079 919 3149 gestatu
978 3072 1171 3132 facilis
1240 3072 1575 3132 baculorum
1640 3090 1805 3132 usum
1874 3072 2162 3132 senectuti

29 3190 108 3231 ,35
128 3155 408 3237 praebet.
914 3189 921 3200 ι
970 3181 975 3190 2
1071 3217 1079 3240 ἢ

254 3238 440 3318 ,(43.)
488 3240 701 3300 Βεηιεῃ
729 3240 956 3300 ferulae
987 3239 1274 3319 thapsiam
1306 3241 1531 3319 quidam
1556 3256 1851 3300 vocavere
1874 3240 2110 3317 decepti
2139 3250 2241 3303 124

131 3342 212 3386 eo
247 3324 521 3403 quoniam
550 3325 740 3385 ferula
771 3326 896 3384 sine
928 3324 1101 3384 dubio
1135 3335 1225 3384 est
1255 3326 1516 3403 thapsia,
1559 3325 1648 3384 sui
1686 3325 1953 3401 generis,
1996 3322 2154 3384 foliis

46 3421 64 3448 ¹
129 3407 418 3483 feniculi,
452 3409 605 3468 inani
639 3409 805 3469 caule
840 3426 951 3468 nec
981 3410 1308 3470 excedente
1340 3409 1531 3469 baculi
1563 3409 1996 3487 longitudinem.
2057 3424 2156 3465 se—

130 3508 274 3555 men
309 3492 483 3569 quale
514 3493 771 3569 ferulae,
801 3493 963 3553 radix
993 3494 1251 3554 candida.
1310 3495 1492 3566 incisa
1516 3493 1669 3555 lacte
1699 3503 1892 3555 manat
1924 3501 1988 3552 et
2014 3507 2150 3551 con·
