2320 3650
165 126 285 190 178
789 128 795 132 ·
894 132 953 181 c,
990 133 1180 179 pum
1211 103 1509 180 ssonnm

79 306 182 361 102
313 291 409 353 16.
449 290 616 368 (30.)
646 286 738 349 Ex
770 287 1018 348 adverso
1049 285 1215 347 huius
1263 288 1405 346 situs
1437 285 1725 348 Britannia
1767 285 1953 347 insula
2000 285 2165 348 clara

167 377 404 440 Graecis
442 373 770 449 nostrisque
812 372 1174 448 monimentis
1215 371 1365 430 inter
1406 372 1855 449 septentrionem
1878 378 1960 430 et
2001 373 2164 431 occi-

164 447 396 521 dentem
429 460 614 532 iacet,
662 455 1035 530 Germaniae,
1073 454 1326 530 Galliae,
1373 451 1719 532 Hispaniae,
1750 454 1928 514 multo
1960 472 2164 514 maxu-

161 546 268 604 mis
300 542 574 619 Europae
609 538 863 618 partibus
895 537 1439 623 magno-intervallo
1471 537 1737 598 adversa.
1798 537 2015 597 Albion
2045 538 2165 617 ipsi

163 645 372 687 nomen
399 625 525 700 fuit,
559 642 687 684 cum
714 622 1037 682 Britanniae
1070 630 1420 682 vocarentur
1443 638 1643 681 omnes
1675 621 1748 681 de
1785 621 1997 700 quibus
2021 637 2165 681 mox
2188 645 2215 685 a

163 711 337 790 paulo
380 710 655 770 dicemus.
733 704 896 766 Haec
938 705 1104 766 abest
1151 723 1185 765 a
1236 703 1555 766 Gesoriaco
1612 702 1965 764 Morinorum
2015 720 2163 781 gen-

162 798 235 856 tis
282 795 451 853 litore
499 806 781 870 proxumo
824 790 1069 850 traiectu
1100 788 1143 848 L
1176 788 1254 848 M.
1310 790 1551 848 circuitu
1591 797 1795 867 patere
1824 804 2166 857 XXXXVHI.

159 877 368 939 LXXV
396 874 454 935 Μ
482 875 729 952 Pytheas
762 881 822 932 et
848 871 1101 933 Isidorus
1135 873 1383 947 tradunt,
1419 873 1651 949 triginta
1681 888 1871 951 prope
1911 874 2027 933 iam
2063 892 2163 937 an-

162 963 249 1021 nis
282 961 537 1020 notitiam
583 960 707 1017 eius
743 956 1013 1016 Romanis
1049 957 1220 1016 armis
1264 973 1379 1015 non
1411 955 1560 1016 ultra
1588 957 1940 1017 vicinitatem
1975 957 2164 1017 silvae

164 1043 520 1106 Caledoniae
569 1039 1043 1119 propagantibus.
1102 1039 1364 1117 Agrippa
1406 1038 1822 1117 longitudinem
1863 1037 2075 1100 DCCC
2105 1039 2240 1100 Mic

166 1146 321 1206 pass.
374 1144 540 1200 esse,
588 1123 940 1185 latitudinem
979 1120 1128 1183 CCC
1171 1121 1230 1182 M
1272 1122 1476 1183 credit.
1537 1123 1780 1184 eandem
1819 1123 2165 1201 Hiberniae,

79 1222 181 1276 103
204 1211 308 1270 sed
355 1207 766 1285 longitudinem
811 1204 909 1266 CC
955 1205 1014 1266 M
1054 1224 1213 1284 pass.
1246 1207 1542 1266 minorem.
1618 1208 1810 1284 Super
1840 1225 1968 1267 eam
2009 1206 2170 1269 haec

163 1296 273 1354 sita
310 1290 476 1368 abest
507 1290 849 1352 brevissimo
880 1291 1121 1349 transitu
1156 1308 1189 1349 a
1221 1289 1469 1350 Silurum
1499 1299 1676 1366 gente
1707 1287 1876 1350 XXX
1904 1288 1965 1350 M
1996 1308 2164 1369 pass.

162 1375 536 1455 Reliquarum
582 1375 737 1435 nulla
776 1370 989 1433 CXXV
1030 1371 1088 1432 M
1119 1373 1358 1433 circuitu
1399 1374 1646 1451 amplior
1685 1373 1964 1453 proditur.
2028 1383 2170 1435 sunt

164 1471 352 1526 autem
390 1458 487 1522 XL
534 1457 795 1518 Orcades
845 1456 1085 1517 modicis
1125 1458 1276 1516 inter
1316 1474 1389 1516 se
1435 1456 1727 1518 discretae
1775 1458 2009 1534 spatiis,
2051 1456 2242 1519 vnn

163 1544 459 1605 Acmodae
478 1587 495 1617 ,
524 1540 690 1602 XXX
716 1540 1057 1615 Haebudes,
1091 1549 1148 1599 et
1177 1541 1328 1599 inter
1356 1538 1686 1600 Hiberniam
1716 1558 1787 1601 ac
1814 1540 2168 1603 Britanniam

161 1627 365 1702 Mona,
399 1626 697 1703 Monapia,
731 1624 965 1703 Ricina,
997 1623 1233 1699 Vectis,
1268 1622 1517 1699 Limnus,
1552 1623 1803 1699 AndroS,
1837 1625 1987 1685 infra
2013 1641 2167 1685 vero

163 1712 385 1798 Samnis
421 1718 478 1769 et
503 1709 786 1782 AxantoS,
825 1718 882 1768 et
913 1707 984 1767 ab
1017 1707 1267 1767 adverso
1292 1709 1349 1770 in
1381 1706 1778 1768 Germanicum
1806 1721 1968 1769 mare
1998 1727 2168 1788 spar-

163 1813 263 1855 sae
290 1793 558 1855 Glaesiae
592 1810 734 1871 quas
763 1792 1091 1853 Electridas
1123 1789 1334 1853 Graeci
1363 1793 1726 1852 recentiores
1756 1791 2166 1871 appellavere,

79 1888 181 1941 104
202 1879 354 1955 quod
399 1877 478 1937 ibi
514 1877 793 1937 electrum
828 1884 1188 1936 nasceretur.
1247 1875 1458 1935 Ultima
1489 1878 1735 1936 omnium
1764 1894 1918 1955 quae
1946 1894 2166 1938 memo·
2185 1895 2240 1935 w

55 1963 148 2035 .,²3,›
170 1971 363 2021 rantur
392 1960 609 2035 Thyle,
644 1961 700 2021 in
735 1978 845 2038 qua
880 1960 1131 2020 solstitio
1164 1958 1350 2020 nullas
1382 1977 1517 2019 esse
1546 1962 1735 2020 noctis
1762 1959 2166 2036 indicavimus,

164 2045 357 2104 cancri
389 2045 613 2120 signum
645 2044 773 2104 sole
805 2052 1160 2115 transeunte,
1197 2042 1506 2121 nullosque
1538 2051 1738 2103 contra
1769 2061 1880 2122 per
1906 2044 2169 2106 brumam

161 2128 306 2187 dies.
361 2126 474 2186 hoc
511 2126 738 2204 quidam
791 2129 945 2186 senis
988 2125 1280 2190 mensibus
1317 2129 1602 2187 continuis
1635 2127 1762 2187 fieri
1793 2127 2165 2189 arbitrantur.

163 2209 429 2271 Timaeus
463 2209 770 2270 historicus
802 2229 834 2270 a
863 2210 1149 2270 Britannia
1189 2210 1502 2269 introrsum
1532 2228 1641 2271 sex
1670 2210 1894 2271 dierum
1929 2212 2166 2289 naviga·

41 2332 50 2343 -
163 2296 319 2354 tione
358 2293 569 2353 abesse
605 2294 743 2354 dicit
784 2294 1024 2353 insulam
1054 2292 1269 2353 Mictim
1298 2294 1356 2352 in
1388 2311 1499 2371 qua
1533 2294 1835 2355 candidum
1867 2294 2238 2374 plumbum&

166 2378 487 2454 proveniat.
546 2378 616 2437 ad
661 2395 786 2436 eam
820 2377 1121 2437 Britannos
1155 2375 1409 2436 vitilibus
1440 2379 1683 2454 navigiis
1718 2379 1885 2437 corio
1922 2381 2166 2439 circum-

166 2461 306 2519 sutis
338 2461 631 2536 navigare.
697 2461 837 2519 Sunt
882 2462 976 2537 qui
1009 2470 1066 2519 et
1098 2461 1243 2520 alias
1277 2461 1554 2537 prodant,
1602 2461 1944 2538 Scandiam,
1991 2460 2167 2522 Dum-

162 2561 322 2617 nam,
356 2542 581 2619 Bergos
612 2561 1045 2621 maxumamque
1078 2544 1326 2603 omnium
1357 2542 1644 2621 Nerigon‚
1676 2563 1755 2604 ex
1784 2562 1898 2622 qua
1927 2544 2165 2622 in'Thy-

165 2625 261 2684 len
291 2628 611 2702 navigetur.
680 2626 733 2685 A
765 2625 950 2700 Thyle
982 2629 1145 2686 unius
1184 2628 1297 2686 diei
1328 2629 1695 2705 navigatione
1725 2645 1889 2689 mare
1922 2646 2165 2690 concre-

161 2717 276 2769 tum
309 2727 340 2769 a
375 2710 663 2769 nonnullis
695 2707 965 2769 Cronium
995 2710 1342 2788 appellatur.
1382 2716 1385 2721 ’
2183 2718 2233 2761 ³·

82 2802 179 2852 105
312 2794 408 2853 17.
446 2792 613 2869 (31.)
649 2791 832 2854 Gallia
878 2795 1058 2852 omnis
1094 2791 1334 2854 Comata
1371 2811 1483 2853 uno
1516 2789 1746 2854 nomine
1778 2795 2080 2875 appellata
2107 2797 2164 2855 in

162 2877 270 2935 tria
305 2875 655 2953 populorum
684 2894 902 2952 genera
932 2877 1232 2953 dividitur,
1285 2877 1544 2937 amnibus
1575 2896 1840 2938 maxume
1873 2880 2161 2941 distincta.

164 2976 195 3016 a
231 2958 448 3018 Scalde
476 2957 547 3017 ad
577 2961 903 3037 Sequanam
934 2959 1207 3036 Belgica,
1240 2960 1311 3019 ab
1355 2979 1428 3020 eo
1461 2961 1531 3020 ad
1564 2959 1907 3022 Garumnam
1938 2960 2164 3023 Celtica

162 3041 483 3118 eademque
520 3040 952 3119 Lugdunensis,
996 3044 1130 3103 inde
1174 3045 1245 3104 ad
1286 3044 1570 3119 Pyrenaei
1610 3048 1818 3105 montis
1853 3064 2185 3106 excursum·

166 3124 537 3201 Aquitanica,
588 3123 927 3187 Aremorica
977 3136 1108 3187 ante
1159 3128 1332 3198 dicta.
1404 3127 1743 3187 Universam
1787 3146 1949 3190 oram
1977 3146 2223 3196 xvm.³s

167 3203 226 3262 Μ
260 3222 531 3282 passuum
563 3207 857 3286 Agrippa,
892 3209 1201 3272 Galliarum
1231 3212 1381 3270 inter
1413 3210 1676 3270 Rhenum
1701 3220 1768 3270 et
1800 3212 2159 3287 Pyrenaeum

166 3295 339 3363 atque
371 3303 650 3346 oceanum
684 3310 753 3350 ac
791 3296 998 3352 montis
1032 3290 1366 3354 Cebennam
1396 3303 1456 3353 et
1480 3292 1660 3366 laria,
1695 3295 1906 3371 quibus
1935 3295 2156 3358 Narbo·

166 3385 406 3430 nensem
459 3367 697 3432 Galliam
751 3375 1037 3452 excludit,
1097 3377 1512 3455 longitudinem
1565 3373 1884 3439 CCCCXX
1924 3378 1986 3440 M
2024 3396 2156 3463 pas-
