2320 3650
162 72 278 134 184
655 69 665 84 '
811 143 818 150 ,
854 81 915 129 ο.
948 67 1140 131 rum
1172 82 1475 132 summm

70 260 189 304 mov
206 258 310 302 ces
337 246 630 300 vetustate
660 245 883 316 putres.
933 221 1076 298 'Nou
1105 239 1383 299 conivere
1418 239 1667 300 diximus
1696 259 1854 319 qnae
1882 259 2004 302 non
2033 243 2175 305 obli·

73 334 175 388 152
192 326 320 403 quis
356 323 544 384 oculis
579 322 687 383 sed
717 323 1067 382 circumacto
1099 315 1290 400 capite
1328 333 1661 384 cernerent.
1724 323 2176 390 chamaeleonis

155 408 361 468 oculos
395 407 558 486 ipsos
594 407 907 483 circumagi
940 414 1095 465 totos
1120 406 1365 468 tradunt.
1425 410 1620 468 cancri
1651 411 1711 468 in
1743 410 2049 489 obliquum
2078 415 2175 474 ad-

154 493 403 572 spiciunt
435 499 630 552 crusta
659 490 852 567 fragili
888 489 1148 549 inclusos
1179 500 1478 568 gerentes.
1508 527 1529 542 -.
1548 491 1797 554 locustis
1826 497 2176 576 squillisque

150 594 359 653 magna
410 594 488 636 ex
538 584 705 655 parte
757 573 863 635 sub
913 574 1122 636 eodem
1170 578 1520 636 munimento
1570 577 1848 655 praeduri
1902 583 2170 654 eminent,
2194 593 2218 632 ὁ

154 660 414 735 Quorum
454 660 582 721 duri
625 668 757 720 sunt
785 661 970 722 minus
1013 669 1254 718 cernunt
1301 678 1471 739 quam
1510 678 1755 739 quorum
1796 665 1994 724 umidi.
2050 685 2172 725 ser·
2267 671 2269 692 ¹

153 747 409 823 pentium
447 744 658 808 catulis
699 754 759 804 et
797 742 1158 803 hirundinum
1187 744 1399 821 pullis,
1431 747 1481 806 si
1523 745 1655 823 quis
1700 757 1901 823 eruat,
1946 753 2173 810 renasci
2268 753 2269 760 ’

69 838 170 891 153
187 830 432 891 tradunt.
500 829 859 889 Insectorum
895 829 1142 887 omnium
1186 837 1245 887 et
1272 831 1448 888 testei
1485 832 1830 908 operimenti
1862 834 2025 906 oculi
2056 851 2174 893 mo·

153 923 361 975 ventur
393 914 554 975 sicut·
572 911 993 1000 quadripedum
1017 929 1219 972 aures.
1285 913 1499 991 quibus
1523 913 1761 991 fragilia
1787 920 2169 994 operimenta,

155 999 225 1057 iis
259 998 416 1058 oculi
456 998 599 1057 duri.
656 995 857 1079 Omnia
900 996 1035 1055 talia
1084 1005 1142 1054 et
1186 998 1383 1075 pisces
1433 1007 1492 1057 et
1536 999 1760 1058 insecta
1799 1016 1920 1059 non
1962 1002 2228 1062 habenta

153 1100 339 1160 genas
385 1100 497 1142 nec
538 1083 798 1157 integunt
845 1080 1070 1139 oculos.
1115 1080 1410 1142 *omnibus
1440 1082 1775 1160 membrana
1818 1085 1956 1144 vitri
2000 1087 2170 1147 modo

151 1166 431 1228 tralucida
463 1165 813 1226 obtenditur.
1548 1235 1557 1236 ἶ

69 1259 175 1313 154
287 1250 456 1329 (56.)
503 1249 830 1328 Palpebrae
886 1250 943 1308 in
992 1252 1159 1325 genis
1202 1252 1418 1309 homini
1462 1254 1782 1330 utrimque,
1829 1254 2170 1315 mulieribus

151 1349 296 1394 vero
335 1336 507 1395 etiam
550 1335 803 1395 infectae
848 1334 1164 1394 cotidiano,
1240 1344 1396 1394 tanta
1445 1344 1536 1394 est
1579 1337 1817 1397 decoris
1851 1337 2167 1402 adfectatio

152 1427 215 1478 ut
237 1420 566 1497 tinguantur
589 1419 745 1479 oculi
777 1436 1031 1497 quoque.
1091 1419 1208 1479 alia
1238 1419 1312 1479 de
1344 1437 1520 1479 causa
1547 1419 1664 1480 hoc
1690 1431 1897 1482 natura
1931 1422 2168 1483 dederat
2184 1439 2223 1479 ιε

154 1521 263 1563 ceu
296 1504 505 1565 vallum
542 1503 831 1582 quoddam
875 1504 1035 1562 visus
1069 1512 1129 1563 et
1158 1505 1493 1582 prominens
1524 1508 1939 1572 munimentum
1971 1517 2166 1566 contra

154 1589 521 1648 occursantia
558 1580 821 1648 animalia
845 1596 940 1647 aut
965 1587 1077 1647 alia
1108 1587 1347 1647 fortuite
1386 1588 1717 1668 incidentia.
1777 1590 2047 1652 defluere
2071 1608 2167 1650 eas

67 1683 170 1735 155
188 1672 324 1733 haut
353 1673 621 1732 inmerito
647 1689 866 1731 venere
895 1670 1316 1746 abundantibus
1346 1671 1603 1731 tradunt.
1653 1673 1747 1733 Ex
1779 1676 2001 1734 ceteris
2035 1674 2167 1734 nulli

153 1764 284 1816 sunt
314 1757 425 1815 nisi
457 1755 665 1835 quibus
697 1764 756 1814 et
786 1757 842 1815 in
871 1755 1101 1835 reliquo
1128 1772 1387 1834 corpore
1403 1756 1538 1835 pili,
1574 1757 1682 1817 sed
1713 1758 2166 1837 quadripedibus
2268 1815 2269 1829 ,

149 1842 207 1899 in
250 1841 561 1918 superiore
591 1849 807 1900 tantum
839 1858 1025 1918 gena,
1057 1840 1394 1901 volucribus
1433 1841 1489 1900 in
1520 1842 1800 1901 inferiore
1820 1888 1838 1918 ‚
1875 1851 1937 1902 et
1964 1844 2222 1920 quib-sn

149 1923 329 1984 molle
360 1933 562 2001 tergus
582 1934 704 2002 „ut
734 1925 1140 2003 serpentibus,
1188 1935 1247 1984 et
1290 1926 1708 2004 quadripedum
1739 1945 1896 2006 quae
1932 1946 2053 1988 ova
2072 1945 2163 2005 pa·

152 2009 332 2084 riunt,
365 2018 425 2068 ut
453 2008 735 2080 lacertae.
789 2009 1287 2071 struthocamelus
1312 2009 1507 2085 alitum
1537 2011 1663 2071 sola
1688 2011 1955 2071 uthomo
1982 2014 2164 2072 utrin-

154 2111 268 2172 que
307 2093 624 2172 palpebras
658 2094 853 2154 babet.
1138 2147 1144 2154 .
1528 2114 1533 2118 ·

71 2185 173 2240 156
280 2178 449 2257 (57.)
494 2175 585 2236 Ne
612 2195 803 2255 genae
843 2179 1074 2256 quidem
1106 2178 1401 2252 omnibu,
1426 2179 1789 2256 ideoneque
1824 2182 2165 2240 nictationes

154 2261 225 2321 iis
269 2279 419 2340 quae
477 2262 685 2322 animal
735 2271 1037 2340 generant.
1071 2306 1072 2309 η
1111 2263 1418 2340 graviores
1459 2262 1652 2321 alitum
1695 2263 1980 2325 inferiore
2020 2280 2218 2341 genn
2268 2276 2269 2319 ᾗ

156 2347 459 2421 conivent,
508 2347 751 2406 eaedem
789 2348 1075 2406 nictantur
1122 2346 1196 2406 ab
1246 2345 1473 2422 angulis
1512 2346 1848 2406 membrana
1898 2347 2163 2407 obeunte.
2268 2346 2269 2423 ᾗ

155 2428 461 2490 columbae
507 2439 565 2489 et
607 2431 813 2491 similia
854 2440 1097 2508 utraque
1145 2431 1434 2491 conivent.
1510 2439 1569 2489 at
1596 2429 1995 2508 quadripedes
2024 2449 2163 2510 quac

157 2531 268 2573 ova
297 2515 525 2592 pariunt
539 2536 562 2590 ,·
605 2524 665 2574 ut
694 2515 1050 2591 testudines,
1085 2514 1400 2589 crocodili,
1447 2514 1727 2575 inferiore
1758 2523 2012 2589 tantum,
2048 2517 2161 2575 siue
2268 2518 2269 2543 *

72 2607 172 2661 157
191 2597 307 2658 ulla
342 2599 655 2658 nictatione
687 2609 931 2678 propter
960 2599 1285 2677 praeduros
1322 2597 1549 2657 oculoS.
1625 2596 1969 2659 Extremum
1998 2598 2160 2659 amfi-
2268 2606 2269 2645 ἐ

156 2692 279 2742 tum¹
299 2700 490 2761 genae
522 2686 844 2761 superioris
873 2684 1089 2761 antiqui
1122 2683 1315 2743 cilium
1340 2698 1666 2757 vocavere,
1691 2682 1846 2744 unde
1878 2693 1941 2743 et
1967 2693 2214 2761 super-³·

159 2766 308 2827 cilia.
372 2767 487 2826 hoc
517 2767 761 2829 volnere
793 2768 988 2846 aliquo
1033 2766 1326 2828 diductum
1356 2783 1472 2826 uon
1502 2766 1822 2843 coalescit,
1853 2776 1916 2827 ut
1945 2769 2001 2826 in
2032 2784 2162 2846 pau-
2268 2766 2269 2783 ¹

159 2852 242 2911 cis
270 2851 497 2912 humani
530 2855 799 2931 corporis
826 2852 1120 2915 membris.
1352 2890 1367 2901 «

285 2933 455 3012 (58.)
502 2934 655 2996 Infra
688 2937 895 2997 oculos
924 2935 1110 2996 malae
1143 2936 1359 2995 homini
1390 2943 1637 3009 tantum,
1682 2944 1830 3013 quas
1859 2934 2041 3012 prisci
2067 2950 2158 3010 ge·

159 3033 262 3075 nas
291 3018 609 3095 vocabant,
653 3034 757 3080 ΧΠ
789 3020 1109 3080 tabularum
1146 3020 1456 3079 interdicto
1486 3018 1609 3078 radi
1650 3035 1682 3077 a
1715 3018 1949 3085 feminis
1978 3025 2157 3078 vetn-

159 3105 270 3154 tes.
334 3101 572 3173 pudoris
599 3103 752 3163 haec
784 3104 979 3166 sedes.
1040 3104 1119 3165 ibi
1147 3121 1413 3165 maxume
1448 3101 1770 3167 ostenditur
1802 3102 2007 3163 rubor.
2166 3114 2208 3157 n

79 3185 184 3239 158
289 3177 456 3255 (59.)
501 3183 655 3246 Intra
685 3205 789 3246 eas
810 3187 1157 3247 bilaritatem
1183 3190 1476 3264 risumque
1502 3185 1828 3249 indicantes
1859 3185 2080 3250 buccae
2096 3190 2159 3242 ‚et

165 3257 335 3314 altior
360 3259 571 3324 homini
600 3277 811 3329 tantum
829 3312 866 3345 ,-
893 3288 1064 3348 quem
1094 3272 1231 3330 novi
1256 3287 1455 3330 mores
1478 3268 1769 3329 subdolae
1802 3269 2061 3333 inrisiom
2086 3264 2157 3328 fi·

168 3353 415 3414 cavere,
448 3359 640 3407 nasus.
712 3351 843 3411 Non
883 3353 979 3413 alii
1023 3353 1346 3413 animalium
1387 3371 1559 3415 nares
1603 3354 1880 3414 eminent.
1950 3350 2155 3424 aviliu,
