2320 3650
738 39 899 137 Mu.
928 88 1109 138 msr.
1142 49 1257 135 ιιι.ι
1278 85 1327 140 5.
1360 73 1467 157 (9.)
2045 78 2161 141 135

160 247 316 328 quod
360 244 599 324 scripsit
633 241 932 302 Nicodoro
967 242 1402 304 Atheniensium
1431 243 1764 317 magistratu
1797 244 1890 320 qui
1923 243 2025 304 fuit
2074 263 2161 303 ur-

160 333 246 392 bis
303 339 545 389 nostrae
595 323 917 390 ccccxl..
971 344 1138 386 anno.
1207 326 1480 407 quidquid
1532 342 1676 401 ergo
1740 336 2022 388 terrarum
2074 338 2163 387 est

158 423 399 495 praeter
430 413 641 473 decern
675 411 830 470 milia
862 428 1129 487 passuum
1159 409 1403 470 ambitus
1448 408 1734 472 adnexum
1773 412 1994 471 insulae
2028 422 2162 490 post

160 517 286 560 eum
319 515 529 558 annum
559 496 815 556 accessit
847 493 1068 555 ltaliae.
1123 493 1295 553 Aliud
1325 493 1660 554 miraculum
1689 512 1723 554 a
1748 491 1972 555 Circeis
1996 496 2161 573 palus
2177 501 2246 555 59

118 583 457 659 ⁵Pomptina
490 589 602 653 est,
642 597 814 657 quem
845 577 1035 638 locum
1057 576 1276 639 XXIIII
1303 577 1525 636 urbium
1547 577 1726 637 fuisse
1752 576 2046 640 Mucianus
2070 590 2162 639 ter

157 664 360 726 consul
398 663 676 743 prodidit.
737 662 869 722 dein
909 661 1120 721 flumen
1157 660 1501 736 Aufentum,
1549 663 1923 740 supraquod
1957 662 2159 724 Tarra-

157 751 284 810 cina
315 747 599 826 oppidum
642 746 837 822 lingua
865 745 1216 810 Volscorum
1244 745 1446 804 Anxur
1475 745 1719 819 dictum,
1771 754 1828 804 et
1870 746 1967 805 ubi
1994 746 2159 806 fuere

155 831 509 907 Amyclae-a
542 829 911 908 serpentibus
946 829 1202 903 deletae,
1237 827 1369 887 dein
1404 829 1568 888 locus
1600 828 1962 905 Speluncae,
2000 830 2161 890 lacus

157 914 486 989 Fundanus,
522 911 727 974 Caieta
757 921 988 990 portus,
1028 911 1596 990 oppidum'Formiae
1626 911 1896 973 Hormiae
1928 914 2159 989 dictum,

93 1015 138 1057 ιο
159 1009 218 1076 at
246 1001 715 1071 existumavere,
748 997 976 1074 antiqua
1005 995 1461 1071 Laestrygonum
1490 997 1685 1057 sedes.
1740 997 1888 1057 ultra
1918 998 2024 1058 fuit
2057 1015 2159 1076 op-

155 1083 349 1162 pidum
380 1082 593 1156 Pyrae,
629 1087 719 1140 est
749 1080 979 1140 colonia
1012 1078 1331 1140 Minturnae
1362 1079 1478 1140 Liri
1511 1098 1674 1140 amne
1707 1081 1889 1142 divisa
1922 1081 2158 1143 Glanica

152 1165 475 1245 appellata,
510 1165 806 1237 Sinuessa,
841 1173 1159 1223 extremum
1192 1164 1248 1221 in
1267 1164 1496 1226 adiecto
1521 1162 1702 1238 Latio,
1738 1183 1906 1243 quam
1930 1166 2161 1245 quidam

156 1251 420 1328 Sinopen
443 1248 658 1308 ‘dixere
689 1248 1016 1307 vocitatam.
1075 1245 1224 1306 Hinc
1252 1246 1397 1307 felix
1427 1247 1527 1307 illa
1562 1245 1890 1326 Campania.
1941 1250 2013 1309 ab
2043 1250 2244 1312 hoc60

158 1335 280 1393 sinu
324 1332 608 1410 incipiunt
649 1330 864 1390 vitiferi
908 1330 1097 1390 colles
1143 1339 1203 1389 et
1243 1331 1573 1391 temulentia
1617 1332 1829 1392 nobilis
1872 1351 2014 1394 suco
2050 1353 2161 1412 per

93 1430 140 1471 ιι
159 1417 339 1476 omnis
371 1425 566 1475 terras
599 1414 845 1489 incluto,
893 1414 1195 1493 atque-(ut
1216 1423 1461 1475 veteres
1492 1414 1727 1491 dixere)
1762 1434 2034 1475 summum
2069 1417 2159 1477 Li·

156 1500 279 1562 beri
322 1498 518 1560 Patris
566 1517 694 1559 cum
741 1495 964 1558 Cerere
1009 1507 1322 1557 certamen.
1386 1499 1517 1557 hinc
1561 1499 1745 1557 Setini
1793 1508 1849 1558 et
1903 1497 2160 1560 Caecubi

154 1582 578 1663 protenduntur
609 1582 750 1658 agri.
802 1581 896 1641 his
936 1582 1240 1658 iunguntur
1272 1580 1536 1656 Falerni,
1572 1579 1794 1641 Caleni.
1852 1584 1985 1642 dein
2021 1601 2157 1643 con-

155 1676 399 1745 surgunt
428 1664 696 1740 Massici,
747 1666 993 1727 Gaurani
1026 1667 1462 1743 Surrentinique
1493 1675 1736 1725 montes.
1775 1666 1853 1725 ibi
1888 1666 2159 1727 Leburini

156 1753 343 1830 campi
390 1757 722 1808 sternuntur
764 1757 823 1807 et
867 1750 922 1807 in
960 1749 1206 1809 delicias
1248 1750 1432 1810 alicae
1468 1748 1681 1827 politur
1710 1752 1937 1809 messiS.
1997 1750 2160 1812 Haec

89 1843 137 1883 2⁰
155 1836 322 1896 litora
348 1832 606 1894 fontibus
635 1833 839 1894 calidis
861 1834 1135 1910 rigantur,
1170 1842 1521 1911 praeterque
1555 1844 1752 1894 cetera
1783 1836 1837 1894 in
1869 1845 1991 1895 toto
2018 1839 2159 1897 mari

155 1918 469 1994 conchylio
522 1926 579 1976 et
629 1919 794 1996 pisce
850 1917 1029 1977 nobili
1080 1917 1436 1978 adnotantur.
1489 1935 1768 1996 nusquam
1811 1923 2160 1995 generosior

152 2004 325 2064 oleae
364 2002 590 2079 liquor,
637 2009 697 2060 et
742 2001 856 2059 hoc
897 2019 1129 2080 quoque
1170 2009 1472 2060 certamen
1503 2000 1779 2062 humanae
1822 2003 2154 2082 voluptatis,

150 2095 402 2147 tenuere
434 2082 606 2159 Osci,
642 2082 884 2159 Graeci,
917 2084 1146 2159 Umbri,
1186 2083 1379 2159 Tusci,
1416 2080 1707 2161 Campani.
1774 2086 1837 2145 In
1869 2105 1970 2147 ora
2003 2090 2155 2148 Savo
2173 2086 2241 2143 61

151 2170 396 2243 fluvius,
443 2167 785 2227 Volturnum
828 2169 1102 2245 oppidum
1148 2187 1276 2227 cum
1324 2186 1524 2242 amne,
1576 2168 1893 2245 Liternum,
1942 2168 2156 2232 Cumae

87 2252 649 2326 &Chalcidensium
680 2250 981 2326 Misenum,
1016 2260 1218 2328 portus
1241 2250 1523 2326 Baiarum,
1555 2251 1739 2328 Bauli,
1774 2254 1935 2313 lacus
1964 2254 2155 2314 Lucri-

148 2356 254 2399 nus
305 2346 365 2397 et
397 2335 700 2410 AvernuS,
751 2336 905 2394 iuxta
938 2353 1109 2413 quem
1147 2333 1510 2395 Cimmerium
1545 2336 1817 2412 oppidum
1849 2339 2154 2415 quondam,

149 2422 287 2483 dein
329 2418 558 2479 Puteoli
605 2418 836 2478 colonia
880 2417 1284 2479 Dicaearchea
1331 2419 1498 2493 dicti,
1551 2430 1801 2498 postque
1845 2421 2157 2498 Phlegraei

151 2505 367 2582 campi,
402 2502 727 2562 Acherusia
758 2502 924 2579 palus
958 2500 1151 2560 Cumis
1180 2503 1387 2565 vicina.
1444 2502 1610 2562 litore
1649 2513 1838 2564 autem
1872 2504 2154 2583 Neapolis
2169 2518 2237 2573 62

151 2586 624 2652 Chalcidensium
651 2594 709 2644 et
737 2586 883 2662 ipsa,
910 2584 1278 2663 Parthenope
1300 2604 1331 2645 a
1354 2586 1568 2646 tumulo
1596 2587 1816 2647 Sirenis
1839 2589 2154 2666 appellata,

88 2669 613 2744 soHerculaneum,
664 2668 901 2746 Pompei
936 2668 1087 2729 haud
1117 2669 1324 2747 procul
1355 2678 1619 2748 spectato
1651 2681 1842 2732 monte
1873 2671 2154 2748 Vesuvio,

151 2755 430 2816 adluente
472 2769 618 2812 vero
653 2754 836 2816 Sarno
882 2770 1079 2827 amne,
1125 2771 1270 2830 ager
1297 2751 1621 2812 Nucerinus
1665 2764 1722 2813 et
1764 2772 1971 2813 novem
2003 2757 2155 2817 milia

153 2855 430 2915 passuum
478 2855 509 2896 a
552 2837 695 2895 mari
724 2837 850 2913 ipsa
892 2835 1182 2911 Nuceria,
1222 2837 1556 2896 Surrentum
1588 2855 1715 2897 cum
1761 2841 2154 2913 promontorio

150 2920 453 2981 Minervae
485 2921 749 2981 Sirenum
794 2920 1080 2997 quondam
1123 2920 1287 2980 sede.
1343 2921 1633 2996 navigatio
1669 2939 1700 2979 a
1747 2918 1969 2980 Circeis
2014 2922 2152 2983 duo-

153 3004 529 3080 deoctoginta
574 3003 729 3062 milia
771 3021 1042 3080 passuum
1087 3012 1263 3081 patet.
1328 3003 1516 3080 Regio
1560 3021 1630 3064 ea
1665 3023 1697 3063 a
1730 3003 1927 3064 Tiberi
1974 3008 2237 3083 prima63

91 3087 354 3149 ³⁵1taliae
387 3095 653 3146 servatur
688 3105 763 3146 ex
795 3087 1187 3164 descriptione
1223 3086 1487 3163 Augusti.
1552 3087 1707 3147 Intus
1742 3088 2005 3149 coloniae
2045 3089 2151 3152 Ca-

151 3162 268 3248 'pua
289 3171 364 3231 ab
388 3169 488 3231 XL
509 3169 569 3230 M
592 3188 747 3247 pass.
776 3187 979 3249 campo
1014 3170 1186 3245 dicta,
1219 3169 1526 3251 Aquinum,
1553 3171 1792 3247 Suessa,
1816 3171 2150 3250 Venafrum,

154 3255 324 3330 Sora,
353 3254 611 3314 Teanum
636 3253 945 3313 Sidicinum
969 3255 1334 3330 cognomine,
1358 3253 1527 3314 Nola.
1563 3256 1776 3333 oppida
1798 3256 2150 3332 Abellinum,

154 3335 373 3417 Aricia,
406 3337 560 3398 Alba
591 3335 787 3414 longa,
821 3337 1127 3414 Acerrani,
1158 3336 1416 3414 Allifani,
1450 3337 1742 3415 Atinates,
1777 3339 2150 3413 Aletrinates,
