2320 3650
188 70 308 132 166
877 81 936 130 ο.
972 81 1165 129 amm
1200 77 1502 129 saccum

182 247 427 298 vocatur
453 234 569 295 hoc
597 232 829 310 malum,
855 250 1102 313 quonam
1129 233 1307 293 modo
1332 249 1582 293 nascens
1600 278 1617 309 ‚
1648 235 1699 292 si
1730 235 1900 313 ipsae
1930 233 2196 312 fingunt!

95 321 353 395 4SQuod
407 329 627 380 certum
677 329 797 394 est,
848 317 1187 395 galliiarum
1226 317 1400 377 modo
1442 317 1734 378 incubant.
1814 317 1876 377 id
1902 320 2072 396 quod
2102 338 2199 380 cx·

182 406 404 466 clusum
443 413 536 464 est
569 405 755 482 primo
787 402 1137 462 vermiculus
1175 401 1406 462 videtur
1439 402 1750 477 candidus,
1782 403 1990 462 iacens
2023 412 2200 463 trans-

179 506 388 549 versus
423 487 867 565 adhaerensque
911 487 987 545 ita
1027 495 1088 544 ut
1131 502 1270 563 pars
1301 502 1477 545 cerae
1509 486 1795 547 videatur.
1868 505 1985 547 rex
2015 490 2200 548 sturm

178 573 380 633 mellei
415 572 668 648 coloris,
713 580 772 631 ut
811 570 1006 630 electo
1051 570 1199 629 ilore
1236 587 1313 628 ex
1344 570 1494 629 omni
1526 571 1699 649 copia
1730 570 1960 646 factus,
2009 587 2232 650 nequas

179 657 564 733 vermiculus,
613 656 718 715 sed
765 655 1282 732 statim'pinniger.
1352 663 1551 714 cetera
1589 654 1762 714 turba
1790 672 1929 714 cum
1960 655 2200 717 forman

182 760 399 820 capere
443 739 673 819 coepit,
719 738 1004 817 nymphae
1053 745 1365 813 vocantur,
1412 747 1475 796 ut
1506 738 1659 814 fuci,
1704 741 1939 800 sirenes
1978 749 2081 801 aut
2108 760 2198 801 cc-

95 835 163 890 49
179 827 421 906 phenes.
486 826 534 885 si
567 825 700 903 quis
727 822 1018 883 alterutris
1050 823 1242 900 capita
1272 821 1465 881 demat
1490 822 1827 902 priusquam
1866 825 2079 902 pinnas
2109 825 2197 885 ha·

178 911 373 986 heaut,
409 926 515 987 pro
547 908 874 985 gratissimo
915 915 1044 966 sunt
1074 901 1295 984 pabulo
1326 906 1623 965 matribus.
1684 916 1960 985 tempore
1994 926 2197 987 proca·

180 996 353 1054 dente
399 992 676 1053 instillant
713 991 878 1051 cibos
924 999 1099 1070 atque
1145 988 1450 1065 incubant,
1492 999 1609 1049 tum
1651 1008 1923 1051 maxume
1955 1011 2195 1052 murmu-
2213 1009 2249 1048 n

178 1087 406 1151 rantes,
454 1077 700 1150 caloris,
745 1084 807 1134 ut
837 1083 1071 1153 patant,
1110 1073 1363 1135 faciendi
1402 1076 1591 1150 gratia
1633 1078 1967 1137 necessarii
2004 1077 2196 1137 excla-

181 1162 384 1220 dendis
417 1160 591 1239 pullis
611 1205 628 1235 ,
664 1159 856 1219 donec
888 1159 1073 1237 ruptis
1102 1157 1450 1216 membranis
1479 1176 1631 1236 quae
1661 1159 1935 1236 singulos
1957 1163 2197 1238 ,cingant

181 1260 421 1304 ovorum
443 1244 618 1304 modo
645 1245 972 1304 universum
997 1260 1205 1319 agmen
1230 1250 1508 1318 emergat.
1570 1252 1903 1320 spectatum
1934 1244 2059 1304 hoc
2090 1244 2194 1304 Ro·

177 1347 305 1389 mae
353 1329 678 1389 consularis
726 1327 1020 1387 cuiusdam
1071 1325 1406 1385 suburbano
1456 1326 1604 1386 alvis
1658 1344 1841 1386 cornu
1894 1327 2194 1388 lanternae

94 1422 164 1475 50
179 1414 462 1474 tralucido
511 1414 700 1473 factis.
763 1411 915 1471 fetus
946 1413 1092 1470 intra
1126 1423 1285 1469 XLV.
1318 1410 1469 1470 diem
1503 1411 1827 1487 peragitur.
1904 1411 2003 1471 Fit
2034 1415 2090 1472 in
2117 1414 2247 1473 fa-ls

178 1499 266 1557 vis
299 1496 635 1576 quibusdam
666 1497 762 1576 qui
791 1504 1034 1555 vocatur
1065 1494 1301 1569 clavos,
1334 1511 1565 1553 amarae
1594 1494 1801 1555 duritia
1832 1513 2043 1571 cerae,
2078 1514 2193 1556 cun

178 1582 355 1641 fetum
390 1581 522 1640 iude
552 1599 667 1640 non
697 1581 987 1654 eduxere,
1022 1577 1227 1637 morbo
1261 1586 1356 1637 aut
1386 1579 1615 1654 ignavia
1649 1587 1747 1638 aut
1778 1579 2193 1641 infecunditate

176 1666 440 1726 naturali.
501 1665 596 1725 hic
640 1674 731 1724 est
761 1664 998 1723 abortus
1028 1663 1237 1741 apium.
1307 1664 1571 1741 protinus
1599 1670 1792 1721 autem
1824 1664 2030 1723 educti
2061 1682 2192 1742 ope·
2274 1651 2275 1712 ἓ

175 1758 374 1810 rantur
410 1749 651 1829 quadam
694 1747 998 1829 disciplina
1041 1761 1169 1806 cum
1209 1745 1518 1821 matribus,
1560 1764 1887 1824 regemque
1930 1749 2191 1808 iuvem
2274 1727 2275 1762 ¹

92 1843 158 1896 51
179 1834 440 1912 aequalis
467 1832 636 1893 turba
669 1834 988 1894 comitatur.
1041 1849 1221 1909 reges
1252 1831 1453 1909 plures
1484 1830 1846 1907 inchoantur,
1884 1850 1961 1893 ne
1983 1833 2244 1893 desint-²·

177 1927 386 1997 postea
426 1936 503 1976 ex
537 1917 625 1976 his
656 1917 894 1977 suboles
929 1934 1054 1976 cum
1081 1916 1276 1975 adulta
1306 1933 1442 1975 esse
1477 1916 1707 1993 coepit,
1742 1916 2051 1977 concorde
2082 1915 2187 1976 saf-

174 2002 364 2079 fragio
412 2002 759 2061 deterrimos
801 2010 1043 2077 necant,
1078 2018 1153 2058 ne
1183 1999 1501 2062 distrahant
1533 1999 1778 2076 agmina.
1858 2001 1979 2060 duo
2010 2010 2192 2067 autem

176 2104 398 2163 genera
455 2104 696 2162 eorum,
755 2085 963 2144 melior
1022 2086 1238 2168 rusiae,
1299 2085 1571 2144 deterior
1623 2085 1793 2160 niger
1855 2085 2185 2163 variusque.

177 2170 439 2230 omnibus
484 2169 668 2230 forma
698 2187 933 2248 semper
957 2170 1199 2246 egregia
1233 2177 1292 2226 et
1325 2167 1508 2246 duplo
1540 2183 1709 2247 quam
1740 2169 1964 2227 ceteris
1995 2170 2186 2239 maior,

178 2257 388 2333 pinnae
431 2256 775 2329 breviores,
823 2271 990 2313 crura
1031 2261 1229 2325 recta,
1277 2253 1580 2328 ingressus
1621 2251 1874 2325 celsior,
1918 2253 1977 2310 iu
2008 2253 2237 2312 frontet

175 2339 400 2400 macula
436 2339 682 2416 quodam
716 2338 1038 2397 diademate
1074 2334 1402 2396 candicans.
1470 2335 1703 2395 multum
1732 2336 1911 2395 etiam
1939 2339 2125 2396 nitore
2155 2351 2186 2392 a

177 2421 358 2499 volgo
392 2423 680 2482 differunt.

93 2515 160 2568 52
312 2508 407 2565 17.
458 2507 590 2583 (17.
597 2509 627 2585 )
667 2505 925 2579 Quaerat
952 2524 1101 2564 nunc
1126 2504 1354 2582 aliquis,
1382 2520 1602 2562 unusne
1626 2502 1919 2565 Hercules
1943 2503 2111 2562 fuerit
2131 2509 2183 2559 et

178 2599 319 2671 quot
348 2589 543 2669 Liberi
574 2597 772 2668 patres
805 2597 866 2649 et
905 2590 1127 2667 reliqua
1176 2589 1481 2647 vetustatis
1510 2588 1620 2645 situ
1655 2586 1895 2646 obruta!
1962 2604 2107 2647 ecce
2134 2587 2183 2642 ia

174 2691 242 2734 re
278 2692 459 2754 parva
505 2675 778 2752 villisque
828 2676 1042 2733 nostris
1089 2672 1347 2746 adnexa,
1393 2672 1556 2730 cuius
1596 2670 1839 2730 adsidua
1875 2671 2053 2748 copia
2082 2677 2235 2741 est-,⁸

174 2777 290 2819 non
333 2767 558 2820 constat
598 2759 751 2817 inter
789 2766 1095 2833 auctores,
1136 2774 1246 2816 rex
1289 2754 1578 2815 nullumne
1622 2754 1786 2814 solus
1818 2753 2055 2814 habeat
2064 2771 2184 2813 acu·

175 2844 330 2903 leum
359 2843 661 2903 maiestate
691 2850 906 2901 tantum
935 2850 1216 2915 armatus,
1248 2858 1322 2899 an
1357 2838 1583 2899 dederit
1615 2838 1849 2916 quidem
1873 2854 2008 2897 eum
2037 2846 2183 2898 natu·

175 2944 273 3004 ra,
319 2928 427 2987 sed
460 2944 626 2987 usum
666 2928 850 3005 pestis
883 2926 968 2985 illi
999 2934 1205 2984 statum
1237 2923 1562 3000 negaverit.
1636 2920 1778 2981 illud
1808 2930 2066 2996 constat,
2096 2923 2183 2979 i·-

177 3021 511 3089 perator-em
550 3010 759 3071 aculeo
802 3026 916 3069 non
960 3009 1060 3068 uti.
1124 3007 1268 3068 Mira
1313 3006 1511 3086 plebei
1553 3007 1713 3065 circa
1754 3022 1888 3066 eum
1918 3005 2181 3066 obedien·

91 3101 161 3155 53
179 3096 274 3151 tia.
360 3111 488 3153 cum
535 3095 843 3172 procedit,
896 3111 1006 3153 una
1064 3101 1156 3152 est
1205 3099 1385 3151 totum
1436 3106 1684 3150 examen
1741 3090 2023 3170 circaque
2062 3100 2229 3150 cans

178 3174 483 3249 globatur,
535 3179 742 3254 cingit,
786 3178 1077 3255 protegit,
1124 3177 1286 3235 cerui
1330 3192 1444 3233 non
1489 3175 1725 3252 patitur.
1789 3173 2026 3253 reliquo
2056 3183 2181 3234 te·-

179 3270 361 3330 pore,
406 3272 532 3314 cum
568 3260 819 3336 populus
851 3262 907 3318 in
950 3259 1155 3319 labore
1188 3268 1314 3333 est,
1351 3259 1479 3336 ipse
1509 3274 1695 3335 opera
1723 3257 1877 3316 intas
1912 3258 2179 3325 circu-it,

181 3335 378 3392 similis
401 3336 757 3417 exhortanti,
789 3344 993 3401 solus
977 3344 1239 3402 inmunis.
1303 3342 1461 3401 circa
1484 3359 1613 3401 eum
1641 3340 1941 3401 satellites
1971 3341 2180 3421 quidun
