2320 3650
448 108 453 121 “
531 124 688 170 ΝΑΤ.
723 123 909 172 ms'r.
937 126 1049 172 xv.
1087 121 1334 176 19-22,
1370 74 1675 193 (ml—24.)
1961 115 2082 177 293

77 277 390 356 antequam
419 277 686 337 decidant
725 272 1070 356 rubescunt,
1114 281 1345 341 radices
1377 281 1589 345 multae
1634 289 1806 359 atque
1843 281 1994 342 altae
2028 293 2085 342 et

74 363 213 422 ideo
261 362 750 441 inexstirpabiles.
818 380 932 423 non
982 363 1087 424 fuit
1131 364 1279 424 haec
1323 364 1497 424 arbor
1540 367 1595 437 in
1635 365 1799 426 Italia
1846 364 2081 427 Catonis

75 463 248 507 aevo.

198 529 300 588 21.
334 528 502 607 (23.)
534 529 738 590 Sorbis
763 530 1125 609 quadruplex
1149 531 1493 592 differentia.
1545 532 1674 592 aliis
1702 535 1849 592 enim
1874 551 2071 594 eorum
2095 545 2164 608 85

43 614 393 675 §rotunditas
426 613 592 688 mali,
638 614 767 673 aliis
797 614 1105 675 turbinatio
1135 618 1281 693 piri,
1333 617 1461 676 aliis
1495 626 1665 676 ovata
1691 618 1925 695 species
1971 636 2078 677 ceu

68 700 351 759 malorum
387 697 690 775 aliquibus.
756 698 905 758 haec
947 698 1199 760 obnoxia
1231 701 1410 760 acori.
1473 700 1656 760 odore
1702 710 1760 761 et
1794 703 2079 761 suavitate

67 781 314 867 rotunda
340 781 735 858 praecellunt,
771 784 984 841 ceteris
1008 784 1122 842 vini
1146 800 1343 861 sapor.
1395 786 1847 860 generosissima
1872 785 2077 863 quibus

68 862 227 926 circa
264 865 568 943 pediculos
600 874 800 924 tenera
830 866 990 926 folia.
1043 877 1307 944 quartum
1333 886 1520 944 genus
1547 869 1849 928 torminale
1871 870 2073 967 appel-

69 950 218 1026 lant,
266 949 526 1008 remedio
566 957 785 1021 tantum
832 949 1175 1027 probabile,
1229 950 1523 1010 adsiduum
1567 962 1854 1029 proventu
1899 954 2074 1012 minu-

43 1047 338 1113 »mumque
381 1049 589 1111 pom0,
632 1031 842 1093 arbore
892 1034 1202 1110 dissimile,
1246 1034 1403 1094 foliis
1447 1052 1634 1111 paene
1668 1037 1900 1114 platani.
1961 1054 2075 1095 non

44 1119 259 1178 ferunt
297 1126 429 1176 ante
473 1118 753 1187 trimatum
802 1136 877 1177 ex
918 1117 1039 1178 ullo
1080 1135 1322 1195 genere.
1403 1116 1548 1178 Cato
1593 1128 1651 1179 et
1697 1119 1871 1179 sorba
1904 1121 2072 1181 condi

58 1220 126 1263 ssa
173 1221 205 1262 a
238 1201 430 1261 tradit.
2123 1229 2134 1257 a

132 1221 167 1281 p
190 1285 291 1345 22.
348 1283 514 1363 (24.)
561 1283 652 1365 Ab
696 1284 785 1344 his
829 1285 1022 1345 locum
1056 1285 1426 1364 amplitudine
1454 1287 1889 1347 vindicaverunt
1919 1246 2065 1365 quae
2089 1297 2158 1351 86

70 1387 338 1429 cessere
375 1369 702 1428 auctoritati
768 1387 948 1430 nuces
998 1369 1344 1445 iuglandeS,
1399 1388 1737 1449 quamquam
1796 1380 1856 1431 et
1907 1373 2073 1450 ipsae

43 1454 407 1532 snuptialium
455 1451 944 1512 Fescenninorum
986 1455 1262 1529 comites,
1306 1453 1538 1512 multum
1585 1455 1771 1532 pineis
1819 1456 2074 1514 minores

67 1537 437 1597 universitate
474 1536 829 1615 eaedemque
876 1539 1142 1615 portione
1177 1538 1491 1636 ampliores
1522 1538 1753 1597 nucleo.
1819 1557 1930 1598 nec
1957 1556 2072 1617 non

69 1631 123 1680 et
152 1622 343 1683 honor
377 1622 446 1678 iis
480 1629 718 1680 naturae
750 1621 1065 1698 peculiaris
1093 1623 1326 1698 gemino
1364 1623 1672 1700 protectis
1672 1625 2069 1709 operimento,

67 1706 343 1783 pulvinati
377 1706 616 1781 primum
649 1705 905 1780 calycis,
952 1722 1088 1765 mox
1120 1706 1299 1783 lignei
1328 1707 1651 1785 putaminis.
1716 1724 1865 1786 quae
1894 1720 2069 1767 causa

69 1808 165 1850 eas
201 1789 416 1867 nuptiis
448 1788 586 1848 fecit
616 1789 961 1865 religiosas,
1005 1797 1091 1850 tot
1119 1790 1307 1851 modis
1350 1791 1472 1851 fetu
1502 1791 1751 1867 munito,
1787 1789 1947 1869 {quod
1982 1800 2072 1851 est

43 1873 432 1934 »verisimilius
476 1891 643 1951 quam
686 1874 816 1951 quia
862 1874 1120 1935 cadendo
1163 1875 1465 1954 tripudium
1506 1876 1787 1935 sonivium
1836 1876 2067 1936 faciant.

64 1957 135 2017 Et
173 1958 282 2017 has
317 1974 348 2015 e
379 1956 620 2017 Perside
661 1958 902 2034 regibus
946 1960 1252 2021 translatas
1294 1962 1504 2020 indicio
1550 1968 1681 2020 sunt
1706 1958 1930 2030 Graeca
1961 1964 2151 2021 no-87

65 2044 232 2101 mina.
298 2049 593 2118 optumum=
632 2043 847 2120 quippe
885 2061 1068 2119 genus
1118 2062 1317 2103 earum
1345 2044 1639 2103 Persicum
1668 2051 1838 2121 atque
1873 2042 2066 2102 basili-

67 2144 175 2186 con
204 2133 438 2185 vocant.
502 2133 560 2184 et
602 2125 748 2185 haec
792 2126 959 2185 fuere
1005 2128 1187 2204 prima
1230 2128 1475 2187 nomina.
1544 2144 1762 2201 caryon
1793 2144 1824 2185 a
1863 2127 2067 2204 capitis

64 2210 383 2286 gravedine
424 2219 668 2288 propter
717 2210 924 2269 odoris
962 2212 1306 2285 gravitatem
1350 2212 1619 2270 convenit
1664 2208 1893 2269 dictum.
1959 2212 2063 2267 tin-

43 2304 271 2369 ·guntur
344 2294 564 2352 cortice
632 2311 827 2353 earum
891 2293 1060 2353 lanae
1121 2303 1180 2353 et
1249 2294 1470 2352 rufatur
1530 2293 1773 2371 capillus
1828 2294 2066 2372 primum

63 2376 482 2456 prodeuntibus
509 2377 751 2436 nuculiS.
805 2378 863 2437 id
895 2387 1230 2457 conpertum
1253 2377 1486 2436 infectis
1517 2385 1760 2437 tractatu
1784 2376 2062 2436 manibuS.

63 2464 448 2539 pinguescunt
484 2469 791 2521 vetustate.
853 2463 992 2522 Sola
1023 2462 1345 2521 differentia
1381 2478 1657 2538 generum
1688 2463 1745 2519 in
1773 2462 2059 2539 putamine
2082 2469 2153 2522 88

62 2547 201 2605 duro
250 2545 557 2621 fragilive,
617 2554 676 2604 et
718 2548 873 2605 tenui
921 2556 1016 2605 aut
1060 2562 1295 2620 crasso,
1345 2545 1613 2605 loculoso
1661 2554 1755 2604 aut
1798 2544 2063 2622 simplici.

62 2630 244 2690 solum
279 2628 394 2687 hoc
422 2645 651 2707 pomum
684 2639 882 2690 natura
915 2630 1224 2708 conpactili
1254 2631 1616 2707 operimento
1642 2629 1866 2688 clausit.
1914 2645 2066 2687 nam-

44 2732 173 2791 que
206 2721 340 2772 sunt
363 2709 570 2772 bifidae
596 2716 941 2790 putaminum
965 2716 1195 2773 carinae
1222 2713 1675 2791 nucleorumque
1706 2712 1815 2771 alia
1840 2712 2065 2790 quadri-

60 2799 270 2874 pertita
328 2796 651 2870 distinctio,
702 2797 893 2873 lignea
947 2800 1367 2857 intercursante
1430 2797 1778 2856 membrana.
1854 2798 2065 2855 ceteris

61 2879 339 2959 quidquid
389 2890 479 2940 est
520 2879 765 2941 solidum
814 2891 905 2941 est
954 2890 1014 2940 ut
1055 2882 1111 2940 in
1148 2875 1431 2942 abellanis
1479 2891 1537 2941 et
1570 2883 1698 2959 ipso
1730 2898 1934 2939 nucum
1961 2898 2064 2956 ge·

60 2983 204 3023 nere
265 2981 409 3041 quas
456 2974 624 3024 antea
676 2964 978 3024 Abellinas
1029 2966 1217 3043 patrio
1265 2966 1491 3025 nomine
1541 2963 1938 3043 appellabant.
2010 2964 2065 3020 in

61 3049 261 3108 Asiam
318 3047 736 3125 Graeciamque
797 3067 830 3107 e
885 3048 1066 3108 Ponto
1128 3058 1412 3109 venerunt
1480 3050 1731 3126 ideoque
1791 3048 2063 3107 Ponticae

62 3151 246 3191 nuces
275 3142 575 3192 vocantur.
637 3133 741 3192 has
775 3149 1006 3211 quoque
1037 3132 1228 3193 mollis
1258 3135 1516 3212 protegit
1553 3132 1753 3196 barba.
1815 3132 1920 3192 sed
1955 3150 2055 3211 pu·
2078 3139 2151 3194 89

62 3217 257 3275 tamini
301 3217 644 3294 nucleisque
693 3217 880 3276 solida
922 3217 1239 3277 rotunditas
1279 3219 1446 3276 inest.
1518 3215 1621 3276 eae
1664 3225 1721 3276 et
1750 3225 2060 3276 torrentur.

61 3299 368 3358 umbilicus
424 3301 539 3359 illis
588 3302 736 3360 intus
793 3304 851 3360 in
889 3311 1092 3361 ventre
1134 3302 1347 3362 medio.
1407 3304 1577 3361 tertia
1619 3300 1691 3362 ab
1734 3301 1821 3361 his
1863 3309 2064 3361 natura

60 3383 384 3461 amygdalis
418 3386 680 3445 tenuiore
717 3386 824 3446 sed
857 3386 1025 3445 simili
1055 3386 1401 3464 iuglandium
1431 3402 1646 3445 summo
1679 3387 2064 3468 operimento,
