2320 3650
157 108 238 170 36
829 120 890 167 c.
936 121 1129 167 mm
1170 119 1468 166 summm

159 276 484 354 praetorius
520 283 579 333 et
608 272 716 347 Qu.
750 272 1017 332 Haterius
1050 291 1233 354 eques
1278 271 1572 332 Romanus
1599 275 1657 340 in
1685 291 1906 334 venere
1938 273 2175 350 obiere,
2269 329 2278 334 ,

158 368 216 418 et
246 375 395 435 quos
426 367 620 416 nostra
650 357 942 416 adnotavit
973 366 1132 414 aetas
1168 356 1277 414 duo
1313 359 1614 434 equestris
1633 357 1847 415 ordinis
1878 359 1935 415 in
1959 359 2178 430 eodem

157 443 503 519 pantomimo
529 440 773 516 Mystico
801 449 914 499 tum
942 441 1125 500 forma
1157 440 1579 515 praecellente.
1638 442 2068 518 operosissima
2081 450 2176 516 a·

156 542 285 584 men
315 527 598 586 securitas
634 527 833 584 mortis
866 526 921 583 in
950 522 1025 581 M.
1071 521 1245 581 Ofilio
1277 522 1475 583 Hilaro
1515 523 1588 584 ab
1630 526 1877 602 antiquis
1906 513 2174 586 traditur.

71 618 174 673 185
195 610 625 674 comoediarum
654 608 856 667 histrio
888 609 959 681 is,
988 625 1115 667 cum
1140 607 1361 685 populo
1390 608 1694 668 admodum
1721 609 2045 685 placuisset
2077 627 2175 667 ns-
2195 627 2216 665 s

154 693 255 752 tali
285 693 379 754 die
416 710 522 752 suo
557 694 995 768 conviviumque
1042 690 1319 764 haberet,
1352 692 1506 750 edita
1542 709 1688 751 cena
1724 691 1949 754 caldam
1981 694 2175 769 potio·

155 794 283 836 nem
315 779 371 836 in
406 778 654 855 pultario
688 776 995 853 poposcit,
1039 774 1324 852 simulque
1356 793 1665 852 personam
1698 777 1821 835 eius
1852 776 1969 835 diei
2003 794 2174 835 acce-

153 871 307 937 ptam
334 863 561 919 intuens
592 877 868 919 coronam
902 878 935 918 e
972 860 1166 935 capite
1201 875 1305 917 suo
1336 862 1393 917 in
1428 877 1555 918 eam
1588 859 1906 934 transtulit,
1940 860 2044 919 tali
2077 860 2173 919 ha-

152 942 274 1003 bitu
325 947 524 1020 rigens
573 943 732 1002 nullo
788 943 1107 1017 sentiente,
1165 942 1354 1001 donec
1404 942 1801 1003 accubantium
1854 960 2172 1020 proxumus

70 1035 172 1090 186
195 1037 511 1104 tepescere
559 1029 854 1103 potionem
896 1026 1251 1086 admoneret.
1326 1026 1486 1085 Haec
1531 1027 1727 1087 felicia
1762 1027 2071 1104 exempla,
2117 1037 2171 1086 at
2189 1041 2229 1081 io

153 1120 353 1168 contra
394 1111 749 1169 miseriarum
792 1112 1118 1182 innumera:
1164 1109 1226 1168 L.
1259 1110 1544 1169 Domitius
1577 1112 1936 1171 clarissimae
1981 1113 2171 1187 gentis

152 1192 302 1269 apud
334 1192 646 1253 Massiliam
678 1196 884 1270 victus,
921 1192 1136 1254 Corfini
1169 1202 1373 1271 captus
1404 1195 1476 1254 ab
1512 1195 1721 1255 eodem
1751 1192 2034 1270 Caesare,
2070 1214 2169 1254 ve·

149 1294 301 1335 neno
345 1286 485 1354 poto
531 1287 791 1356 propter»
818 1278 1299 1353 taedium‘vitae,
1348 1287 1654 1357 postquam
1702 1278 1968 1354 biberat,
2019 1280 2172 1338 omni

153 1377 268 1439 ope
311 1371 372 1419 ut
417 1364 642 1421 viveret
689 1364 922 1423 adnisus
968 1372 1078 1421 est.
1143 1363 1426 1422 invenitur
1467 1364 1524 1421 in
1565 1364 1712 1422 actis
1745 1361 1948 1421 Felice
1978 1364 2169 1425 russei

151 1446 349 1527 auriga
391 1446 546 1509 elato
590 1448 647 1508 in
688 1465 894 1525 rogum
938 1448 1063 1506 eius
1102 1464 1273 1505 unum
1306 1464 1338 1504 e
1381 1446 1708 1506 faventibus
1743 1448 1957 1506 iecisse
2006 1462 2166 1520 sese,
2185 1466 2230 1506 ιε

151 1534 418 1593 frivolum
453 1535 641 1608 dictu,
679 1552 753 1591 ne
786 1533 900 1592 hoc
930 1531 1159 1607 gloriae
1190 1530 1427 1596 artificis
1463 1531 1719 1605 daretur,
1751 1530 2016 1589 adversis
2051 1541 2167 1590 stu·

152 1618 257 1677 diis
305 1620 476 1694 copia
521 1619 764 1677 odorum
811 1623 1147 1692 corruptum
1189 1614 1635 1676 criminantibus.
1709 1632 1834 1674 cum
1883 1623 2021 1674 ante
2054 1631 2169 1676 non

150 1702 327 1761 multo
355 1701 429 1759 M.
468 1700 720 1779 Lepidus
748 1698 1143 1757 nobilissimae
1176 1700 1396 1776 stirpiS,
1433 1717 1604 1777 quem
1633 1699 1846 1763 divorti
1877 1700 2169 1762 anxietate

69 1807 136 1843 122
151 1787 395 1846 diximus
424 1794 729 1859 mortuum,
767 1782 1027 1861 flammae
1058 1784 1113 1840 vi
1146 1801 1179 1841 e
1211 1800 1358 1859 rogo
1397 1784 1624 1843 eiectus
1649 1781 1891 1844 recondi
1924 1791 2170 1862 propter

153 1864 420 1931 ardorem
466 1884 578 1927 non
625 1869 945 1946 potuisset,
1003 1869 1158 1929 iuxta
1198 1869 1502 1927 sarmentis
1543 1868 1895 1927 aliis-nudus
1943 1884 2229 1928 crema-20

152 1962 244 2011 tus
281 1962 388 2011 est.
476 1984 480 1990 -

69 2045 168 2100 187
272 2037 372 2095 54.
417 2036 583 2114 (55.)
645 2034 837 2112 Ipsum
874 2054 1132 2097 cremare
1166 2036 1317 2113 apud
1353 2035 1645 2099 Romanos
1676 2052 1789 2094 non
1819 2035 1924 2097 fuit
1949 2036 2170 2096 veteris

152 2121 407 2185 instituti.
441 2129 597 2203 terta
622 2119 1036 2183 condebantur.
1088 2128 1477 2198 at=postquam
1491 2119 1836 2198 longinquis
1861 2118 2170 2191 bellismb·

151 2213 311 2263 rutos
349 2205 471 2267 erui
504 2220 877 2280 cognovere,
910 2213 1061 2263 tuuc
1101 2205 1433 2267 institutum.
1501 2213 1564 2280 et
1601 2213 1791 2263 tamen
1824 2203 2039 2263 multae
2080 2204 2169 2267 fa-

152 2288 343 2347 miliae
386 2290 613 2365 priscos
660 2278 973 2347 servavere
1012 2290 1185 2361 ritus,
1233 2282 1383 2346 sicut
1426 2289 1483 2346 in
1526 2285 2000 2347 Cornelianemo
2034 2297 2233 2419 ante?

154 2371 366 2431 Sullam
421 2372 778 2430 dictatorem
823 2372 1061 2430 traditur
1094 2380 1431 2430 crematus.
1517 2371 1689 2449 idque
1746 2371 2010 2441 voluisse
2066 2391 2170 2435 ve-

146 2457 316 2541 ritum
349 2455 618 2517 talionem
663 2463 830 2515 eruto
865 2453 930 2515 C.
965 2453 1107 2515 Mari
1145 2455 1453 2517 cadavere.
1520 2456 1792 2533 sepultus<
1824 2471 1966 2514 vero
1999 2455 2168 2516 intel-

155 2538 383 2613 legatur
407 2556 641 2616 quoquo
669 2540 840 2600 modo
870 2537 1155 2613 condituS,
1190 2538 1452 2601 humatus
1473 2557 1618 2597 vero
1643 2540 1812 2599 humo
1838 2548 2165 2603 contectus.

72 2629 175 2684 188
268 2620 377 2689 55.
428 2621 645 2700 (56:5*
674 2621 835 2682 Post·
877 2621 1235 2699 sepulturam
1298 2624 1493 2682 variae
1562 2625 1807 2682 manium
1862 2623 2163 2699 ambages.

155 2703 426 2763 Omnibus
458 2724 490 2765 a
521 2723 790 2783 suprema
820 2705 913 2765 die
948 2706 1153 2767 eadem
1187 2724 1339 2784 quae
1369 2716 1512 2766 ante-
1533 2709 1804 2783 primum‚
1838 2720 1950 2766 nec
1981 2708 2229 2783 magian

154 2807 184 2847 a
215 2798 402 2848 morte
434 2807 640 2848 sensus
673 2788 826 2851 ullus
859 2797 954 2848 aut
986 2790 1222 2867 corpori
1257 2792 1604 2850 aut‘animae
1639 2806 1808 2868 quam
1843 2800 1978 2853 ante
2007 2800 2166 2855 nata·

154 2872 284 2937 lem.
350 2873 554 2932 eadem
587 2872 736 2932 enim
765 2874 986 2933 vanitas
1018 2875 1076 2931 in
1109 2874 1358 2937 futurum
1390 2875 1561 2932 etiam
1603 2892 1670 2933 se
1701 2884 1992 2953 propagat
2015 2873 2169 2939 em

151 2958 349 3015 mortis
383 2973 615 3034 quoque
646 2965 920 3033 ³tempora
964 2957 1074 3016 sibi
1104 2958 1278 3018 vitam
1314 2959 1611 3035 mentitur,
1665 2958 1810 3021 alias
1851 2957 2165 3021 inmortali·

150 3047 324 3097 tatem
371 3042 626 3115 animae,
669 3040 813 3101 alias
852 3041 1442 3123 transfigurationem,
1489 3042 1633 3101 alias
1673 3060 1932 3109 sensum-
1961 3041 2165 3107 inferis

152 3121 339 3183 dando
367 3131 424 3180 et
449 3125 627 3182 manis
659 3123 906 3191 colendo
932 3123 1217 3200 deumque
1243 3125 1511 3184 faciendo
1539 3128 1632 3204 qui
1660 3128 1772 3189 iam
1793 3128 1966 3186 etiam
1986 3126 2162 3187 bomo
2180 3139 2226 3181 ³⁶

153 3221 288 3260 esse
321 3204 591 3280 desierit,
624 3225 734 3265 ceu
764 3223 906 3264 vero
943 3206 1062 3265 ullo
1095 3208 1267 3265 modo
1311 3209 1563 3284 spirandi
1594 3212 1742 3268 ratio
1784 3211 1999 3271 ceteris
2039 3210 2159 3271 ani-

151 3285 394 3345 malibus
427 3287 632 3361 distet,
670 3298 769 3348 aut
797 3306 912 3348 non
952 3291 1307 3349 diuturniora
1337 3292 1397 3348 in
1430 3294 1545 3353 vita
1590 3293 1765 3353 multa
1789 3294 2162 3370 'reperiantur

69 3376 171 3430 189
189 3367 393 3443 quibus
440 3387 606 3429 nemo
654 3372 899 3431 similem
946 3374 1160 3441 divinat
1212 3373 1691 3437 inmortalitatem.
1771 3375 1925 3452 quod
1967 3385 2159 3441 autem

2305 525 2315 568 ⁴

2305 907 2315 984 l

2293 2430 2315 2559 Ὗ

2301 2726 2315 2895 4
