2320 3650
198 59 277 123 82
445 102 450 107 -
892 71 951 119 c,
997 73 1186 118 PLINI
1227 72 1524 120 saeuum

198 243 427 305 quoque
461 225 642 304 ipsius
673 242 937 285 mensura
968 227 1158 286 veniat
1185 227 1256 286 ad
1284 227 1514 303 digitos.
1554 236 1792 305 quantas
1819 229 1974 288 enim
2000 230 2184 289 dime-

196 312 345 388 tiens
374 308 583 368 habeat
614 317 925 386 septumas,
958 319 1141 369 tantas
1164 309 1382 382 habere
1408 311 1683 370 circulum
1718 312 1833 371 duo
1879 322 1941 373 et
1966 314 2185 373 vicesi-

194 411 346 467 mas,
389 400 669 470 tamquam
701 392 871 469 plane
908 411 941 452 a
984 393 1400 471 perpendiculo
1435 411 1700 454 mensura
1733 396 1889 455 caeli
1929 406 2184 456 constet.

111 476 482 554 88Aegyptia
512 476 679 550 ratio,
717 494 883 554 quam
903 475 1183 536 Petosiris
1214 486 1272 536 et
1300 475 1650 557 Nechepsos
1683 480 2028 554 ostendere,
2068 482 2184 539 sin-

193 560 358 638 gulas
388 560 570 639 partis
590 561 648 618 in
677 560 856 619 lunari
889 560 1105 622 circulo
1142 561 1234 638 (ut
1258 560 1472 620 dictum
1504 564 1621 641 est)
1662 563 1916 640 ,mimimo
1949 565 2232 641 trigintas

193 643 371 703 tribus
402 642 596 703 stadiis
628 643 801 722 paulo
830 642 1072 722 amplius
1099 653 1300 722 patere
1333 644 1574 721 colligit,
1607 648 1667 704 in
1689 648 1920 706 Saturni
1947 648 2185 725 amplis-

128 748 173 780 35
200 729 340 787 simo
373 727 624 806 duplum,
656 728 712 786 in
742 726 904 801 solia,
941 745 1109 806 quem
1137 728 1384 787 medium
1415 747 1554 787 esse
1584 729 1848 805 diximuS,
1882 732 2188 810 utriusque

196 829 496 880 mensurae
535 810 840 870 dimidium.
891 829 1039 898 quae
1073 812 1402 888 conputatio
1437 812 1754 890 plurumum
1784 813 1965 873 habet
1996 816 2187 892 pudo-

193 897 293 969 ris,
326 895 587 973 quoniam
616 894 689 953 ad
719 895 942 953 Saturni
975 895 1246 954 circulum
1277 895 1470 955 addito
1503 896 1761 973 signiferi
1790 897 1975 975 ipsius
2004 899 2185 958 inter·

193 979 348 1038 vallo
383 995 493 1037 nec
524 977 892 1037 numerabilis
924 977 1322 1057 multiplicatio
1356 973 1621 1038 efficitur.
2207 993 2255 1032 ¹⁰

109 1083 177 1137 39
310 1060 407 1121 24.
463 1059 627 1140 (22.)
660 1059 897 1120 Restant
941 1080 1124 1140 pauca
1168 1063 1240 1122 de
1289 1063 1516 1122 mundo.
1569 1082 1817 1142 namque
1853 1072 1914 1124 et
1958 1065 2186 1142 inipso

197 1145 361 1204 caelo
408 1144 613 1203 stellae
657 1153 900 1222 repente
950 1155 1273 1204 nascuntur.
1337 1145 1505 1205 Plura
1543 1166 1737 1207 earum
1769 1165 2012 1223 genera.
2078 1147 2186 1208 25.

198 1227 468 1287 Cometas
501 1226 707 1288 Graeci
736 1237 945 1287 vocant
990 1229 1204 1306 (nostri
1234 1230 1498 1308 crinitas)
1529 1231 1819 1290 horrentis
1856 1232 2016 1291 crine
2052 1250 2189 1292 san-

193 1313 399 1390 guineo
449 1319 505 1370 et
550 1329 835 1371 comarum
874 1312 1045 1372 modo
1086 1314 1142 1371 in
1190 1314 1467 1373 verticem
1520 1313 1797 1393 hispidas.
1855 1315 2030 1374 iidem
2074 1332 2184 1393 po·

193 1397 393 1473 gonias
436 1395 641 1474 quibus
683 1396 956 1455 inferiore
989 1415 1063 1455 ex
1114 1406 1278 1475 parte
1318 1398 1372 1456 in
1404 1399 1664 1476 speciem
1693 1397 1911 1457 barbae
1965 1398 2187 1475 longae
2208 1413 2256 1456 ιε

194 1481 533 1559 promittitur
564 1479 738 1548 iuba.=
780 1479 1059 1540 Acontiae
1104 1480 1275 1540 iaculi
1316 1481 1488 1540 modo
1530 1481 1844 1541 vibrantur.
1901 1482 2187 1544 ocissimo

192 1564 510 1641 significatu
544 1563 692 1623 haec
724 1563 826 1623 fuit
857 1564 930 1623 de
982 1582 1090 1642 qua
1120 1565 1318 1643 quinto
1371 1565 1668 1625 consulatu
1713 1581 1817 1625 suo
1865 1564 2028 1625 Titus
2080 1566 2186 1625 im-

193 1656 429 1726 perator
461 1644 677 1706 Caesar
723 1647 1026 1726 praeclaro
1073 1649 1320 1707 carmine
1352 1649 1696 1727 perscripsit
1726 1649 1800 1709 ad
1842 1649 1995 1710 hunc
2026 1650 2188 1709 diem

192 1732 499 1790 novissime
529 1731 671 1790 visa.
718 1730 980 1791 Easdem'
998 1731 1302 1791 breviores
1338 1741 1397 1791 et
1426 1733 1483 1791 in
1511 1750 1844 1792 mucronem
1874 1733 2189 1810 fastigatas

190 1815 417 1894 xiphias
463 1833 789 1892 vocavere,
847 1834 993 1895 quae
1040 1824 1168 1876 sunt
1212 1818 1454 1877 omnium
1490 1815 1905 1896 pallidissimae
1943 1825 2003 1876 et
2037 1834 2257 1896 quo-20

192 1900 318 1959 dam
361 1898 748 1976 gladi·nitore
791 1917 858 1958 ac
904 1900 1026 1958 sine
1069 1899 1201 1959 ullis
1240 1901 1445 1976 radiis,
1499 1918 1645 1979 quos
1678 1910 1736 1959 et
1767 1902 2033 1977 discens,
2080 1919 2188 1962 uo-

191 1984 324 2042 mini
354 1983 583 2056 similis,
635 1983 835 2041 colore
877 1992 1068 2043 autem
1111 1983 1369 2060 electro,
1412 2002 1579 2044 raros
1612 2003 1645 2043 e
1668 1985 1927 2061 margine
1956 1986 2187 2044 emittit.

111 2076 179 2128 90
195 2067 423 2126 Pitheus
468 2067 750 2126 doliorum
793 2068 1042 2126 cernitur
1083 2067 1264 2144 figura
1303 2069 1360 2127 in
1403 2085 1660 2128 concavo
1705 2068 1957 2128 fumidae
2006 2069 2187 2129 lucis.

199 2147 455 2209 Ceratias
485 2167 692 2209 cornus
724 2151 979 2228 speciem
1007 2150 1202 2225 habet,
1239 2151 1423 2228 qualis
1452 2151 1557 2210 fuit
1589 2170 1715 2211 cum
1747 2150 1995 2212 Graecia
2025 2153 2192 2230 apud

193 2233 475 2294 Salamina
506 2234 869 2312 depugnavit.
925 2233 1262 2311 Lampadias
1293 2235 1548 2294 ardentis
1577 2236 1823 2295 imitatur
1851 2236 2022 2311 faciS,
2057 2236 2189 2314 hip-
2209 2257 2263 2298 25

194 2336 338 2396 peus
369 2318 609 2396 equinas
640 2318 821 2393 iubas,
857 2318 1143 2378 celerrimi
1175 2327 1360 2377 motus
1391 2327 1562 2397 atque
1595 2320 1653 2378 in
1684 2319 1890 2379 orbem
1922 2320 2082 2380 circa
2117 2339 2191 2380 se

196 2402 398 2460 euntis.
451 2399 543 2460 Fit
573 2411 629 2461 et
661 2403 933 2462 candidus
964 2409 1224 2461 cometes
1255 2411 1535 2479 argenteo
1570 2404 1729 2462 crine
1767 2404 1844 2463 ita
1875 2403 2195 2480 refulgens

194 2494 254 2544 ut
277 2486 383 2555 ,vix
418 2485 675 2545 contueri
710 2485 903 2559 liceat,
938 2486 1256 2564 specieque
1288 2484 1529 2546 humana
1562 2486 1705 2564 [dei]
1742 2486 2001 2564 effigiem
2022 2489 2095 2546 in
2119 2506 2195 2547 se

81 2624 108 2641 ,
193 2569 525 2628 ostendens.
587 2568 751 2628 Fiunt
784 2578 840 2628 et
869 2569 999 2628 hirti
1033 2568 1299 2627 villorum
1331 2571 1532 2649 specie
1569 2579 1628 2628 et
1658 2569 1812 2629 nube
1847 2571 2043 2649 aliqua
2074 2573 2194 2630 cir-

194 2653 454 2713 cumdati.
516 2653 711 2712 Semel
761 2652 944 2712 adhuc
986 2651 1155 2719 iubae
1199 2653 1677 2729 effigiesmutata
1714 2655 1777 2713 in
1811 2653 2039 2714 hastam
2072 2663 2273 2731 esum

195 2735 533 2815 Olympiade
569 2734 781 2812 CVIII,
828 2735 983 2795 urbis
1026 2753 1171 2795 auno
1209 2734 1564 2796 CCCCVIII.
1623 2736 2037 2797 Brevissimum
2070 2756 2199 2817 quo
2318 2734 2319 2747 ¹

192 2830 567 2880 cernerentur
601 2822 842 2899 spatium
868 2819 976 2880 VII
1009 2820 1229 2879 dierum
1260 2821 1585 2881 adnotatum
1617 2830 1739 2896 est,
1785 2821 2200 2898 longissimum

114 3000 180 3053 91
322 2987 488 3066 (23.)
521 2987 824 3047 Moventur
866 2994 1053 3046 autem
1086 2985 1234 3045 aliae
1282 2987 1587 3046 errantium
1636 2988 1845 3064 modo,
1894 2988 2058 3069 ‚aliae
2106 2990 2203 3048 in-

201 3070 444 3130 mobiles
473 3071 741 3146 haerent,
778 3087 977 3131 omnes
1010 3069 1192 3129 ferme
1224 3068 1329 3128 sub
1364 3070 1494 3148 ipso
1527 3072 1965 3149 septentrione,
1993 3071 2280 3151 aliquast
2318 3120 2319 3147 ἶ

202 3155 326 3213 eius
369 3161 535 3232 parte
579 3171 693 3214 non
728 3162 922 3229 certa,
976 3153 1081 3212 sed
1129 3171 1390 3212 maxume
1440 3155 1497 3213 in
1542 3155 1786 3214 candida
1818 3173 1973 3234 quae
2008 3155 2207 3217 lactei

204 3235 405 3295 circuli
426 3254 632 3296 nomen
655 3237 901 3315 accepit.
945 3235 1294 3309 Aristoteles
1320 3237 1490 3298 tradit
1519 3247 1577 3297 et
1600 3237 1763 3297 simul
1788 3238 1974 3316 pluris
1999 3241 2205 3316 cerni,

203 3320 411 3379 nemini
440 3329 773 3398 conpertum
802 3320 987 3394 alteri,
1021 3319 1174 3398 quod
1209 3321 1477 3398 equidem
1508 3322 1703 3382 sciam.
1748 3332 1964 3382 ventos
1997 3331 2207 3384 autem

1045 3601 1078 3609 ι
