2320 3650
142 59 264 123 220
830 73 888 120 c.
922 73 1113 121 pum
1152 63 1457 121 suenum
1543 70 1552 83 ¹

62 271 70 277 -
137 227 501 302 Erythraeae
523 241 743 287 xvi-
765 228 1136 289 hancvolant
1159 226 1470 287 Arabicam
1494 227 1757 305 intellegi
1783 261 1888 302 ——‚
1929 227 2159 305 Trogo·
2277 91 2285 298 N

137 312 366 387 dyticae
389 312 601 372 nucleo
624 325 749 374 xv1
784 313 846 386 S,
887 314 944 370 ei
973 328 1121 371 vero
1152 328 1322 391 quam
1347 311 1674 372 odorariam
1699 321 1938 387 vocant,
1972 325 2158 372 xlm.

49 404 117 459 71
137 395 489 458 adulteratur
529 395 757 456 lentisci
795 395 1023 473 glaebis
1066 404 1127 454 et
1166 397 1407 470 cummi,
1459 397 1598 455 item
1640 397 1969 455 cucumeris
2017 414 2161 456 suco

136 479 533 542 amaritudinis·
572 498 783 556 causa,
828 483 977 539 sicut
1023 479 1303 557 ponderis
1354 496 1556 559 spuma
1599 474 1846 557 argenti.
1924 480 2161 559 reliqua

135 564 274 624 vitia
302 563 814 641 deprehenduntur
843 580 1094 642 sapore,
1140 563 1380 624 cummis
1415 564 1591 624 dente
1628 564 1985 623 lentescens.
2052 565 2158 624 fal·
2178 580 2199 622 s
2285 573 2286 606 ³

136 648 427 707 lacissime
468 658 658 708 autem
696 648 1053 709 adulteratur
1092 647 1290 708 Indica
1335 664 1562 723 murra,
1606 663 1754 726 quae
1796 647 1985 708 ibide
2018 666 2159 727 qua·
2285 645 2286 662 ¹

135 731 264 791 dam
307 733 473 814 spina
518 733 834 810 colligitur.
913 732 1029 791 hoc
1075 732 1265 791 solum
1303 733 1471 812 peius
1515 731 1675 792 India
1722 731 1951 806 adfert,
1996 732 2160 792 facili

135 816 534 891 distinctione,
564 825 723 876 tanto
755 815 1017 877 deterior
1046 825 1155 876 est.
1503 827 1507 838 '

51 908 119 964 72
270 901 365 959 17.
415 901 580 980 (36.)
630 898 791 977 Ergo
820 901 1029 966 transit
1052 902 1109 960 in
1138 899 1461 959 mastichen
1485 917 1639 978 qnae
1662 909 1822 959 etex
1845 900 1960 960 alia
1990 903 2158 979 spina

136 985 197 1043 fit
224 986 284 1044 in
313 982 474 1044 India
502 985 754 1063 itemque
793 986 852 1043 in
886 983 1142 1060 Arabia,
1191 984 1398 1044 lainam
1433 993 1665 1044 vocant.
1730 983 1836 1043 sed
1864 984 2156 1044 mastiche
2176 992 2216 1033 ¹·
2286 981 2288 1100 ἵ

135 1085 369 1147 quoque
405 1070 633 1144 gemina
665 1077 786 1142 est,
819 1071 1087 1152 quoniam
1118 1077 1178 1128 et
1206 1070 1262 1127 in
1286 1068 1428 1128 Asia
1458 1066 1823 1146 Graeciaque
1859 1071 2159 1146 reperitur

133 1151 317 1211 herba
338 1169 372 1209 a
401 1151 776 1214 radice-lolia
800 1154 1068 1212 emittens
1096 1162 1156 1212 et
1189 1152 1462 1212 carduum
1491 1152 1737 1212 similem
1767 1152 1948 1227 malo,
1985 1154 2157 1212 semi·

135 1237 223 1294 nis
262 1234 528 1312 plenum,
572 1236 925 1316 lacrimaque
968 1237 1220 1314 erumpit
1245 1238 1427 1296 incisa
1458 1246 1630 1315 parte
1659 1252 1917 1316 summa,
1963 1238 2069 1295 vix
2093 1244 2158 1295 ut

136 1320 361 1380 dinosci
401 1321 590 1397 possit
633 1339 665 1382 a
698 1321 988 1381 mstiche
1029 1338 1192 1381 vera.
1266 1337 1376 1379 nec
1418 1338 1534 1379 non
1574 1328 1635 1379 et
1677 1322 1849 1381 tertia
1875 1322 1934 1378 in
1967 1320 2157 1380 Ponto

137 1412 258 1478 est,
321 1403 577 1463 bitumini
641 1405 883 1465 similior
906 1451 923 1478 ‚
975 1404 1374 1464 laudatissima
1435 1413 1625 1464 autem
1678 1402 1820 1464 chia
1884 1403 2152 1479 candida,
2173 1415 2213 1457 ¹⁵

136 1489 297 1547 cuius
320 1489 568 1565 pretium
588 1490 645 1547 in
674 1488 853 1548 libras
872 1488 927 1547 X
949 1503 1017 1564 x,
1054 1490 1257 1565 nigrae
1285 1505 1431 1548 vero
1461 1487 1517 1547 X
1539 1502 1610 1548 Π.
1671 1486 1817 1548 Chia
1842 1506 1877 1546 e
1901 1488 2154 1549 lentisco

133 1571 376 1631 traditur
407 1573 569 1649 gigni
614 1574 917 1632 cummium
952 1572 1145 1632 modo.
1210 1572 1567 1633 adulteratur
1596 1581 1657 1630 ut
1689 1580 1818 1632 tura
1848 1574 2069 1633 resina.

50 1665 118 1720 73
265 1656 432 1734 (37.)
480 1655 697 1716 Arabia
729 1657 901 1716 etiam
924 1675 1077 1716 nunc
1117 1666 1179 1715 et
1213 1656 1421 1718 ladano
1442 1656 1745 1735 gloriatur.
1794 1655 1954 1715 forte
1987 1673 2154 1716 casn·

134 1757 249 1818 que
288 1739 403 1799 hoc
446 1750 505 1799 et
543 1737 746 1800 iniuria
788 1741 988 1801 odoris
1024 1741 1149 1799 lieri
1180 1741 1379 1818 plures
1421 1739 1752 1815 tradidere,
1797 1757 2152 1819 caprasque,

132 1822 457 1884 maleficum
493 1823 636 1884 alias
677 1824 983 1885 frondibus
1016 1824 1255 1901 animal,
1288 1825 1659 1886 odoratorum
1694 1824 2216 1885 vero‘frnticumw

134 1906 535 1985 adpetentia,
579 1916 865 1986 tamquam
900 1909 1245 1987 intellegant
1280 1911 1503 1989 pretia,
1549 1926 1797 1988 carpere
1830 1912 2156 1986 germinum

135 1991 315 2053 caulis
346 1992 649 2069 praedulci
672 1992 901 2072 liquore
922 1995 1209 2070 turgentis
1233 1994 1743 2071 destillantemque
1763 1993 1836 2053 ab
1861 1993 1954 2053 his
1980 2011 2155 2054 casus

133 2077 375 2136 mixtura
425 2093 625 2135 sucum
681 2076 931 2156 inprobo
980 2077 1287 2139 barbarum
1339 2078 1486 2138 villo
1539 2077 1905 2155 abstergere.
2001 2079 2158 2138 hunc

133 2160 448 2236 glomerari
479 2161 758 2239 pulvere,
805 2163 1039 2242 incoqui
1069 2163 1237 2238 sole,
1271 2172 1330 2222 et
1356 2162 1494 2223 ideo
1522 2163 1579 2220 in
1610 2161 1817 2222 ladano
1842 2178 2156 2239 caprarum

133 2243 286 2322 pilos
330 2261 486 2304 esse.
575 2244 697 2305 sed=
722 2246 839 2304 hoc
876 2263 993 2307 non
1036 2246 1175 2308 alibi
1218 2247 1344 2306 fieri
1388 2263 1557 2324 quam
1592 2246 1658 2305 in
1702 2244 2023 2306 Nabataeis
2057 2246 2219 2326 quin

52 2335 122 2389 74
141 2337 271 2386 sunt
294 2345 370 2386 ex
403 2328 619 2389 Arabia
646 2328 991 2390 contermini
1022 2332 1248 2405 Syriae.
1308 2331 1674 2390 recentiores
1704 2348 1779 2388 ex
1813 2329 2170 2390 auctoribus*

135 2409 377 2471 storbon
415 2411 530 2472 hoc
564 2422 809 2489 vocant,
855 2414 1208 2493 traduntque
1233 2415 1414 2474 silvas
1446 2413 1702 2474 Arabum
1738 2422 1907 2492 pastu
1946 2431 2156 2493 capra-

130 2512 253 2554 rum
279 2495 533 2572 infringi,
560 2505 736 2575 atque
758 2499 837 2557 ita
874 2515 1072 2560 sucum
1097 2499 1252 2559 villis
1275 2499 1714 2574 inhaerescere,
1730 2515 1933 2558 verum
1957 2506 2158 2558 autem

131 2577 608 2659 ladanum-Cypri
649 2582 875 2642 insulae
921 2598 1091 2657 esse,
1135 2592 1198 2642 ut
1231 2582 1422 2643 obiter
1454 2584 1720 2662 quaeque
1750 2600 1974 2660 genera
2008 2581 2152 2642 odo-

129 2681 254 2722 rum
284 2663 582 2739 dicantur,
619 2668 881 2742 quamvis
912 2683 1028 2725 non
1069 2675 1354 2727 terraram
1381 2667 1606 2727 ordine.
1653 2667 1916 2726 similiter
1945 2666 2065 2726 hoc
2094 2674 2217 2726 etto

131 2746 209 2806 ibi
240 2747 368 2807 fleri
394 2747 625 2808 tradunt
654 2758 715 2808 et
748 2767 887 2810 esse
916 2767 1201 2829 oesypum
1229 2751 1520 2811 hircorum
1553 2750 1750 2811 barbis
1781 2749 2154 2828 genibusque

130 2832 360 2892 villosis
390 2832 736 2910 inhaerens,
778 2835 882 2894 sed
912 2834 1170 2894 hederae
1207 2835 1355 2895 flore
1391 2835 1642 2910 deroso,
1674 2832 1937 2913 pastibus
1968 2843 2151 2893 matu-

130 2916 297 2991 tinis,
329 2933 458 2976 oum
502 2926 597 2978 est
632 2918 931 2978 rorulenta
961 2916 1213 2997 Cypros.
1278 2919 1412 2979 dein
1450 2919 1663 2993 nebula
1709 2918 1837 2978 sole
1883 2917 2151 2979 discussa

131 2998 436 3077 pulverem
467 3001 837 3062 madentibus
877 3002 1034 3062 villis
1077 3003 1511 3064 adhaerescere
1555 3012 1731 3082 atque
1772 3004 1852 3062 ita
1882 3000 2149 3061 ladanum

46 3087 114 3142 75
133 3082 390 3158 depecti.
452 3094 582 3145 sunt
623 3087 718 3162 qui
750 3086 989 3145 herbam
1019 3088 1079 3145 in
1109 3085 1310 3167 Cypro
1342 3106 1418 3147 ex
1449 3105 1562 3166 qna
1599 3088 1656 3147 id
1697 3086 1794 3145 ssat
1823 3084 2016 3147 ledam
2048 3102 2147 3166 ap·
2166 3097 2212 3138 ³⁵

134 3163 379 3240 pellant,
404 3168 616 3227 etenim
636 3168 723 3228 illi
740 3169 1008 3228 ledanum
1030 3180 1261 3230 vocant.
1297 3171 1463 3231 buius
1487 3173 1720 3250 pinguia
1745 3168 2023 3244 insidere,
2044 3170 2148 3229 ita-

136 3262 248 3319 que
281 3250 543 3308 attractis
584 3250 857 3311 funiculis
897 3252 1137 3313 herbam
1183 3271 1309 3313 eam
1353 3255 1628 3315 convolvi
1670 3263 1845 3332 atque
1887 3252 1966 3312 ita
2000 3251 2149 3313 offas

132 3325 278 3383 fieri.
341 3344 490 3405 ergo
518 3333 576 3391 in
605 3342 852 3412 utraque
881 3344 1059 3412 gente
1103 3336 1235 3396 bina
1267 3354 1488 3413 genera
1507 3382 1525 3413 ,
1568 3346 1860 3397 terrenum
1892 3344 1952 3395 et
1979 3335 2144 3395 facti·

35 3486 169 3578 ι
