2320 3650
437 104 600 152 mr.
631 102 812 152 msr.
844 102 917 149 11.
948 97 1258 184 ¹107—108.
1294 87 1665 168 (ul—112.)
1957 55 2107 152 '⁴121

128 257 496 323 Corinthiaco
539 257 663 316 sinu
692 257 891 316 Patras
926 254 1317 333 Peloponnesi
1353 254 1615 315 LXXXX
1652 255 1739 330 M,
1787 257 2116 318 Leucadem

127 340 460 405 LXXXVII.
492 339 566 415 D,
602 339 913 414 Corcyram
945 340 1216 414 totidem,
1249 339 1680 399 Acroceraunia
1713 338 1997 402 CXXXII.
2034 341 2112 417 D,

126 425 481 489 Brundisium
512 422 848 483 LXXXVII.
893 423 979 497 D,
1024 422 1263 484 Romam
1306 420 1554 482 CCCLX
1583 422 1671 499 M,
1721 423 1889 501 Alpis
1929 444 2116 504 nsque

129 511 193 573 ad
218 511 671 586 scingomagum
704 508 891 566 vicum
920 505 1221 583 DXVIIII,
1272 525 1379 585 per
1415 507 1655 567 Galliam
1684 509 1755 568 ad
1784 507 2116 582 Pyrenaeos

89 595 324 656 ⁶montis
370 591 648 654 Illiberim
689 588 1200 665 DCCCCXXVII,
1257 591 1328 650 ad
1371 607 1651 650 oceanum
1703 600 1761 658 et
1804 591 2115 671 Hispaniae

126 696 275 739 oram
311 673 696 751 CCCXXXI,
735 676 979 733 traiectu
1019 673 1194 734 Gadis
1223 673 1347 748 yn.
1384 673 1469 748 D,
1519 693 1667 753 quae
1708 693 1973 735 mensura
2006 676 2114 735 Ar·

121 760 387 823 temidori
435 760 659 819 ratione
701 774 1062 824 Lxxxvnu:
1100 756 1375 818 XXXXV
1417 758 1613 818 efficit.
1674 757 1933 819 Latitudo
1977 778 2071 819 au·
2095 769 2199 823 245

35 861 44 878 ³
120 856 230 907 tem
270 854 476 905 terrae
523 860 558 903 a
603 843 919 902 meridiano
964 844 1073 902 situ
1118 842 1192 901 ad
1238 844 1664 918 septentriones
1709 843 1940 914 dimidio
1985 843 2114 903 fere

119 931 301 991 minor
332 926 660 1003 colligitur,
704 925 909 994 ‘xm
940 924 1206 987 LXXXX
1237 926 1422 1002 milia,
1465 943 1579 1005 quo
1623 927 1814 1005 palam
1846 927 1907 987 iit
1940 945 2115 1006 quan-

62 1021 237 1074 notum
287 1020 352 1071 et
390 1010 527 1070 hinc
579 1027 766 1089 vapor
818 1010 1117 1072 abstulerit
1170 1018 1231 1069 et
1270 1010 1438 1070 illinc
1486 1011 1666 1087 rigor.
1731 1028 1923 1091 neque
1965 1012 2117 1071 enim
2222 1085 2229 1092 .

122 1098 337 1158 deesse
369 1095 544 1154 terris
574 1095 824 1156 arbitror
853 1104 948 1156 aut
975 1110 1091 1153 non
1122 1112 1257 1153 esse
1288 1093 1450 1171 globi
1495 1095 1769 1171 formam,
1815 1097 1921 1157 sed
1955 1095 2114 1156 inha-

121 1179 382 1241 bitabilia
430 1179 713 1255 utrimque
759 1182 1099 1256 inconperta
1143 1196 1300 1237 esse.
1365 1177 1527 1238 Haec
1566 1197 1834 1241 mensura
1876 1180 2052 1239 currit
2081 1195 2115 1238 a

121 1265 290 1325 litore
338 1261 676 1340 Aethiopici
728 1263 964 1337 oceani,
1019 1279 1131 1340 qua
1179 1261 1349 1321 modo
1396 1261 1706 1339 habitatur,
1757 1263 1828 1324 ad
1871 1263 2116 1323 Meroen

122 1347 364 1407 deciens
410 1354 653 1405 centena
693 1347 878 1420 milia,
926 1345 1068 1406 inde
1111 1345 1522 1406 Alexandriam
1562 1363 1676 1415 ΧΠ
1722 1345 1795 1422 L,
1850 1347 2114 1407 Rhodum

61 1438 106 1480 1⁵
123 1428 380 1502 DLXIII,
417 1426 654 1489 Cnidum
687 1391 1020 1490 LXXXVII.
1052 1428 1137 1505 D,
1183 1427 1362 1489 Coum
1391 1427 1555 1488 XXV
1585 1431 1768 1505 milia,
1779 1390 2029 1490 Samum
2067 1427 2143 1489 C

120 1513 294 1587 milia,
332 1511 534 1574 Chium
564 1511 936 1574 LXXXXIIII
969 1512 1142 1588 milia,
1175 1512 1490 1588 Mytilenen
1519 1512 1672 1573 LXV
1704 1514 1887 1588 milia,
1924 1513 2112 1573 Tene-

121 1599 235 1659 don
261 1594 594 1659 xxxxlm
633 1598 817 1673 milia,
866 1598 1101 1673 Sigeum
1134 1598 1584 1675 promontorium
1611 1596 1720 1657 XII
1757 1598 1910 1657 milia
1951 1598 2111 1676 quin-

119 1681 313 1780 genti,
359 1699 429 1741 os
460 1679 623 1741 Ponti
655 1643 917 1741 ccc'xll
943 1681 1093 1741 milia
1125 1681 1451 1759 quingenti,
1490 1679 1811 1742 Carambim
1843 1698 2110 1760 promon-

119 1766 339 1827 torium
362 1761 588 1840 CCCL,
626 1782 694 1825 os
722 1764 1027 1825 Maeotidis
1058 1762 1316 1824 CCCXII
1345 1765 1498 1825 milia
1529 1766 1856 1846 quingenti,
1906 1765 2111 1829 ostium

55 1849 333 1911 w't'anais
365 1809 672 1909 CCLXXV
704 1850 886 1926 milia,
940 1850 1035 1928 qui
1067 1867 1267 1909 cursus
1305 1851 1642 1949 conpendiis
1671 1852 1841 1912 maris
1876 1850 2112 1910 brevior

119 1933 246 1994 lieri
278 1921 478 2011 potest
505 1930 874 1995 LXXXVIIII
911 1933 1084 1993 milia.
1149 1933 1243 1993 Ab
1287 1935 1435 1993 ostIo
1470 1933 1674 1994 Tanais
1709 1936 1846 1998 nihil
1888 1933 2066 1993 modi·
2090 1939 2194 1995 246

120 2035 248 2078 cum
302 2015 724 2093 diligentissimi
770 2026 1039 2077 auctores
1089 2017 1313 2079 fecere.
1387 2017 1785 2085 Artemidorus
1834 2018 2110 2078 ulteriora

117 2103 459 2178 inconperta
495 2100 874 2177 existumavit,
902 2120 1030 2162 cum
1064 2102 1221 2161 circa
1251 2099 1483 2163 Tanaim
1512 2104 1891 2164 Sarmatarum
1919 2102 2109 2178 gentis

120 2185 345 2261 degere
386 2182 671 2243 fateretur
718 2185 789 2245 ad
835 2186 1264 2264 septentriones
1311 2203 1536 2245 versuS.
1600 2186 1854 2246 Isidorus
1899 2184 2110 2245 adiecit

54 2283 103 2323 ιι
119 2266 479 2330 duodeciens
501 2266 745 2331 centena
768 2269 921 2331 milia
951 2269 1357 2347 quinquaginta
1380 2287 1564 2347 usque
1588 2271 1658 2330 ad
1683 2269 1926 2345 Thylen,
1959 2284 2108 2346 quae

117 2351 455 2411 coniectura
489 2350 849 2412 divinationis
884 2361 992 2411 est.
1052 2352 1183 2429 Ego
1215 2370 1330 2412 ιιοιι
1371 2354 1590 2412 minore
1632 2371 1798 2432 quam
1831 2368 2107 2431 proxume

117 2432 274 2496 dicto
328 2435 532 2510 spatio.
573 2435 952 2495 Sarmatarum
1001 2436 1128 2495 finis
1186 2438 1349 2496 nosci
1414 2437 1715 2515 intellego.
1786 2445 1844 2497 et
1893 2434 2109 2512 alioqui

118 2525 389 2597 quantum
432 2534 568 2576 esse
612 2518 789 2577 dehet
831 2519 984 2596 quod
1025 2520 1450 2580 innumerabilis
1499 2522 1688 2596 gentis
1731 2519 1972 2580 subinde
2015 2536 2105 2577 se·

120 2601 253 2662 dem
284 2602 552 2660 mutantis
583 2599 812 2679 capiat?
842 2603 991 2663 unde
1023 2603 1356 2664 ulteriorem
1379 2622 1700 2664 mensuram
1723 2602 2108 2664 inhabitabilis

54 2685 333 2764 ”plagae
363 2684 543 2747 multo
576 2703 710 2744 esse
743 2686 1015 2746 maiorem
1049 2687 1314 2747 arbitror.
1367 2706 1495 2748 nam
1540 2696 1599 2747 et
1630 2706 1662 2747 a
1695 2686 1994 2747 Germania
2024 2687 2105 2743 in·

116 2785 348 2829 mensas
392 2768 608 2837 insulas
650 2785 764 2827 non
791 2770 1011 2847 pridem
1043 2781 1352 2849 conpertas
1383 2772 1668 2848 cognitum
1698 2770 1906 2831 habeo.
1975 2768 2063 2828 De
2086 2772 2189 2828 247

116 2851 477 2930 longitudine
513 2870 584 2912 ac
613 2852 907 2913 latitudine
939 2854 1086 2914 haec
1117 2864 1244 2914 sunt
1272 2873 1424 2933 quae
1456 2856 1627 2931 digna
1656 2862 1970 2914 memoratu
1998 2869 2104 2930 pu·

114 2945 250 2997 tem.
288 2935 620 2995 universum
641 2945 830 2997 autem
852 2938 1001 2997 hunc
1026 2934 1319 2999 circuitum
1341 2938 1803 2999 Eratosthenes
1787 2956 1842 2996 ιιι
1867 2937 2108 2996 omnium

115 3018 353 3098 quidem
383 3019 699 3080 litterarum
730 3020 1037 3083 subtilitate
1066 3030 1124 3081 et
1151 3023 1208 3080 in
1241 3022 1347 3081 hac
1382 3023 1575 3100 utique
1610 3031 1844 3101 praeter
1876 3029 2109 3080 ceteros

48 3100 358 3188 auellere,
393 3120 563 3180 quem
594 3105 812 3163 cunctis
842 3103 1076 3182 probari
1102 3105 1300 3179 video,
1333 3103 1531 3165 CCLII
1553 3104 1611 3164 M
1633 3105 1944 3165 stadiorum
1972 3119 2107 3182 pro-

114 3182 294 3259 didit,
328 3203 482 3263 quae
512 3204 774 3248 mensura
807 3187 1063 3249 Romana
1099 3190 1505 3266 conputatione
1541 3189 1720 3249 efficit
1754 3191 2106 3249 trecentiens

114 3268 504 3347 quindeciens
532 3279 772 3330 centena
800 3271 953 3332 milia
981 3289 1174 3350 pass.,
1208 3272 1521 3350 inprobum
1538 3291 1766 3353 ausum,
1800 3291 2000 3333 verum
2029 3271 2107 3331 ita

113 3351 314 3417 subtili
343 3354 831 3452 argumentatione
863 3354 1326 3435 conprehensum
1353 3364 1412 3416 ut
1440 3356 1653 3434 pudeat
1690 3372 1805 3417 non
1839 3355 2104 3417 credere.

2108 3476 2109 3479 ‘
2196 3506 2294 3566 Α
