2320 3650
507 90 670 136 NAT.
707 87 888 136 ms'r.
935 88 1038 135 111.
1083 83 1287 138 9--11.
1324 71 1620 158 (14—16.)
2016 72 2132 135 143

71 246 140 309 M
192 263 394 326 pass.·
456 261 489 302 a
541 242 775 302 Lacinio
821 242 1221 320 promontorio
1267 240 1568 300 adversam
1615 242 1669 300 ei
1710 238 2033 300 Calabriam
2076 243 2134 299 in

75 328 496 411 peninsulam
534 327 818 385 emittens.
879 325 1086 386 Graeci
1118 324 1463 401 Messapiam
1498 342 1531 388 a
1576 324 1724 383 duce
1755 324 2132 403 appellavere

79 426 144 475 et
177 423 333 473 ante
357 408 719 472 Peucetiam
744 427 775 468 a
798 407 1074 467 Peucetio
1100 406 1340 466 Oenotri
1363 408 1539 466 fratre
1562 408 1619 464 in
1643 407 1938 467 Salentino
1967 425 2130 484 agro.

80 498 256 558 Inter
303 495 725 575 promontoria
772 490 818 550 C
849 491 907 550 M
945 509 1102 569 pass.
1151 494 1451 549 intersunt.
1513 491 1752 551 latitudo
1793 491 2132 569 peninsulae

40 597 63 634 ⁵
85 600 120 641 a
161 581 462 640 Tarento
499 576 856 635 Brundisium
902 585 1136 635 terreno
1182 576 1387 633 itinere
1430 572 1649 633 XXXV
1678 573 1736 632 M
1764 592 1918 652 pass.
1952 583 2132 652 patet,

79 664 425 740 multoque
475 660 715 718 brevius
752 678 785 719 a
823 668 992 737 portu
1024 659 1250 718 Sasine.
1313 657 1536 735 Oppida
1575 675 1684 735 per
1716 660 2099 717 continentem
2123 668 2219 719 100

82 768 116 809 a
153 748 451 807 Tarento
482 743 660 802 Varia
698 744 790 801 cui
820 759 1145 819 cognomen
1175 741 1437 819 Apulae,
1488 740 1812 819 Messapia,
1860 741 2131 814 Aletium,

80 836 145 891 in
175 847 304 891 ora
335 844 500 890 vero
537 827 783 901 Senum,
834 823 1136 903 Callipolis
1170 842 1318 902 quae
1354 843 1501 884 nunc
1528 835 1619 884 est
1648 824 1815 884 Anxa
1845 823 2051 883 LXXV
2078 803 2136 883 Μ

83 933 266 994 pass·
312 930 350 972 a
386 911 671 971 Tarento.
738 910 877 970 Inde
918 909 1140 968 XXXII
1170 908 1228 967 Μ
1259 910 1712 987 promontorium
1754 908 1909 986 quod
1940 908 2136 967 Acran

19 1018 69 1058 ιο
84 997 429 1077 Iapygiam
452 1003 687 1069 vocant,
723 1010 835 1070 quo
860 992 1195 1069 longissime
1225 994 1283 1051 in
1312 995 1488 1051 maria
1523 993 1779 1052 excurrit
1807 992 1988 1051 Italia.
2042 991 2132 1050 Ab

87 1100 170 1143 eo
205 1081 407 1140 Basta
445 1077 719 1155 oppidum
743 1086 800 1135 et
822 1075 1175 1150 Hydruntum
1207 1076 1410 1135 decem
1434 1094 1502 1135 ac
1531 1093 1741 1134 novem
1763 1074 1821 1134 Μ
1842 1093 2131 1154 passuum,
2188 1119 2193 1124 -

88 1167 170 1226 ad
208 1164 555 1224 discrimen
585 1160 730 1219 Ionii
761 1169 821 1219 et
847 1159 1158 1219 Hadriatici
1192 1160 1396 1233 maris,
1433 1177 1542 1236 qua
1573 1161 1630 1217 in
1660 1157 1979 1218 Graeciam.
2003 1158 2132 1217 bre-

87 1249 397 1308 vissimus
441 1243 735 1318 transitus,
768 1261 844 1303 ex
871 1244 1122 1302 adverso
1153 1241 1585 1319 Apolloniatum
1611 1243 1807 1320 oppidi
1839 1242 2132 1323 latitudine

91 1330 572 1392 intercurrentis
599 1328 734 1387 freti
771 1328 1177 1405 quinquaginta
1210 1324 1268 1383 M
1295 1342 1411 1383 non
1445 1325 1706 1403 amplius,
1765 1325 1892 1385 Hoc
1921 1326 2092 1385 inter·
2118 1337 2216 1388 101

21 1439 74 1478 15
92 1416 338 1476 vallum
388 1412 656 1489 pedestri
705 1414 1047 1470 continuare
1092 1411 1333 1469 transitu
1370 1409 1644 1487 pontibus
1690 1410 1855 1467 iactis
1894 1410 2133 1486 primum
2248 1393 2269 1410 ’

93 1499 338 1574 Pyrrus
375 1494 551 1573 Epiri
585 1512 693 1553 rex
729 1495 1038 1571 cogitavit,
1082 1503 1220 1571 post
1250 1512 1378 1552 eum
1405 1493 1480 1553 M.
1512 1492 1735 1567 Varro,
1775 1509 1902 1551 cum
1935 1491 2131 1551 classi-

92 1583 214 1643 bus
263 1579 527 1655 Pompei
568 1579 809 1655 piratico
850 1577 1010 1636 bello
1057 1585 1381 1655 praeesset.
1435 1586 1737 1653 utrumque
1771 1575 1921 1633 aliae
1955 1575 2133 1652 impe·

95 1666 324 1726 divere
360 1669 572 1729 curae¹
625 1660 715 1720 Ab
745 1661 1039 1735 Hydrunte
1071 1657 1332 1720 Soletum
1361 1660 1675 1734 desertum,
1705 1658 1838 1718 dein
1867 1658 2132 1718 Fratuer-

97 1751 278 1821 tium,
321 1754 540 1825 portus
576 1743 949 1819 Tarentinus,
984 1746 1153 1803 statio
1197 1743 1506 1821 Miltopae‚
1558 1743 1771 1821 Lupia,
1824 1742 2130 1817 Balesium,

20 1854 81 1893 κο
102 1831 368 1906 Caelia,
410 1829 769 1888 Brundisium
800 1828 935 1888 ΒΜ
975 1846 1131 1906 pass.
1168 1828 1239 1889 ab
1277 1828 1572 1904 Hydrunte
1617 1830 1674 1886 in
1704 1829 1899 1906 primis
1935 1825 2134 1885 Italiae

100 1927 294 1996 portu
337 1912 551 1972 nobile
592 1930 661 1972 ac
700 1912 857 1971 velut
899 1915 1153 1971 certiore
1199 1914 1437 1971 transitu
1482 1914 1568 1971 sic
1610 1914 1804 1989 utique
1844 1911 2132 1986 longiore,

101 2001 468 2078 excipiente
491 1995 708 2071 Illyrici
731 1996 873 2054 urbe
895 1995 1219 2055 Durrachio
1249 1993 1512 2054 CCXXV
1530 1990 1589 2054 M
1610 1998 1871 2056 traiectu.
1924 1993 2099 2052 Brun·
2117 2003 2217 2055 102

101 2084 269 2144 disio
307 2081 706 2141 conterminus
737 2079 1139 2139 Pediculorum
1174 2098 1335 2157 ager.
1367 2078 1528 2138 VIIII
1561 2078 2133 2139 adolescentestoti·

104 2168 386 2244 demque
422 2165 696 2239 virgines
726 2163 798 2222 ab
830 2162 1040 2236 Illyriis
1074 2162 1210 2222 XVI
1252 2162 1505 2242 populos
1554 2180 1832 2239 genuere.
1893 2160 2132 2220 Pedicu-
2178 2210 2183 2215 .

21 2267 85 2306 25
105 2253 313 2313 lorum
352 2247 574 2325 oppida
607 2246 850 2321 Rudiae,
883 2246 1158 2322 Egnatia,
1191 2244 1438 2322 Barium,
1474 2264 1670 2306 amnes
1701 2245 1883 2322 Iapyx
1913 2261 1945 2303 a
1979 2243 2131 2302 Dae-

103 2332 398 2401 danfflio
432 2349 602 2406 rege,
637 2349 670 2390 a
701 2347 813 2407 quo
848 2338 907 2389 et
937 2329 1196 2407 Iapygia,
1230 2327 1312 2368 **
1343 2331 1601 2404 PactiuS,
1624 2329 1863 2389 Aufidus
1899 2345 1973 2387 ex
2005 2326 2130 2386 Hir-

104 2419 273 2498 pinis
293 2412 592 2474 montibus
620 2412 1294 2490 Canusiumpraefluens.
1324 2444 1325 2447 ¹
1345 2414 1491 2473 Hinc
1515 2413 1724 2492 Apulia
1747 2413 2094 2472 Dauniorum
2118 2417 2216 2471 103

107 2500 481 2578 cognomine
515 2516 546 2556 a
582 2497 729 2556 duce
760 2496 1056 2556 Diomedis
1087 2514 1299 2557 socero
1318 2542 1335 2573 ,
1370 2500 1428 2556 in
1459 2515 1569 2575 qua
1601 2498 1873 2575 oppidum
1901 2495 2131 2572 Salapia

107 2581 468 2644 Hannibalis
491 2582 822 2640 meretricio
847 2581 1046 2640 amore
1071 2581 1368 2656 inclutum,
1405 2582 1724 2659 Sipontum,
1762 2579 1921 2652 Uria,
1955 2579 2131 2639 amnis

27 2685 92 2726 ao
113 2665 425 2728 Cerbalus
474 2663 825 2723 Dauniorum
884 2665 1046 2739 finis,
1101 2674 1303 2743 portus
1355 2664 1586 2741 Agasus
1606 2710 1623 2740 ,
1679 2664 2133 2740 promontorium

111 2751 338 2811 montis
375 2747 628 2825 Gargani
659 2766 690 2806 a
721 2747 1018 2808 Salentino
1048 2751 1172 2808 sive
1205 2748 1447 2827 Iapygio
1481 2745 1855 2807 CCXXXIIII
1885 2746 1942 2805 M
1974 2761 2126 2824 pass.

111 2833 341 2911 ambitu
374 2830 645 2907 Gargani,
683 2840 885 2908 portus
927 2831 1182 2907 Garnae,
1217 2833 1378 2892 lacus
1409 2832 1723 2906 Pantanus,
1756 2830 1965 2889 flumen
1996 2847 2128 2907 por-

111 2927 355 2978 mosum
392 2914 656 2985 Frentoz·
685 2914 938 2975 Teanum
967 2915 1287 2993 Apulorum
1323 2918 1574 2994 itemque
1605 2914 1886 2988 Larinum,
1922 2910 2130 2972 Cliter-

111 3004 238 3076 nia,
274 2998 551 3059 Tifernus
576 3000 773 3058 amnis.
819 2998 949 3058 inde
973 3001 1141 3076 regio
1167 2999 1468 3059 Frentana.
1528 3000 1613 3059 Ita
1636 2998 1960 3076 Apulorum
1988 3014 2088 3074 ge·
2114 3001 2215 3055 104

27 3100 264 3144 annet-a
293 3085 438 3143 tria:
492 3082 675 3141 Teani
705 3099 737 3141 a
769 3082 981 3142 duce=e
1013 3083 1199 3159 Grais,
1231 3083 1442 3142 Lucani
1471 3083 1694 3142 subacti
1725 3100 1758 3141 a
1790 3078 2128 3155 Calchante,

116 3184 280 3247 quae
323 3182 481 3226 nunc
526 3167 660 3226 loca
705 3175 905 3227 tenent
945 3166 1237 3243 Atinates,
1281 3157 1631 3226 Dauniorum
1679 3173 1914 3244 praeter
1955 3182 2129 3243 supra

114 3250 594 3313 dict-›coloniae
618 3249 881 3324 Luceria,
914 3249 1196 3325 Venusia,
1231 3251 1443 3327 oppida
1481 3247 1818 3326 Canusium,
1857 3249 1997 3327 Arpi
2029 3249 2128 3308 ali-

116 3334 386 3417 quando.
410 3333 613 3411 Argos
651 3332 920 3412 Hippiam
962 3333 1247 3393 Diomede
1294 3333 1610 3411 condente,
1663 3351 1800 3394 mox
1839 3333 2130 3408 Argyripa
