2320 3650
560 100 720 151 mr.
749 96 930 150 ms‘r.
961 95 1137 152 msa.
1164 87 1591 168 (44.)—-v1.3.
1623 88 1735 174 (3.)
2036 89 2158 153 217
2205 172 2210 189 .
2303 104 2310 113 ’

163 253 470 332 Coralius,
522 271 556 316 a
611 271 728 336 quo
775 252 1053 336 incipiunt
1109 251 1464 334 Mariandyni
1516 259 1672 318 sinus
1691 303 1709 336 ,
1767 259 2158 339 oppidumque

159 340 454 401 Heraclea
469 339 628 414 Lyco
644 340 862 401 flumini
876 341 1215 420 adpositum.
1252 338 1420 402 abest
1439 360 1474 402 a
1486 341 1773 403 Ponti·ore
1796 343 2023 403 milibus
2038 342 2157 403 CC.

161 433 371 504 portus
406 423 619 483 Acone¹
644 432 873 484 veneno
911 425 1138 484 aconito
1176 424 1363 500 dirus,
1399 442 1627 505 ,specus
1658 424 2010 503 Acherusia,
2055 428 2157 488 flu·

164 509 318 567 mina
340 506 747 586 Paedopides,
782 506 1200 584 Callichorum,
1245 509 1563 584 Sonautes,
1610 511 1881 589 oppidum
1904 510 2065 571 Tium
2081 511 2161 572 ab

121 590 452 651 afleraclea
479 588 785 651 XXXVIII
801 592 914 651 mil.
942 604 1245 670 passuum,
1278 590 1480 652 fluvius
1504 592 1689 653 Billis.
1785 630 1800 646 .

336 673 393 733 2.
430 673 555 753 (2.)
601 673 764 735 Ultra
792 684 976 753 -quem
1014 692 1162 752 gens
1195 675 1617 753 Paphlagonia,
1656 692 1824 756 quam
1855 676 2154 752 Pylaeme-
2178 689 2213 742 5

162 759 317 818 niam
352 757 528 836 aliqui
556 757 822 818 dixerunt
861 758 1138 818 inclusam
1174 776 1209 819 a
1238 768 1407 836 tergo
1446 757 1683 820 Galatia.
1739 760 2008 839 oppidum
2040 759 2160 822 Ma·

165 850 294 917 stya
317 839 704 917 Milesiorum,
741 842 877 902 dein
901 840 1181 919 Cromna,
1214 843 1490 922 quo-loco
1516 842 1736 905 Enetos
1759 844 1932 905 adicit
1952 842 2156 922 Nepos
2217 882 2223 889 -

166 923 500 1000 Cornelius,
532 941 566 986 a
586 925 795 1004 quibus
827 927 885 987 in
906 924 1069 987 Italia
1095 935 1255 987 ortos
1279 928 1652 1004 cognomines
1679 945 1879 988 eorum
1899 927 2162 989 Venetos

94 1025 148 1067 io
167 1008 415 1068 credere
452 1010 724 1086 postulat.
810 1010 1092 1070 sesamon
1122 1010 1429 1088 oppidum,
1462 1011 1628 1090 ,quod
1671 1027 1821 1071 nunc
1859 1011 2160 1072 Amastris.

160 1102 331 1153 mous
354 1090 606 1168 Cytorus
639 1111 675 1153 a
698 1092 804 1153 Tio
836 1086 1016 1153 LXIII
1044 1091 1103 1152 M
1132 1109 1424 1171 passuum.
1482 1095 1698 1174 oppida
1723 1093 1991 1171 Cimolis,
2030 1097 2161 1156 Ste-

162 1176 355 1255 phane
371 1221 390 1252 ,
427 1177 605 1236 amnis
628 1176 983 1237 Parthenius.
1070 1176 1525 1239 Promontorium
1550 1176 1848 1239 Cerambis'
1869 1188 2036 1239 vasto
2062 1197 2161 1240 ex·
2182 1187 2219 1243 6

163 1276 342 1320 cursu
365 1258 534 1322 abest
556 1279 588 1320 a
608 1260 771 1321 Ponti
795 1261 946 1321 ostio
963 1254 1635 1339 CCCXXVMpassuum
1656 1260 1775 1337 vel,
1798 1271 1860 1322 ut
1881 1263 2010 1331 aliis
2036 1263 2180 1341 pla*

134 1382 141 1390 .
166 1345 319 1415 cuit,
356 1341 550 1403 (3ch
570 1342 661 1419 M,
692 1344 1022 1405 tantundem
1042 1342 1409 1414 aCimmerio
1437 1354 1573 1421 aut,
1598 1355 1660 1405 ut
1679 1345 1856 1425 aliqui
1880 1346 2159 1421 maluere,

32 1446 35 1451 ·
98 1446 150 1493 ιε
173 1424 434 1487 cccxli
475 1425 535 1485 M
576 1426 648 1487 D..
703 1428 811 1488 fuit
851 1437 910 1488 et
942 1428 1216 1506 oppidum
1249 1428 1714 1493 eodemnomine
1747 1438 1808 1489 et
1842 1430 1994 1489 aliud
2030 1429 2163 1490 inde

168 1510 426 1571 Armine.
470 1528 619 1570 nunc
643 1520 733 1571 est
755 1512 987 1572 colonia
1011 1512 1231 1591 Sinope
1261 1529 1296 1572 a
1319 1510 1537 1588 Cytoro
1550 1508 1809 1574 CLXIIII
1827 1511 1904 1587 M.
1952 1512 2163 1577 flumen

164 1594 477 1670 Varecum,
491 1612 641 1671 gens
655 1594 1084 1675 Cappadocum,
1109 1595 1386 1674 oppidum
1397 1595 1609 1657 Catiria
1623 1596 1955 1675 Zaceplum,
1984 1598 2162 1656 amnis

167 1677 306 1738 Pilis
336 1695 369 1738 a
389 1678 680 1739 radicibus
702 1679 873 1741 Tauri
905 1697 1012 1758 per
1035 1677 1367 1741 Cataoniam
1391 1678 1934 1760 Cappadociamque
1958 1681 2162 1741 decur-

164 1778 325 1821 rens.
418 1761 633 1841 oppida
676 1761 939 1842 Ganger,
984 1761 1238 1842 Cal-usa,
1282 1763 1536 1825 Amisum
1578 1762 1822 1825 liberum
1863 1778 1896 1824 a
1941 1764 2217 1844 Sinope7

99 1844 386 1907 mcxxx
413 1844 472 1906 Μ
494 1843 794 1925 passuum,
829 1848 1202 1926 eiusdemque
1236 1851 1480 1910 nominis
1504 1851 1666 1910 sinus
1700 1848 1841 1910 tanti
1864 1865 2162 1925 recessus,

165 1940 231 1990 nt
250 1928 451 1990 Asiam
469 1947 655 2009 paene
678 1932 917 1992 insulam
940 1931 1144 2007 faciat,
1178 1930 1275 1993 GC
1297 1932 1357 1992 M
1377 1949 1649 2013 passuum
1671 1942 1766 1994 aut
1791 1932 2036 2012 amplius
2059 1950 2167 2011 per

154 2014 556 2075 ‘contiuentem
579 2013 651 2075 ad
673 2014 915 2077 Issicum
939 2015 1183 2076 Ciliciae
1217 2017 1419 2077 sinum.
1508 2016 1639 2091 Quo
1681 2018 1740 2076 in
1787 2017 1939 2076 omni
1979 2025 2167 2077 tractu

168 2096 431 2177 proditur
463 2099 566 2158 tris
599 2107 813 2159 tantum
846 2101 1038 2177 gentis
1077 2097 1335 2160 Graecas
1371 2102 1495 2161 iure
1530 2100 1676 2176 dici,
1707 2094 1981 2161 Doricam
2013 2098 2164 2160 Ioni·

168 2197 297 2241 cam
317 2181 655 2259 Aeolicam,
689 2192 917 2243 ceteras
939 2182 1322 2243 Barbarorum
1353 2201 1509 2244 esse.
1556 2183 1757 2244 Amiso
1783 2186 2033 2244 iunctum
2061 2184 2168 2244 fuit

102 2280 154 2323 2⁵
173 2265 444 2344 oppidum
478 2264 790 2345 Eupatoria
824 2283 858 2328 a
886 2264 1211 2326 Mithridate
1248 2267 1553 2328 conditum.
1608 2268 1764 2328 victo
1813 2284 1886 2328 eo
1922 2265 2164 2348 Pompe·

168 2349 387 2428 iopolis
408 2358 708 2429 utrumque
737 2350 1098 2429 appellatum
1122 2359 1230 2410 est.
1719 2403 1720 2408 ,
1946 2395 1952 2400 .

338 2432 433 2500 3..
468 2429 593 2513 (3.)
667 2431 1042 2513 Cappadocia
1076 2434 1224 2493 intus
1261 2431 1436 2494 habet
1472 2433 1760 2495 coloniam
1781 2430 1993 2495 ¹Claudi
2018 2431 2163 2496 Cae·
2185 2441 2224 2498 8

170 2515 319 2576 saris
351 2515 760 2579 Archelaidem
793 2532 962 2596 quam
1004 2516 1378 2596 praefluens*
1409 2515 1588 2592 Hylas
1607 2560 1626 2593 ,
1662 2517 1880 2597 oppida
1915 2517 2169 2579 Comana

164 2598 327 2678 quod
350 2600 572 2677 Salius,
605 2600 1073 2662 Neocaesaream
1107 2600 1260 2679 quod
1294 2599 1514 2680 Lycus,
1550 2600 1839 2663 Amasiam
1875 2602 2030 2681 quod
2062 2602 2169 2662 Iris

105 2685 229 2743 δοίη
248 2683 492 2761 regione
516 2683 835 2746 Gazacena.
883 2686 942 2744 in
967 2682 1272 2764 Colopene
1293 2700 1435 2744 vero
1463 2684 1787 2746 Sebastiam
1810 2694 1869 2746 et
1891 2685 2166 2746 Sebasto-

174 2766 558 2845 polimfssiaee
592 2780 784 2847 parva
802 2767 907 2829 sed
945 2770 1105 2847 paria
1143 2785 1319 2849 supra
1355 2769 1581 2848 dictis),
1624 2769 1848 2847 reliqua
1881 2771 1968 2828 sui
2002 2778 2167 2847 parte

171 2843 425 2911 Melitam
456 2868 491 2911 a
512 2851 888 2913 Semiramide
925 2852 1209 2915 conditam
1243 2851 1392 2913 haud
1423 2852 1630 2931 procul
1660 2841 1993 2931 Euphrate,
2026 2851 2166 2911 Dio·

172 2944 542 3011 caesaream,
568 2934 813 3012 Tyana,
859 2933 1197 3012 castabala,
1243 2935 1665 3014 Magnopolim,
1716 2930 1911 2996 zelam
1957 2944 2018 2995 et
2059 2934 2166 2996 sub

168 3025 366 3077 monte
427 3017 666 3096 Argaeo
709 3018 1003 3080 Mazacum
1059 3037 1207 3099 quae
1265 3037 1416 3080 nunc
1469 3017 1763 3080 Caesarea
1826 3019 2165 3080 nominatur.

106 3098 584 3180 &Cappadociae
622 3115 756 3181 pars
798 3112 1102 3181 praetenta
1139 3102 1451 3163 vArmeniae
1498 3103 1701 3163 maiori
1746 3100 2022 3185 Melitene
2064 3119 2166 3162 vo·
2189 3111 2224 3168 9

170 3191 368 3261 catur,
436 3182 840 3263 Commagenis
866 3185 1192 3262 Cataonia,
1258 3185 1545 3263 Phrygiae
1588 3184 1934 3247 Gassauritis
1954 3229 1972 3262 ,
2032 3187 2167 3247 Sar-

173 3281 525 3345 garausana,
558 3268 956 3346 cummaneni,
1004 3268 1263 3344 Galatiae
1296 3267 1646 3347 Morimene,
1686 3268 1784 3330 ubi
1810 3270 2168 3331 disterminat

174 3357 280 3412 eos
320 3349 642 3434 Cappadox
672 3354 885 3431 amnis,
928 3361 963 3415 'a
992 3371 1110 3432 quo
1146 3371 1357 3415 nomen
1386 3363 1620 3416 traxere
1649 3363 1826 3417 antea
1846 3352 2166 3430 Leucosyri
