2320 3650
527 151 684 223 ΝΑΤ.
716 151 894 199 Hls'r.
924 153 1075 200 x111.
1116 153 1353 204 11—12.
1392 139 1689 226 (21—26.)
1940 125 1958 147 ”
1998 145 2118 205 243

67 312 193 372 bus
237 305 482 385 quidem
514 306 730 365 ‘nisiin
775 323 974 366 umore
1017 309 1181 367 utile.
1247 305 1485 368 Texitur
1513 312 1697 369 omnis
1737 312 2000 380 madente
2031 320 2200 376 ta·77

64 388 390 456 bula-Nili
429 405 597 466 aqu-a.
658 390 917 450 turbidus
954 391 1148 469 liquor
1178 388 1561 469 vim‘g‘lutinis
1604 393 1867 472 praebet.
1907 394 1993 455 -In
2024 414 2116 455 re·

67 489 249 540 ctum
276 473 470 552 primo
495 474 696 551 supina
719 473 951 535 tabulae
975 476 1195 536 scheda
1221 474 1486 536 adlinitur
1510 478 1866 555 longitudine
1891 482 2116 558 papyri,

65 579 247 643 quae
281 558 475 636 potuit
503 575 639 616 esse
671 558 1092 634 resegminibus
1139 562 1425 637 utrimque
1469 562 1772 638 amputatis
1793 605 1809 635 ‚
1852 562 2120 623 traversa

25 670 34 705 ι
63 654 314 728 postea
334 646 545 700 'crates
575 644 821 719 peragit.
885 644 1165 720 premitur
1195 642 1404 704 deinde
1438 645 1692 722 praelia,
1738 647 1796 702 e't
1824 645 2122 708 siccantur

57 731 218 793 sole
262 725 543 805 plagulae
574 734 747 802 atque
778 727 930 785 inter
961 745 1027 801 se
1056 728 1400 804 iunguntur,
1446 745 1856 806 proxumarum‘
1882 742 2114 806 semper

55 813 378 876 bonitatis
410 808 797 868 deminutione
833 810 903 869 ad
935 810 1297 871 deterrimas.
1362 829 1663 890 numquam
1696 811 1897 889 plures
1931 830 2112 890 scapo

56 913 269 981 quam
288 894 571 952 vicenae.
920 898 923 901 ’

209 977 396 1056 (24.)
443 974 650 1053 Magna
679 979 736 1035 in
776 977 1070 1037 latitudine
1109 976 1308 1038 earum
1338 979 1692 1041 differentia:
1737 993 1870 1043 XIII
1900 979 2106 1056 digito·
2129 986 2198 1040 78

27 1103 28 1110 1
58 1084 215 1130 rum
248 1061 536 1138 optumis,
569 1061 680 1120 duo
712 1059 1083 1121 detrahuntur
1105 1062 1458 1140 hier-atinae,
1491 1056 1778 1125 Fanniana
1805 1063 2111 1125 denosha-

48 1156 215 1224 het,
282 1153 345 1203 et
390 1161 502 1202 uno
548 1145 730 1203 minus
775 1144 1327 1227 amphitheatritica‚
1364 1149 1673 1225 pauciores
1706 1149 1972 1222 Saitica,
2002 1164 2111 1206 nec

46 1233 313 1298 malleo
355 1226 598 1302 sufficit,
631 1246 759 1287 nam
792 1229 1168 1305 emporiticae
1202 1229 1456 1290 brevitas
1488 1250 1594 1290 sex
1619 1232 1831 1308 digitos
1862 1248 1975 1293 non
2010 1249 2109 1295 ex-

48 1318 270 1382 cedit.
336 1320 647 1389 praeterea
680 1312 974 1390 spectatur
1002 1314 1059 1370 in
1088 1312 1304 1372 chartis
1334 1315 1583 1375 tenuitas
1603 1359 1619 1389 ,
1648 1315 1939 1389 densitaS.,
1978 1332 2107 1379 cane

47 1408 213 1475 dor,
250 1397 448 1456 levor.
503 1394 807 1454 Primatum
830 1396 1066 1455 mutavit
1090 1390 1365 1457 Claudius
1391 1395 1627 1457 Caesar.
1684 1399 1852 1456 nimia
1884 1398 2101 1475 quippe
2126 1405 2194 1459 79

44 1489 405 1562 Augustae
437 1480 684 1538 tenuitas
717 1480 1036 1539 tolerandis
1065 1497 1182 1539 non
1212 1480 1541 1540 sufficiebat
1583 1481 1836 1540 calamiS.
1895 1479 1966 1540 ad
1995 1481 2110 1539 hoc

43 1561 669 1633 tramittensrlitteras
699 1562 904 1622 liturae
934 1573 1145 1622 metum
1168 1563 1469 1623 adferebat
1494 1582 1567 1623 ex
1590 1567 1842 1639 aversis,
1877 1574 1936 1623 et
1964 1564 2109 1623 alias
2220 1565 2226 1570 '

40 1654 384 1716 indecoro
416 1647 542 1705 visu
573 1646 982 1724 pertralucida.
1045 1648 1218 1724 igitur
1250 1666 1284 1706 e
1316 1648 1578 1707 secundo
1608 1649 1769 1707 corio
1810 1649 2120 1708 statumina
2187 1670 2190 1673 Α

38 1743 242 1800 facta
289 1738 428 1790 sunt
471 1739 532 1788 et
572 1730 755 1807 primo
788 1729 1123 1790 subtemina.
1186 1732 1343 1790 auxit
1372 1741 1431 1790 et
1472 1731 1861 1807 latitudinem,
1905 1732 2098 1809 pedali
2122 1741 2193 1794 80

34 1831 389 1884 mensura.
425 1820 550 1874 erat
579 1822 649 1884 et*
670 1813 935 1874 cubitalis
969 1815 1377 1891 macrocolliS‚
1413 1816 1516 1876 sed
1547 1819 1692 1877 ratio
1726 1815 2108 1895 deprehendit

36 1907 294 1968 vitium
330 1898 496 1958 unius
533 1897 729 1956 scidae
771 1898 1106 1958 revolsione
1145 1900 1328 1979 pluris
1359 1900 1669 1960 infestante
1706 1902 1967 1979 paginaS.
2030 1900 2105 1958 ob

34 1996 234 2053 haec
270 1981 543 2062 praelata
581 1980 840 2040 omnibus
871 1980 1141 2058 Claudia,
1180 1983 1479 2059 Augustae
1524 1986 1578 2042 in
1613 1984 1876 2063 epistulis
1908 1993 2102 2043 aucto-

29 2079 219 2136 ritas
257 2065 497 2126 relicta.
550 2064 782 2124 Liviana
817 2077 974 2123 suam
996 2068 1207 2141 tenuit,
1247 2068 1335 2125 cui
1366 2067 1505 2126 nihil
1539 2086 1570 2125 e
1602 2070 1783 2145 prima
1814 2077 1971 2142 erat,
2001 2067 2103 2126 sed

28 2155 277 2220 omnia
312 2168 355 2207 e
388 2148 669 2208 secunda.
1098 2225 1103 2226 γ

188 2232 398 2312 (25.)
446 2231 731 2291 Scabritia
771 2232 1059 2307 levigatur
1101 2227 1273 2291 dente
1317 2233 1648 2307 conchave,
1692 2233 1797 2292 sed
1843 2232 2098 2291 caducae
2120 2243 2185 2294 81

25 2329 329 2389 litterae
365 2315 520 2374 liunt.
591 2316 772 2374 minus
806 2315 1006 2374 sorbet
1035 2316 1285 2394 politura
1321 2315 1551 2391 charta,
1594 2317 1778 2392 magis
1809 2314 2097 2393 splendet.

25 2402 350 2472 rebellat
380 2411 561 2476 saepe
596 2416 759 2458 umor
785 2400 1074 2459 incuriose
1106 2399 1271 2459 datus
1301 2400 1507 2475 primo,
1536 2399 1869 2476 malleoque
1893 2399 2099 2477 depre-

25 2487 368 2556 henditur
412 2491 506 2541 aut
547 2484 713 2543 etiam
759 2483 973 2558 odore,
1021 2500 1163 2551 cum¹
1193 2482 1369 2541 fuerit
1400 2481 1808 2558 indiligentior.
1874 2481 2116 2560 Depre-³

25 2570 368 2639 benditur
408 2575 467 2625 et
503 2566 722 2642 lentigo
768 2566 984 2641 oculiS‚
1031 2566 1137 2626 sed
1182 2567 1396 2625 inserta
1434 2566 1640 2626 mediis
1680 2566 2105 2641 glutinamentis

25 2671 295 2722 taenea
323 2650 507 2726 fungo
529 2651 735 2729 papyri
768 2649 961 2709 bibula
992 2651 1089 2709 vix
1119 2651 1228 2707 nisi
1258 2650 1448 2709 littera
1470 2648 1744 2710 fundente
1770 2667 1853 2711 se.
1892 2658 2102 2708 tantum

25 2750 222 2806 'nest
263 2733 522 2795 fraudis.
589 2733 940 2808 aliusigitur
969 2733 1176 2792 iterum
1204 2733 1473 2792 texendis
1501 2732 1689 2792 labor.

185 2819 394 2900 (26.)
443 2815 725 2876 Glutinum
772 2815 1017 2891 volgare
1060 2835 1094 2875 e
1128 2815 1363 2894 pollinis
1406 2816 1551 2874 flore
1595 2824 1949 2893 temperatur
1976 2815 2091 2875 fer·
2116 2823 2185 2877 82

25 2918 249 2972 rente
289 2917 487 2978 aqua,
531 2902 777 2960 minumo
818 2900 967 2958 aceti
999 2899 1280 2977 adspersu
1301 2943 1318 2974 ,
1353 2917 1479 2958 nam
1507 2899 1715 2959 fabrile
1747 2899 2098 2976 cummisque

25 2988 320 3071 ’rag-ilia
360 2992 509 3042 sunt.
571 2984 903 3061 diligentior
950 3000 1085 3042 cura
1120 2979 1319 3042 mollia
1355 2984 1518 3060 panis
1549 2983 2101 3043 fermentati-colata

25 3093 217 3158 1qua
256 3069 934 3130 fervente.“minumum
964 3066 1079 3125 hoc
1105 3066 1280 3125 modo
1305 3067 1681 3142 intergerivi,
1715 3075 1887 3145 atque
1927 3066 2100 3126 etiam

25 3164 135 3224 ini
208 3154 454 3216 lenitas
507 3161 832 3229 superatur.
915 3167 1081 3210 omne
1115 3158 1304 3209 autem
1346 3150 1621 3226 glutinum
1659 3168 1771 3209 nec
1818 3151 2099 3214 vetustius

25 3262 195 3307 =sse
261 3235 459 3297 debet
507 3252 620 3293 uno
665 3236 755 3295 die
798 3252 911 3295 nec
953 3235 1263 3293 recentius.
1342 3243 1550 3311 postea
1582 3234 1794 3298 malleo
1834 3244 2100 3294 tenuatur

25 3342 73 3392 et
119 3320 412 3406 glutino
460 3319 852 3396 percurritur,
895 3319 1219 3395 iterumque
1259 3318 1570 3377 constricta
1615 3328 1887 3395 erugatur
1924 3327 2096 3396 atque
2169 3356 2231 3375 «-

25 3405 430 3475 =xtenditur
460 3401 696 3461 malleo.
763 3402 847 3461 Ita
877 3404 988 3462 sint
1016 3402 1329 3479 longinqua
1362 3402 1706 3461 monimenta
1736 3402 1932 3463 Tiberi
1964 3402 2091 3461 Gai·
2113 3408 2183 3461 83

25 3515 158 3580 [ue
215 3486 643 3552 Gracchorum
682 3504 898 3546 manus.
965 3485 1116 3564 apud
1143 3485 1516 3564 Pomponium
1547 3486 1873 3547 Secundum
1907 3494 2099 3547 vatem
