<?xml version="1.0" encoding="UTF-8"?>
<!DOCTYPE html PUBLIC "-//W3C//DTD XHTML 1.0 Transitional//EN"
    "http://www.w3.org/TR/xhtml1/DTD/xhtml1-transitional.dtd">
<html xmlns="http://www.w3.org/1999/xhtml" xml:lang="en" lang="en">
 <head>
  <title>
</title>
<meta http-equiv="Content-Type" content="text/html;charset=utf-8" />
  <meta name='ocr-system' content='tesseract 3.04.00' />
  <meta name='ocr-capabilities' content='ocr_page ocr_carea ocr_par ocr_line ocrx_word'/>
</head>
<body>
  <div class='ocr_page' id='page_1' title='image "./cplinisecundina00eldegoog_0144.png"; bbox 0 0 2320 3650; ppageno 0'>
   <div class='ocr_carea' id='block_1_1' title="bbox 514 41 2134 148">
    <p class='ocr_par' dir='ltr' id='par_1_1' title="bbox 514 41 2134 148">
     <span class='ocr_line' id='line_1_1' title="bbox 514 41 2134 148; baseline 0 -15"><span class='ocrx_word' id='word_1_1' title='bbox 514 86 674 133; x_wconf 73' lang='lat' dir='ltr'><strong>NA&#39;r.</strong></span> <span class='ocrx_word' id='word_1_2' title='bbox 708 41 886 133; x_wconf 73' lang='lat' dir='ltr'><strong>msr.</strong></span> <span class='ocrx_word' id='word_1_3' title='bbox 924 84 996 131; x_wconf 94' lang='lat'><strong>11.</strong></span> <span class='ocrx_word' id='word_1_4' title='bbox 1031 77 1267 135; x_wconf 82' lang='lat'><strong>93—97.</strong></span> <span class='ocrx_word' id='word_1_5' title='bbox 1304 61 1602 148; x_wconf 70' lang='lat'>(95—99&#39;.)</span> <span class='ocrx_word' id='word_1_6' title='bbox 1998 56 2134 134; x_wconf 72' lang='lat'><strong>113‘</strong></span> 
     </span>
    </p>
   </div>
   <div class='ocr_carea' id='block_1_2' title="bbox 41 236 2188 1987">
    <p class='ocr_par' dir='ltr' id='par_1_2' title="bbox 41 236 2188 1987">
     <span class='ocr_line' id='line_1_2' title="bbox 158 236 2106 316; baseline 0.001 -16"><span class='ocrx_word' id='word_1_7' title='bbox 158 241 298 300; x_wconf 88' lang='lat' dir='ltr'><strong>circa</strong></span> <span class='ocrx_word' id='word_1_8' title='bbox 345 238 704 302; x_wconf 87' lang='lat' dir='ltr'><strong>simulacrum</strong></span> <span class='ocrx_word' id='word_1_9' title='bbox 748 237 1059 298; x_wconf 83' lang='lat' dir='ltr'><strong>Minervae.</strong></span> <span class='ocrx_word' id='word_1_10' title='bbox 1115 238 1171 295; x_wconf 88' lang='lat' dir='ltr'><strong>in</strong></span> <span class='ocrx_word' id='word_1_11' title='bbox 1219 236 1425 297; x_wconf 89' lang='lat' dir='ltr'><strong>eodem</strong></span> <span class='ocrx_word' id='word_1_12' title='bbox 1471 246 1528 296; x_wconf 89' lang='lat' dir='ltr'><strong>et</strong></span> <span class='ocrx_word' id='word_1_13' title='bbox 1572 236 1774 298; x_wconf 89' lang='lat' dir='ltr'><strong>relicta</strong></span> <span class='ocrx_word' id='word_1_14' title='bbox 1822 240 2106 316; x_wconf 68' lang='lat' dir='ltr'><strong>sacrificia</strong></span> 
     </span>
     <span class='ocr_line' id='line_1_3' title="bbox 41 332 633 400; baseline -0.003 -18"><span class='ocrx_word' id='word_1_15' title='bbox 41 373 44 382; x_wconf 94' lang='lat'>.</span> <span class='ocrx_word' id='word_1_16' title='bbox 153 340 255 383; x_wconf 87' lang='lat' dir='ltr'><strong>nou</strong></span> <span class='ocrx_word' id='word_1_17' title='bbox 282 332 633 400; x_wconf 86' lang='lat' dir='ltr'><strong>putrescunt.</strong></span> 
     </span>
     <span class='ocr_line' id='line_1_4' title="bbox 41 387 2188 526; baseline 0.002 -59"><span class='ocrx_word' id='word_1_18' title='bbox 41 387 54 526; x_wconf 44' lang='grc' dir='ltr'><strong><em>ὲ</em></strong></span> <span class='ocrx_word' id='word_1_19' title='bbox 264 404 423 485; x_wconf 88' lang='grc'>(98.)</span> <span class='ocrx_word' id='word_1_20' title='bbox 454 405 616 466; x_wconf 86' lang='lat' dir='ltr'><strong>quta</strong></span> <span class='ocrx_word' id='word_1_21' title='bbox 630 404 896 483; x_wconf 76' lang='lat' dir='ltr'><strong>’Harpasa</strong></span> <span class='ocrx_word' id='word_1_22' title='bbox 928 403 1197 481; x_wconf 90' lang='lat' dir='ltr'><strong>oppidum</strong></span> <span class='ocrx_word' id='word_1_23' title='bbox 1216 402 1393 462; x_wconf 88' lang='lat' dir='ltr'><strong>Asiae</strong></span> <span class='ocrx_word' id='word_1_24' title='bbox 1426 412 1620 463; x_wconf 88' lang='lat' dir='ltr'><strong>cautes</strong></span> <span class='ocrx_word' id='word_1_25' title='bbox 1645 413 1752 463; x_wconf 89' lang='lat' dir='ltr'><strong>stat</strong></span> <span class='ocrx_word' id='word_1_26' title='bbox 1781 406 2066 467; x_wconf 89' lang='lat' dir='ltr'><strong>horrenda</strong></span> <span class='ocrx_word' id='word_1_27' title='bbox 2088 418 2188 472; x_wconf 86' lang='grc'><strong>211</strong></span> 
     </span>
     <span class='ocr_line' id='line_1_5' title="bbox 154 487 2103 568; baseline -0.001 -19"><span class='ocrx_word' id='word_1_28' title='bbox 154 507 251 549; x_wconf 88' lang='lat' dir='ltr'><strong>uno</strong></span> <span class='ocrx_word' id='word_1_29' title='bbox 283 491 456 566; x_wconf 85' lang='lat' dir='ltr'>digito</span> <span class='ocrx_word' id='word_1_30' title='bbox 488 488 748 562; x_wconf 80' lang='lat' dir='ltr'><strong>mobiliS,</strong></span> <span class='ocrx_word' id='word_1_31' title='bbox 786 487 1020 562; x_wconf 87' lang='lat' dir='ltr'><strong>eadem,</strong></span> <span class='ocrx_word' id='word_1_32' title='bbox 1064 488 1112 545; x_wconf 88' lang='lat' dir='ltr'><strong>si</strong></span> <span class='ocrx_word' id='word_1_33' title='bbox 1144 496 1267 546; x_wconf 92' lang='lat' dir='ltr'><strong>toto</strong></span> <span class='ocrx_word' id='word_1_34' title='bbox 1305 503 1552 568; x_wconf 82' lang='lat' dir='ltr'><strong>corpore</strong></span> <span class='ocrx_word' id='word_1_35' title='bbox 1584 487 1919 565; x_wconf 91' lang='lat' dir='ltr'><strong>inpellatur,</strong></span> <span class='ocrx_word' id='word_1_36' title='bbox 1961 492 2103 550; x_wconf 90' lang='lat' dir='ltr'><strong>resi-</strong></span> 
     </span>
     <span class='ocr_line' id='line_1_6' title="bbox 41 529 2104 660; baseline -0 -27"><span class='ocrx_word' id='word_1_37' title='bbox 41 529 48 660; x_wconf 55' lang='lat' dir='ltr'><strong>l</strong></span> <span class='ocrx_word' id='word_1_38' title='bbox 118 572 428 654; x_wconf 67' lang='lat' dir='ltr'><strong>sstens.1n</strong></span> <span class='ocrx_word' id='word_1_39' title='bbox 462 572 779 632; x_wconf 84' lang='lat' dir='ltr'><strong>Taurorum</strong></span> <span class='ocrx_word' id='word_1_40' title='bbox 809 570 1141 649; x_wconf 84' lang='lat' dir='ltr'><strong>paeninsula</strong></span> <span class='ocrx_word' id='word_1_41' title='bbox 1177 572 1233 629; x_wconf 91' lang='lat' dir='ltr'><strong>in</strong></span> <span class='ocrx_word' id='word_1_42' title='bbox 1261 570 1491 629; x_wconf 87' lang='lat' dir='ltr'><strong>civitate</strong></span> <span class='ocrx_word' id='word_1_43' title='bbox 1527 570 1795 629; x_wconf 83' lang='lat' dir='ltr'>Parasino</span> <span class='ocrx_word' id='word_1_44' title='bbox 1829 582 1982 634; x_wconf 90' lang='lat' dir='ltr'><strong>terra</strong></span> <span class='ocrx_word' id='word_1_45' title='bbox 2014 583 2104 633; x_wconf 91' lang='lat' dir='ltr'><strong>est</strong></span> 
     </span>
     <span class='ocr_line' id='line_1_7' title="bbox 41 652 2102 735; baseline -0 -18"><span class='ocrx_word' id='word_1_46' title='bbox 41 675 44 728; x_wconf 72' lang='grc' dir='ltr'>ς</span> <span class='ocrx_word' id='word_1_47' title='bbox 155 674 252 735; x_wconf 89' lang='lat' dir='ltr'><strong>qua</strong></span> <span class='ocrx_word' id='word_1_48' title='bbox 292 665 556 716; x_wconf 88' lang='lat' dir='ltr'><strong>sanantur</strong></span> <span class='ocrx_word' id='word_1_49' title='bbox 596 655 782 728; x_wconf 89' lang='lat' dir='ltr'><strong>omnia</strong></span> <span class='ocrx_word' id='word_1_50' title='bbox 824 654 1083 713; x_wconf 85' lang='lat' dir='ltr'><strong>volnera.</strong></span> <span class='ocrx_word' id='word_1_51' title='bbox 1143 662 1201 713; x_wconf 88' lang='lat' dir='ltr'><strong>at</strong></span> <span class='ocrx_word' id='word_1_52' title='bbox 1247 654 1401 713; x_wconf 90' lang='lat' dir='ltr'><strong>circa</strong></span> <span class='ocrx_word' id='word_1_53' title='bbox 1437 652 1632 712; x_wconf 86' lang='lat' dir='ltr'>Asson</span> <span class='ocrx_word' id='word_1_54' title='bbox 1673 652 1914 715; x_wconf 86' lang='lat' dir='ltr'>Troadis</span> <span class='ocrx_word' id='word_1_55' title='bbox 1955 657 2102 734; x_wconf 86' lang='lat' dir='ltr'><strong>lapis</strong></span> 
     </span>
     <span class='ocr_line' id='line_1_8' title="bbox 153 737 2101 818; baseline 0 -20"><span class='ocrx_word' id='word_1_56' title='bbox 153 741 386 800; x_wconf 89' lang='lat' dir='ltr'><strong>nascitur</strong></span> <span class='ocrx_word' id='word_1_57' title='bbox 430 756 543 818; x_wconf 89' lang='lat' dir='ltr'><strong>quo</strong></span> <span class='ocrx_word' id='word_1_58' title='bbox 589 745 991 798; x_wconf 90' lang='lat' dir='ltr'><strong>consumuntur</strong></span> <span class='ocrx_word' id='word_1_59' title='bbox 1034 738 1218 797; x_wconf 88' lang='lat' dir='ltr'><strong>omnia</strong></span> <span class='ocrx_word' id='word_1_60' title='bbox 1260 754 1524 813; x_wconf 88' lang='lat' dir='ltr'><strong>corpora.</strong></span> <span class='ocrx_word' id='word_1_61' title='bbox 1579 737 1972 815; x_wconf 82' lang='lat' dir='ltr'><strong>sarcophagus</strong></span> <span class='ocrx_word' id='word_1_62' title='bbox 2001 757 2101 798; x_wconf 87' lang='lat' dir='ltr'><strong>vo-</strong></span> 
     </span>
     <span class='ocr_line' id='line_1_9' title="bbox 41 795 2103 883; baseline 0 -1"><span class='ocrx_word' id='word_1_63' title='bbox 41 795 46 876; x_wconf 68' lang='lat' dir='ltr'><strong>l</strong></span> <span class='ocrx_word' id='word_1_64' title='bbox 156 833 313 882; x_wconf 87' lang='lat' dir='ltr'><strong>catur.</strong></span> <span class='ocrx_word' id='word_1_65' title='bbox 365 822 492 882; x_wconf 92' lang='lat' dir='ltr'><strong>Duo</strong></span> <span class='ocrx_word' id='word_1_66' title='bbox 525 832 654 882; x_wconf 89' lang='lat' dir='ltr'><strong>sunt</strong></span> <span class='ocrx_word' id='word_1_67' title='bbox 683 830 905 880; x_wconf 90' lang='lat' dir='ltr'><strong>montes</strong></span> <span class='ocrx_word' id='word_1_68' title='bbox 935 821 1087 882; x_wconf 84' lang='lat' dir='ltr'><strong>iuxta</strong></span> <span class='ocrx_word' id='word_1_69' title='bbox 1123 820 1330 880; x_wconf 89' lang='lat' dir='ltr'><strong>flumen</strong></span> <span class='ocrx_word' id='word_1_70' title='bbox 1363 820 1574 879; x_wconf 88' lang='lat' dir='ltr'><strong>Indum.</strong></span> <span class='ocrx_word' id='word_1_71' title='bbox 1620 820 1787 881; x_wconf 86' lang='lat' dir='ltr'><strong>alteri</strong></span> <span class='ocrx_word' id='word_1_72' title='bbox 1816 831 2013 882; x_wconf 84' lang='lat' dir='ltr'><strong>natura</strong></span> <span class='ocrx_word' id='word_1_73' title='bbox 2044 831 2103 883; x_wconf 84' lang='lat' dir='ltr'><strong>ut</strong></span> 
     </span>
     <span class='ocr_line' id='line_1_10' title="bbox 41 904 2102 982; baseline -0.001 -16"><span class='ocrx_word' id='word_1_74' title='bbox 41 909 46 978; x_wconf 68' lang='lat' dir='ltr'>s</span> <span class='ocrx_word' id='word_1_75' title='bbox 155 906 348 966; x_wconf 84' lang='lat' dir='ltr'><strong>ferrum</strong></span> <span class='ocrx_word' id='word_1_76' title='bbox 377 924 544 966; x_wconf 90' lang='lat' dir='ltr'><strong>omne</strong></span> <span class='ocrx_word' id='word_1_77' title='bbox 574 913 798 979; x_wconf 89' lang='lat' dir='ltr'><strong>teneat,</strong></span> <span class='ocrx_word' id='word_1_78' title='bbox 830 904 995 964; x_wconf 87' lang='lat' dir='ltr'><strong>alteri</strong></span> <span class='ocrx_word' id='word_1_79' title='bbox 1025 912 1085 963; x_wconf 90' lang='lat' dir='ltr'><strong>ut</strong></span> <span class='ocrx_word' id='word_1_80' title='bbox 1117 912 1398 982; x_wconf 80' lang='lat' dir='ltr'><strong>respuat.‘</strong></span> <span class='ocrx_word' id='word_1_81' title='bbox 1425 904 1615 982; x_wconf 87' lang='lat' dir='ltr'><strong>itaque</strong></span> <span class='ocrx_word' id='word_1_82' title='bbox 1647 905 1694 962; x_wconf 91' lang='lat' dir='ltr'><strong>si</strong></span> <span class='ocrx_word' id='word_1_83' title='bbox 1725 906 1833 964; x_wconf 92' lang='lat' dir='ltr'><strong>sint</strong></span> <span class='ocrx_word' id='word_1_84' title='bbox 1867 906 2015 966; x_wconf 85' lang='lat' dir='ltr'><strong>clavi</strong></span> <span class='ocrx_word' id='word_1_85' title='bbox 2046 908 2102 964; x_wconf 90' lang='lat' dir='ltr'><strong>in</strong></span> 
     </span>
     <span class='ocr_line' id='line_1_11' title="bbox 104 986 2098 1066; baseline 0.001 -21"><span class='ocrx_word' id='word_1_86' title='bbox 104 1006 141 1047; x_wconf 83' lang='grc' dir='ltr'><strong>ιο</strong></span> <span class='ocrx_word' id='word_1_87' title='bbox 156 990 530 1063; x_wconf 80' lang='lat' dir='ltr'><strong>calciamentO,</strong></span> <span class='ocrx_word' id='word_1_88' title='bbox 560 989 801 1065; x_wconf 88' lang='lat' dir='ltr'><strong>vestigia</strong></span> <span class='ocrx_word' id='word_1_89' title='bbox 819 986 997 1066; x_wconf 75' lang='lat' dir='ltr'><strong>avelli</strong></span> <span class='ocrx_word' id='word_1_90' title='bbox 1019 988 1075 1046; x_wconf 90' lang='lat' dir='ltr'><strong>in</strong></span> <span class='ocrx_word' id='word_1_91' title='bbox 1097 987 1281 1047; x_wconf 87' lang='lat' dir='ltr'><strong>altero</strong></span> <span class='ocrx_word' id='word_1_92' title='bbox 1306 1004 1417 1046; x_wconf 87' lang='lat' dir='ltr'><strong>non</strong></span> <span class='ocrx_word' id='word_1_93' title='bbox 1441 1005 1637 1065; x_wconf 90' lang='lat' dir='ltr'><strong>posse,</strong></span> <span class='ocrx_word' id='word_1_94' title='bbox 1669 988 1725 1046; x_wconf 90' lang='lat' dir='ltr'><strong>in</strong></span> <span class='ocrx_word' id='word_1_95' title='bbox 1747 989 1929 1052; x_wconf 88' lang='lat' dir='ltr'><strong>altero</strong></span> <span class='ocrx_word' id='word_1_96' title='bbox 1956 990 2098 1048; x_wconf 88' lang='lat' dir='ltr'><strong>sisti.</strong></span> 
     </span>
     <span class='ocr_line' id='line_1_12' title="bbox 153 1069 2099 1150; baseline -0.001 -18"><span class='ocrx_word' id='word_1_97' title='bbox 153 1071 332 1133; x_wconf 91' lang='lat' dir='ltr'><strong>Locris</strong></span> <span class='ocrx_word' id='word_1_98' title='bbox 366 1082 422 1133; x_wconf 90' lang='lat' dir='ltr'><strong>et</strong></span> <span class='ocrx_word' id='word_1_99' title='bbox 453 1070 706 1132; x_wconf 81' lang='lat' dir='ltr'><strong>Crotone</strong></span> <span class='ocrx_word' id='word_1_100' title='bbox 737 1071 1120 1150; x_wconf 83' lang='lat' dir='ltr'><strong>pestilentiam</strong></span> <span class='ocrx_word' id='word_1_101' title='bbox 1150 1088 1446 1149; x_wconf 88' lang='lat' dir='ltr'><strong>numquam</strong></span> <span class='ocrx_word' id='word_1_102' title='bbox 1477 1072 1654 1131; x_wconf 83' lang='lat' dir='ltr'><strong>fuisse</strong></span> <span class='ocrx_word' id='word_1_103' title='bbox 1690 1072 1954 1142; x_wconf 12' lang='lat' dir='ltr'><strong>necqullo</strong></span> <span class='ocrx_word' id='word_1_104' title='bbox 1986 1069 2099 1133; x_wconf 55' lang='lat' dir='ltr'><strong>ter:</strong></span> 
     </span>
     <span class='ocr_line' id='line_1_13' title="bbox 41 1153 2100 1280; baseline 0.001 -65"><span class='ocrx_word' id='word_1_105' title='bbox 41 1175 50 1280; x_wconf 44' lang='grc' dir='ltr'>ι</span> <span class='ocrx_word' id='word_1_106' title='bbox 152 1175 242 1217; x_wconf 87' lang='lat' dir='ltr'><strong>rae</strong></span> <span class='ocrx_word' id='word_1_107' title='bbox 267 1166 415 1216; x_wconf 90' lang='lat' dir='ltr'><strong>motu</strong></span> <span class='ocrx_word' id='word_1_108' title='bbox 459 1156 779 1216; x_wconf 85' lang='lat' dir='ltr'><strong>laboratum</strong></span> <span class='ocrx_word' id='word_1_109' title='bbox 822 1154 1145 1216; x_wconf 88' lang='lat' dir='ltr'><strong>adnotatum</strong></span> <span class='ocrx_word' id='word_1_110' title='bbox 1177 1163 1284 1214; x_wconf 91' lang='lat' dir='ltr'><strong>est.</strong></span> <span class='ocrx_word' id='word_1_111' title='bbox 1337 1156 1390 1214; x_wconf 91' lang='lat' dir='ltr'><strong>in</strong></span> <span class='ocrx_word' id='word_1_112' title='bbox 1420 1153 1591 1229; x_wconf 79' lang='lat' dir='ltr'><strong>Lycia</strong></span> <span class='ocrx_word' id='word_1_113' title='bbox 1625 1172 1765 1215; x_wconf 88' lang='lat' dir='ltr'><strong>vero</strong></span> <span class='ocrx_word' id='word_1_114' title='bbox 1805 1175 2038 1235; x_wconf 85' lang='lat' dir='ltr'><strong>semper</strong></span> <span class='ocrx_word' id='word_1_115' title='bbox 2068 1176 2100 1216; x_wconf 90' lang='lat' dir='ltr'><strong>a</strong></span> 
     </span>
     <span class='ocr_line' id='line_1_14' title="bbox 41 1238 2099 1318; baseline -0 -19"><span class='ocrx_word' id='word_1_116' title='bbox 41 1287 42 1290; x_wconf 15' lang='grc' dir='ltr'>η</span> <span class='ocrx_word' id='word_1_117' title='bbox 152 1248 324 1301; x_wconf 87' lang='lat' dir='ltr'><strong>terrae</strong></span> <span class='ocrx_word' id='word_1_118' title='bbox 352 1249 503 1299; x_wconf 87' lang='lat' dir='ltr'><strong>motu</strong></span> <span class='ocrx_word' id='word_1_119' title='bbox 533 1238 631 1299; x_wconf 89' lang='lat' dir='ltr'><strong>XL</strong></span> <span class='ocrx_word' id='word_1_120' title='bbox 665 1239 790 1299; x_wconf 89' lang='lat' dir='ltr'><strong>dies</strong></span> <span class='ocrx_word' id='word_1_121' title='bbox 831 1255 1075 1297; x_wconf 88' lang='lat' dir='ltr'><strong>serenos</strong></span> <span class='ocrx_word' id='word_1_122' title='bbox 1105 1257 1258 1297; x_wconf 88' lang='lat' dir='ltr'><strong>esse.</strong></span> <span class='ocrx_word' id='word_1_123' title='bbox 1319 1238 1381 1297; x_wconf 88' lang='lat' dir='ltr'><strong>In</strong></span> <span class='ocrx_word' id='word_1_124' title='bbox 1411 1255 1550 1314; x_wconf 87' lang='lat' dir='ltr'><strong>agro</strong></span> <span class='ocrx_word' id='word_1_125' title='bbox 1585 1238 1820 1318; x_wconf 86' lang='lat' dir='ltr'><strong>Arpano</strong></span> <span class='ocrx_word' id='word_1_126' title='bbox 1854 1240 2099 1300; x_wconf 83' lang='lat' dir='ltr'><strong>frumen-</strong></span> 
     </span>
     <span class='ocr_line' id='line_1_15' title="bbox 41 1291 2097 1401; baseline 0 -20"><span class='ocrx_word' id='word_1_127' title='bbox 41 1291 46 1390; x_wconf 66' lang='lat' dir='ltr'><strong>l</strong></span> <span class='ocrx_word' id='word_1_128' title='bbox 153 1331 255 1382; x_wconf 90' lang='lat' dir='ltr'><strong>tum</strong></span> <span class='ocrx_word' id='word_1_129' title='bbox 281 1333 457 1383; x_wconf 90' lang='lat' dir='ltr'><strong>satum</strong></span> <span class='ocrx_word' id='word_1_130' title='bbox 487 1340 602 1382; x_wconf 92' lang='lat' dir='ltr'><strong>non</strong></span> <span class='ocrx_word' id='word_1_131' title='bbox 640 1323 907 1382; x_wconf 87' lang='lat' dir='ltr'><strong>nascitur.</strong></span> <span class='ocrx_word' id='word_1_132' title='bbox 967 1320 1060 1380; x_wconf 88' lang='lat' dir='ltr'><strong>Ad</strong></span> <span class='ocrx_word' id='word_1_133' title='bbox 1090 1340 1220 1381; x_wconf 89' lang='lat' dir='ltr'><strong>aras</strong></span> <span class='ocrx_word' id='word_1_134' title='bbox 1248 1320 1465 1381; x_wconf 87' lang='lat' dir='ltr'><strong>Mucias</strong></span> <span class='ocrx_word' id='word_1_135' title='bbox 1505 1323 1560 1380; x_wconf 92' lang='lat' dir='ltr'><strong>in</strong></span> <span class='ocrx_word' id='word_1_136' title='bbox 1589 1322 1832 1383; x_wconf 83' lang='lat' dir='ltr'><strong>Veiente</strong></span> <span class='ocrx_word' id='word_1_137' title='bbox 1866 1333 1923 1383; x_wconf 93' lang='lat' dir='ltr'><strong>et</strong></span> <span class='ocrx_word' id='word_1_138' title='bbox 1952 1324 2097 1401; x_wconf 91' lang='lat' dir='ltr'><strong>apud</strong></span> 
     </span>
     <span class='ocr_line' id='line_1_16' title="bbox 98 1402 2098 1484; baseline -0.002 -18"><span class='ocrx_word' id='word_1_139' title='bbox 98 1426 139 1467; x_wconf 80' lang='lat'><strong>15</strong></span> <span class='ocrx_word' id='word_1_140' title='bbox 153 1404 512 1467; x_wconf 89' lang='lat' dir='ltr'><strong>Tusculanum</strong></span> <span class='ocrx_word' id='word_1_141' title='bbox 544 1416 600 1466; x_wconf 89' lang='lat' dir='ltr'><strong>et</strong></span> <span class='ocrx_word' id='word_1_142' title='bbox 629 1407 686 1465; x_wconf 91' lang='lat' dir='ltr'><strong>in</strong></span> <span class='ocrx_word' id='word_1_143' title='bbox 715 1405 858 1465; x_wconf 90' lang='lat' dir='ltr'><strong>silva</strong></span> <span class='ocrx_word' id='word_1_144' title='bbox 891 1402 1126 1464; x_wconf 82' lang='lat' dir='ltr'><strong>Ciminia</strong></span> <span class='ocrx_word' id='word_1_145' title='bbox 1157 1404 1288 1464; x_wconf 90' lang='lat' dir='ltr'><strong>loca</strong></span> <span class='ocrx_word' id='word_1_146' title='bbox 1319 1413 1445 1464; x_wconf 92' lang='lat' dir='ltr'><strong>sunt</strong></span> <span class='ocrx_word' id='word_1_147' title='bbox 1477 1406 1532 1463; x_wconf 92' lang='lat' dir='ltr'><strong>in</strong></span> <span class='ocrx_word' id='word_1_148' title='bbox 1563 1406 1767 1484; x_wconf 90' lang='lat' dir='ltr'><strong>quibus</strong></span> <span class='ocrx_word' id='word_1_149' title='bbox 1799 1408 1855 1464; x_wconf 89' lang='lat' dir='ltr'><strong>in</strong></span> <span class='ocrx_word' id='word_1_150' title='bbox 1889 1416 2098 1478; x_wconf 82' lang='lat' dir='ltr'><strong>terram</strong></span> 
     </span>
     <span class='ocr_line' id='line_1_17' title="bbox 41 1486 2099 1568; baseline -0.001 -18"><span class='ocrx_word' id='word_1_151' title='bbox 41 1541 44 1550; x_wconf 25' lang='lat' dir='ltr'><strong>i</strong></span> <span class='ocrx_word' id='word_1_152' title='bbox 153 1489 376 1568; x_wconf 87' lang='lat' dir='ltr'><strong>depacta</strong></span> <span class='ocrx_word' id='word_1_153' title='bbox 414 1508 528 1549; x_wconf 92' lang='lat' dir='ltr'><strong>non</strong></span> <span class='ocrx_word' id='word_1_154' title='bbox 573 1489 957 1549; x_wconf 87' lang='lat' dir='ltr'><strong>extrahuntur.</strong></span> <span class='ocrx_word' id='word_1_155' title='bbox 1019 1486 1083 1549; x_wconf 89' lang='lat' dir='ltr'><strong>In</strong></span> <span class='ocrx_word' id='word_1_156' title='bbox 1128 1486 1485 1549; x_wconf 87' lang='lat' dir='ltr'><strong>Crustumino</strong></span> <span class='ocrx_word' id='word_1_157' title='bbox 1527 1498 1713 1550; x_wconf 89' lang='lat' dir='ltr'><strong>natum</strong></span> <span class='ocrx_word' id='word_1_158' title='bbox 1754 1490 1979 1549; x_wconf 84' lang='lat' dir='ltr'><strong>faenum</strong></span> <span class='ocrx_word' id='word_1_159' title='bbox 2021 1489 2099 1548; x_wconf 90' lang='lat' dir='ltr'><strong>ibi</strong></span> 
     </span>
     <span class='ocr_line' id='line_1_18' title="bbox 41 1571 969 1672; baseline -0.003 -39"><span class='ocrx_word' id='word_1_160' title='bbox 41 1571 48 1672; x_wconf 57' lang='lat' dir='ltr'>J</span> <span class='ocrx_word' id='word_1_161' title='bbox 151 1576 379 1650; x_wconf 83' lang='lat' dir='ltr'><strong>noxium,</strong></span> <span class='ocrx_word' id='word_1_162' title='bbox 412 1584 574 1634; x_wconf 87' lang='lat' dir='ltr'><strong>extra</strong></span> <span class='ocrx_word' id='word_1_163' title='bbox 603 1572 833 1633; x_wconf 87' lang='lat' dir='ltr'><strong>salubre</strong></span> <span class='ocrx_word' id='word_1_164' title='bbox 863 1581 969 1632; x_wconf 86' lang='lat' dir='ltr'><strong>est.</strong></span> 
     </span>
     <span class='ocr_line' id='line_1_19' title="bbox 259 1654 2185 1737; baseline -0.001 -18"><span class='ocrx_word' id='word_1_165' title='bbox 259 1658 354 1719; x_wconf 89' lang='grc'><strong>97.</strong></span> <span class='ocrx_word' id='word_1_166' title='bbox 389 1657 552 1737; x_wconf 89' lang='grc'>(99.)</span> <span class='ocrx_word' id='word_1_167' title='bbox 580 1656 652 1716; x_wconf 86' lang='lat' dir='ltr'><strong>Et</strong></span> <span class='ocrx_word' id='word_1_168' title='bbox 681 1656 753 1716; x_wconf 90' lang='lat' dir='ltr'><strong>de</strong></span> <span class='ocrx_word' id='word_1_169' title='bbox 775 1674 1042 1735; x_wconf 87' lang='lat' dir='ltr'><strong>aquarum</strong></span> <span class='ocrx_word' id='word_1_170' title='bbox 1068 1664 1265 1715; x_wconf 87' lang='lat' dir='ltr'><strong>natura</strong></span> <span class='ocrx_word' id='word_1_171' title='bbox 1296 1654 1568 1733; x_wconf 86' lang='lat' dir='ltr'><strong>conplura</strong></span> <span class='ocrx_word' id='word_1_172' title='bbox 1594 1655 1746 1715; x_wconf 43' lang='lat' dir='ltr'><strong>*dicta</strong></span> <span class='ocrx_word' id='word_1_173' title='bbox 1779 1665 1924 1732; x_wconf 86' lang='lat' dir='ltr'><strong>sunt,</strong></span> <span class='ocrx_word' id='word_1_174' title='bbox 1956 1656 2058 1715; x_wconf 93' lang='lat' dir='ltr'><strong>sed</strong></span> <span class='ocrx_word' id='word_1_175' title='bbox 2081 1664 2185 1717; x_wconf 82' lang='lat'><strong>212</strong></span> 
     </span>
     <span class='ocr_line' id='line_1_20' title="bbox 151 1738 2097 1817; baseline 0 -18"><span class='ocrx_word' id='word_1_176' title='bbox 151 1750 329 1801; x_wconf 85' lang='lat' dir='ltr'><strong>aestus</strong></span> <span class='ocrx_word' id='word_1_177' title='bbox 359 1742 528 1800; x_wconf 90' lang='lat' dir='ltr'><strong>maris</strong></span> <span class='ocrx_word' id='word_1_178' title='bbox 559 1741 845 1800; x_wconf 86' lang='lat' dir='ltr'><strong>accedere</strong></span> <span class='ocrx_word' id='word_1_179' title='bbox 878 1749 935 1799; x_wconf 94' lang='lat' dir='ltr'><strong>et</strong></span> <span class='ocrx_word' id='word_1_180' title='bbox 966 1740 1338 1817; x_wconf 90' lang='lat' dir='ltr'><strong>reciprocare</strong></span> <span class='ocrx_word' id='word_1_181' title='bbox 1367 1758 1625 1799; x_wconf 84' lang='lat' dir='ltr'><strong>maxume</strong></span> <span class='ocrx_word' id='word_1_182' title='bbox 1656 1741 1873 1814; x_wconf 86' lang='lat' dir='ltr'><strong>mirum,</strong></span> <span class='ocrx_word' id='word_1_183' title='bbox 1929 1738 2097 1817; x_wconf 90' lang='lat' dir='ltr'><strong>pluri·</strong></span> 
     </span>
     <span class='ocr_line' id='line_1_21' title="bbox 94 1822 2101 1903; baseline 0.001 -24"><span class='ocrx_word' id='word_1_184' title='bbox 94 1837 136 1878; x_wconf 82' lang='lat'><strong>20</strong></span> <span class='ocrx_word' id='word_1_185' title='bbox 151 1822 244 1884; x_wconf 89' lang='lat' dir='ltr'><strong>bus</strong></span> <span class='ocrx_word' id='word_1_186' title='bbox 278 1825 502 1903; x_wconf 87' lang='lat' dir='ltr'><strong>quid‘em</strong></span> <span class='ocrx_word' id='word_1_187' title='bbox 532 1824 747 1900; x_wconf 75' lang='lat' dir='ltr'><strong>modiS,</strong></span> <span class='ocrx_word' id='word_1_188' title='bbox 791 1843 986 1884; x_wconf 87' lang='lat' dir='ltr'><strong>verum</strong></span> <span class='ocrx_word' id='word_1_189' title='bbox 1030 1842 1201 1883; x_wconf 88' lang='lat' dir='ltr'><strong>causa</strong></span> <span class='ocrx_word' id='word_1_190' title='bbox 1243 1827 1297 1882; x_wconf 88' lang='lat' dir='ltr'><strong>in</strong></span> <span class='ocrx_word' id='word_1_191' title='bbox 1339 1823 1465 1883; x_wconf 93' lang='lat' dir='ltr'><strong>sole</strong></span> <span class='ocrx_word' id='word_1_192' title='bbox 1497 1822 1761 1903; x_wconf 87' lang='lat' dir='ltr'><strong>lunaque.</strong></span> <span class='ocrx_word' id='word_1_193' title='bbox 1825 1824 1921 1884; x_wconf 92' lang='lat' dir='ltr'><strong>Bis</strong></span> <span class='ocrx_word' id='word_1_194' title='bbox 1954 1825 2101 1883; x_wconf 91' lang='lat' dir='ltr'><strong>inter</strong></span> 
     </span>
     <span class='ocr_line' id='line_1_22' title="bbox 153 1907 2097 1987; baseline -0.001 -20"><span class='ocrx_word' id='word_1_195' title='bbox 153 1907 284 1968; x_wconf 91' lang='lat' dir='ltr'><strong>duos</strong></span> <span class='ocrx_word' id='word_1_196' title='bbox 319 1908 750 1969; x_wconf 85' lang='lat' dir='ltr'><strong>exortuslunae</strong></span> <span class='ocrx_word' id='word_1_197' title='bbox 792 1909 1041 1968; x_wconf 86' lang='lat' dir='ltr'><strong>adfluunt</strong></span> <span class='ocrx_word' id='word_1_198' title='bbox 1080 1907 1283 1985; x_wconf 88' lang='lat' dir='ltr'><strong>bisque</strong></span> <span class='ocrx_word' id='word_1_199' title='bbox 1332 1917 1585 1967; x_wconf 86' lang='lat' dir='ltr'><strong>remeant</strong></span> <span class='ocrx_word' id='word_1_200' title='bbox 1623 1909 1842 1968; x_wconf 87' lang='lat' dir='ltr'><strong>vicenis</strong></span> <span class='ocrx_word' id='word_1_201' title='bbox 1872 1918 2097 1987; x_wconf 81' lang='lat' dir='ltr'><strong>quater-</strong></span> 
     </span>
    </p>
   </div>
   <div class='ocr_carea' id='block_1_3' title="bbox 41 981 50 1172">
    <p class='ocr_par' dir='ltr' id='par_1_3' title="bbox 41 981 50 1172">
     <span class='ocr_line' id='line_1_23' title="bbox 41 981 50 1172; baseline 0 2478"><span class='ocrx_word' id='word_1_202' title='bbox 41 981 50 1172; x_wconf 95' lang='lat' dir='ltr'><strong> </strong></span> 
     </span>
    </p>
   </div>
   <div class='ocr_carea' id='block_1_4' title="bbox 41 1990 2183 3471">
    <p class='ocr_par' dir='ltr' id='par_1_4' title="bbox 41 1990 2183 3471">
     <span class='ocr_line' id='line_1_24' title="bbox 149 1990 2096 2070; baseline 0 -21"><span class='ocrx_word' id='word_1_203' title='bbox 149 1993 340 2070; x_wconf 88' lang='lat' dir='ltr'><strong>nisque</strong></span> <span class='ocrx_word' id='word_1_204' title='bbox 369 2010 602 2070; x_wconf 88' lang='lat' dir='ltr'><strong>semper</strong></span> <span class='ocrx_word' id='word_1_205' title='bbox 629 1991 834 2066; x_wconf 51' lang='lat' dir='ltr'><strong>horisr</strong></span> <span class='ocrx_word' id='word_1_206' title='bbox 859 2001 916 2050; x_wconf 90' lang='lat' dir='ltr'><strong>et</strong></span> <span class='ocrx_word' id='word_1_207' title='bbox 948 1993 1183 2070; x_wconf 88' lang='lat' dir='ltr'><strong>primum</strong></span> <span class='ocrx_word' id='word_1_208' title='bbox 1214 1990 1510 2051; x_wconf 87' lang='lat' dir='ltr'><strong>attollente</strong></span> <span class='ocrx_word' id='word_1_209' title='bbox 1541 2010 1606 2050; x_wconf 89' lang='lat' dir='ltr'><strong>se</strong></span> <span class='ocrx_word' id='word_1_210' title='bbox 1639 2010 1764 2052; x_wconf 92' lang='lat' dir='ltr'><strong>cum</strong></span> <span class='ocrx_word' id='word_1_211' title='bbox 1791 2011 1861 2053; x_wconf 90' lang='lat' dir='ltr'><strong>ea</strong></span> <span class='ocrx_word' id='word_1_212' title='bbox 1892 1992 2096 2050; x_wconf 89' lang='lat' dir='ltr'><strong>mundo</strong></span> 
     </span>
     <span class='ocr_line' id='line_1_25' title="bbox 148 2075 2098 2152; baseline 0 -20"><span class='ocrx_word' id='word_1_213' title='bbox 148 2075 610 2149; x_wconf 84' lang='lat' dir='ltr'><strong>intumescentes,</strong></span> <span class='ocrx_word' id='word_1_214' title='bbox 657 2092 792 2134; x_wconf 87' lang='lat' dir='ltr'><strong>mox</strong></span> <span class='ocrx_word' id='word_1_215' title='bbox 837 2093 872 2135; x_wconf 86' lang='lat' dir='ltr'><strong>a</strong></span> <span class='ocrx_word' id='word_1_216' title='bbox 906 2075 1217 2134; x_wconf 89' lang='lat' dir='ltr'><strong>meridiano</strong></span> <span class='ocrx_word' id='word_1_217' title='bbox 1260 2075 1408 2134; x_wconf 90' lang='lat' dir='ltr'><strong>caeli</strong></span> <span class='ocrx_word' id='word_1_218' title='bbox 1450 2075 1680 2152; x_wconf 84' lang='lat' dir='ltr'><strong>fastigio</strong></span> <span class='ocrx_word' id='word_1_219' title='bbox 1718 2085 1999 2152; x_wconf 88' lang='lat' dir='ltr'><strong>vergente</strong></span> <span class='ocrx_word' id='word_1_220' title='bbox 2041 2076 2098 2132; x_wconf 91' lang='lat' dir='ltr'><strong>in</strong></span> 
     </span>
     <span class='ocr_line' id='line_1_26' title="bbox 150 2157 2099 2235; baseline 0 -19"><span class='ocrx_word' id='word_1_221' title='bbox 150 2174 402 2218; x_wconf 88' lang='lat' dir='ltr'><strong>occasum</strong></span> <span class='ocrx_word' id='word_1_222' title='bbox 433 2158 777 2234; x_wconf 80' lang='lat' dir='ltr'><strong>residentes,</strong></span> <span class='ocrx_word' id='word_1_223' title='bbox 808 2175 1118 2235; x_wconf 88' lang='lat' dir='ltr'><strong>rursusque</strong></span> <span class='ocrx_word' id='word_1_224' title='bbox 1148 2157 1222 2218; x_wconf 90' lang='lat' dir='ltr'><strong>ab</strong></span> <span class='ocrx_word' id='word_1_225' title='bbox 1255 2174 1466 2217; x_wconf 85' lang='lat' dir='ltr'><strong>occasu</strong></span> <span class='ocrx_word' id='word_1_226' title='bbox 1501 2159 1698 2218; x_wconf 89' lang='lat' dir='ltr'><strong>subter</strong></span> <span class='ocrx_word' id='word_1_227' title='bbox 1726 2159 1874 2219; x_wconf 86' lang='lat' dir='ltr'><strong>caeli</strong></span> <span class='ocrx_word' id='word_1_228' title='bbox 1901 2161 2010 2218; x_wconf 88' lang='lat' dir='ltr'><strong>ima</strong></span> <span class='ocrx_word' id='word_1_229' title='bbox 2042 2166 2099 2216; x_wconf 91' lang='lat' dir='ltr'><strong>et</strong></span> 
     </span>
     <span class='ocr_line' id='line_1_27' title="bbox 91 2241 2098 2320; baseline 0 -21"><span class='ocrx_word' id='word_1_230' title='bbox 91 2241 444 2320; x_wconf 71' lang='lat' dir='ltr'><strong>zsmeridiano</strong></span> <span class='ocrx_word' id='word_1_231' title='bbox 477 2242 760 2302; x_wconf 88' lang='lat' dir='ltr'><strong>contraria</strong></span> <span class='ocrx_word' id='word_1_232' title='bbox 789 2242 1106 2302; x_wconf 88' lang='lat' dir='ltr'><strong>accedente</strong></span> <span class='ocrx_word' id='word_1_233' title='bbox 1135 2241 1492 2318; x_wconf 76' lang='lat' dir='ltr'><strong>inundanteS,</strong></span> <span class='ocrx_word' id='word_1_234' title='bbox 1524 2242 1654 2302; x_wconf 90' lang='lat' dir='ltr'><strong>hinc</strong></span> <span class='ocrx_word' id='word_1_235' title='bbox 1684 2242 1869 2302; x_wconf 88' lang='lat' dir='ltr'><strong>donec</strong></span> <span class='ocrx_word' id='word_1_236' title='bbox 1898 2244 2098 2302; x_wconf 90' lang='lat' dir='ltr'><strong>iterum</strong></span> 
     </span>
     <span class='ocr_line' id='line_1_28' title="bbox 148 2325 2183 2406; baseline 0.002 -22"><span class='ocrx_word' id='word_1_237' title='bbox 148 2325 426 2384; x_wconf 85' lang='lat' dir='ltr'><strong>exoriatur</strong></span> <span class='ocrx_word' id='word_1_238' title='bbox 454 2343 521 2384; x_wconf 91' lang='lat' dir='ltr'><strong>se</strong></span> <span class='ocrx_word' id='word_1_239' title='bbox 550 2325 942 2384; x_wconf 77' lang='lat' dir='ltr'><strong>resorbentes,</strong></span> <span class='ocrx_word' id='word_1_240' title='bbox 990 2343 1101 2383; x_wconf 89' lang='lat' dir='ltr'><strong>nec</strong></span> <span class='ocrx_word' id='word_1_241' title='bbox 1128 2343 1388 2404; x_wconf 90' lang='lat' dir='ltr'><strong>umquam</strong></span> <span class='ocrx_word' id='word_1_242' title='bbox 1420 2326 1625 2386; x_wconf 90' lang='lat' dir='ltr'><strong>eodem</strong></span> <span class='ocrx_word' id='word_1_243' title='bbox 1655 2335 1912 2404; x_wconf 91' lang='lat' dir='ltr'><strong>tempore</strong></span> <span class='ocrx_word' id='word_1_244' title='bbox 1944 2341 2056 2406; x_wconf 91' lang='lat' dir='ltr'><strong>quo</strong></span> <span class='ocrx_word' id='word_1_245' title='bbox 2078 2333 2183 2388; x_wconf 80' lang='lat'><strong>213</strong></span> 
     </span>
     <span class='ocr_line' id='line_1_29' title="bbox 151 2407 2098 2488; baseline 0 -22"><span class='ocrx_word' id='word_1_246' title='bbox 151 2407 319 2485; x_wconf 88' lang='lat' dir='ltr'><strong>pridie</strong></span> <span class='ocrx_word' id='word_1_247' title='bbox 349 2408 545 2484; x_wconf 86' lang='lat' dir='ltr'><strong>reflui,</strong></span> <span class='ocrx_word' id='word_1_248' title='bbox 597 2417 656 2472; x_wconf 90' lang='lat' dir='ltr'><strong>ut</strong></span> <span class='ocrx_word' id='word_1_249' title='bbox 700 2409 1033 2468; x_wconf 78' lang='lat' dir='ltr'><strong>ancillantes</strong></span> <span class='ocrx_word' id='word_1_250' title='bbox 1072 2408 1249 2467; x_wconf 88' lang='lat' dir='ltr'><strong>sideri</strong></span> <span class='ocrx_word' id='word_1_251' title='bbox 1290 2410 1456 2469; x_wconf 85' lang='lat' dir='ltr'><strong>avido</strong></span> <span class='ocrx_word' id='word_1_252' title='bbox 1502 2410 1855 2488; x_wconf 88' lang='lat' dir='ltr'><strong>trahentique</strong></span> <span class='ocrx_word' id='word_1_253' title='bbox 1901 2425 2098 2470; x_wconf 90' lang='lat' dir='ltr'><strong>secum</strong></span> 
     </span>
     <span class='ocr_line' id='line_1_30' title="bbox 147 2488 2093 2573; baseline 0 -23"><span class='ocrx_word' id='word_1_254' title='bbox 147 2488 335 2551; x_wconf 87' lang='lat' dir='ltr'><strong>haustu</strong></span> <span class='ocrx_word' id='word_1_255' title='bbox 367 2493 541 2551; x_wconf 86' lang='lat' dir='ltr'><strong>maria</strong></span> <span class='ocrx_word' id='word_1_256' title='bbox 575 2501 633 2551; x_wconf 87' lang='lat' dir='ltr'><strong>et</strong></span> <span class='ocrx_word' id='word_1_257' title='bbox 662 2491 896 2551; x_wconf 85' lang='lat' dir='ltr'><strong>adsidue</strong></span> <span class='ocrx_word' id='word_1_258' title='bbox 927 2491 1151 2552; x_wconf 89' lang='lat' dir='ltr'><strong>aliunde</strong></span> <span class='ocrx_word' id='word_1_259' title='bbox 1185 2508 1350 2570; x_wconf 87' lang='lat' dir='ltr'><strong>quam</strong></span> <span class='ocrx_word' id='word_1_260' title='bbox 1384 2494 1565 2571; x_wconf 86' lang='lat' dir='ltr'><strong>pridie</strong></span> <span class='ocrx_word' id='word_1_261' title='bbox 1601 2495 1910 2571; x_wconf 82' lang='lat' dir='ltr'><strong>exorienti,</strong></span> <span class='ocrx_word' id='word_1_262' title='bbox 1948 2494 2093 2573; x_wconf 91' lang='lat' dir='ltr'><strong>pari-</strong></span> 
     </span>
     <span class='ocr_line' id='line_1_31' title="bbox 147 2571 2095 2657; baseline 0.002 -26"><span class='ocrx_word' id='word_1_263' title='bbox 147 2571 245 2632; x_wconf 86' lang='lat' dir='ltr'><strong>bus</strong></span> <span class='ocrx_word' id='word_1_264' title='bbox 271 2583 457 2657; x_wconf 86' lang='lat' dir='ltr'><strong>tamen</strong></span> <span class='ocrx_word' id='word_1_265' title='bbox 492 2575 808 2634; x_wconf 86' lang='lat' dir='ltr'><strong>intervallis</strong></span> <span class='ocrx_word' id='word_1_266' title='bbox 848 2575 1136 2653; x_wconf 88' lang='lat' dir='ltr'><strong>reciproci</strong></span> <span class='ocrx_word' id='word_1_267' title='bbox 1176 2577 1444 2655; x_wconf 88' lang='lat' dir='ltr'><strong>senisque</strong></span> <span class='ocrx_word' id='word_1_268' title='bbox 1489 2594 1719 2655; x_wconf 90' lang='lat' dir='ltr'><strong>semper</strong></span> <span class='ocrx_word' id='word_1_269' title='bbox 1750 2578 1935 2654; x_wconf 89' lang='lat' dir='ltr'><strong>horis,</strong></span> <span class='ocrx_word' id='word_1_270' title='bbox 1984 2593 2095 2635; x_wconf 91' lang='lat' dir='ltr'><strong>non</strong></span> 
     </span>
     <span class='ocr_line' id='line_1_32' title="bbox 87 2651 2093 2756; baseline 0.001 -41"><span class='ocrx_word' id='word_1_271' title='bbox 87 2651 409 2737; x_wconf 71' lang='lat' dir='ltr'><strong>aocuiusque</strong></span> <span class='ocrx_word' id='word_1_272' title='bbox 444 2659 559 2719; x_wconf 90' lang='lat' dir='ltr'><strong>diei</strong></span> <span class='ocrx_word' id='word_1_273' title='bbox 591 2666 686 2717; x_wconf 89' lang='lat' dir='ltr'><strong>aut</strong></span> <span class='ocrx_word' id='word_1_274' title='bbox 715 2660 897 2718; x_wconf 89' lang='lat' dir='ltr'><strong>noctis</strong></span> <span class='ocrx_word' id='word_1_275' title='bbox 929 2668 1022 2718; x_wconf 90' lang='lat' dir='ltr'><strong>aut</strong></span> <span class='ocrx_word' id='word_1_276' title='bbox 1062 2658 1180 2717; x_wconf 88' lang='lat' dir='ltr'><strong>loci</strong></span> <span class='ocrx_word' id='word_1_277' title='bbox 1213 2659 1317 2719; x_wconf 89' lang='lat' dir='ltr'><strong>sed</strong></span> <span class='ocrx_word' id='word_1_278' title='bbox 1347 2660 1889 2756; x_wconf 86' lang='lat' dir='ltr'><strong>aequinoctialibus,</strong></span> <span class='ocrx_word' id='word_1_279' title='bbox 1934 2662 2093 2720; x_wconf 89' lang='lat' dir='ltr'><strong>ideo-</strong></span> 
     </span>
     <span class='ocr_line' id='line_1_33' title="bbox 146 2740 2095 2821; baseline 0 -22"><span class='ocrx_word' id='word_1_280' title='bbox 146 2757 250 2818; x_wconf 85' lang='lat' dir='ltr'><strong>que</strong></span> <span class='ocrx_word' id='word_1_281' title='bbox 289 2740 625 2820; x_wconf 85' lang='lat' dir='ltr'><strong>inaequales</strong></span> <span class='ocrx_word' id='word_1_282' title='bbox 666 2741 980 2819; x_wconf 82' lang='lat' dir='ltr'><strong>volgarium</strong></span> <span class='ocrx_word' id='word_1_283' title='bbox 1009 2741 1275 2801; x_wconf 89' lang='lat' dir='ltr'><strong>horarum</strong></span> <span class='ocrx_word' id='word_1_284' title='bbox 1304 2743 1521 2820; x_wconf 90' lang='lat' dir='ltr'><strong>spati0,</strong></span> <span class='ocrx_word' id='word_1_285' title='bbox 1566 2751 1866 2821; x_wconf 89' lang='lat' dir='ltr'><strong>utcumque</strong></span> <span class='ocrx_word' id='word_1_286' title='bbox 1901 2744 2095 2821; x_wconf 90' lang='lat' dir='ltr'><strong>plures</strong></span> 
     </span>
     <span class='ocr_line' id='line_1_34' title="bbox 146 2822 2092 2903; baseline 0.001 -23"><span class='ocrx_word' id='word_1_287' title='bbox 146 2822 196 2881; x_wconf 90' lang='lat' dir='ltr'><strong>in</strong></span> <span class='ocrx_word' id='word_1_288' title='bbox 225 2842 322 2884; x_wconf 88' lang='lat' dir='ltr'><strong>eas</strong></span> <span class='ocrx_word' id='word_1_289' title='bbox 349 2834 444 2885; x_wconf 86' lang='lat' dir='ltr'><strong>aut</strong></span> <span class='ocrx_word' id='word_1_290' title='bbox 476 2825 592 2884; x_wconf 92' lang='lat' dir='ltr'><strong>diei</strong></span> <span class='ocrx_word' id='word_1_291' title='bbox 623 2833 715 2884; x_wconf 88' lang='lat' dir='ltr'><strong>aut</strong></span> <span class='ocrx_word' id='word_1_292' title='bbox 745 2825 1181 2901; x_wconf 79' lang='lat' dir='ltr'><strong>noctis.illarum</strong></span> <span class='ocrx_word' id='word_1_293' title='bbox 1213 2843 1512 2885; x_wconf 90' lang='lat' dir='ltr'><strong>mensurae</strong></span> <span class='ocrx_word' id='word_1_294' title='bbox 1545 2825 1778 2899; x_wconf 91' lang='lat' dir='ltr'><strong>cadant,</strong></span> <span class='ocrx_word' id='word_1_295' title='bbox 1812 2835 1870 2885; x_wconf 91' lang='lat' dir='ltr'><strong>et</strong></span> <span class='ocrx_word' id='word_1_296' title='bbox 1899 2827 2092 2903; x_wconf 88' lang='lat' dir='ltr'><strong>aequi-</strong></span> 
     </span>
     <span class='ocr_line' id='line_1_35' title="bbox 69 2907 2180 2987; baseline 0.003 -23"><span class='ocrx_word' id='word_1_297' title='bbox 69 2918 86 2926; x_wconf 76' lang='lat'><strong><em>‘</em></strong></span> <span class='ocrx_word' id='word_1_298' title='bbox 144 2908 324 2967; x_wconf 89' lang='lat' dir='ltr'><strong>noctio</strong></span> <span class='ocrx_word' id='word_1_299' title='bbox 346 2917 556 2968; x_wconf 86' lang='lat' dir='ltr'><strong>tantum</strong></span> <span class='ocrx_word' id='word_1_300' title='bbox 585 2926 756 2986; x_wconf 90' lang='lat' dir='ltr'><strong>pares</strong></span> <span class='ocrx_word' id='word_1_301' title='bbox 781 2907 1008 2986; x_wconf 86' lang='lat' dir='ltr'><strong>ubique.</strong></span> <span class='ocrx_word' id='word_1_302' title='bbox 1064 2907 1276 2985; x_wconf 91' lang='lat' dir='ltr'><strong>Ingens</strong></span> <span class='ocrx_word' id='word_1_303' title='bbox 1303 2914 1689 2986; x_wconf 82' lang='lat' dir='ltr'><strong>argumentum</strong></span> <span class='ocrx_word' id='word_1_304' title='bbox 1712 2909 2053 2987; x_wconf 90' lang='lat' dir='ltr'><strong>plenumque</strong></span> <span class='ocrx_word' id='word_1_305' title='bbox 2075 2916 2180 2970; x_wconf 81' lang='lat'><strong>214</strong></span> 
     </span>
     <span class='ocr_line' id='line_1_36' title="bbox 144 2987 2092 3071; baseline 0.002 -23"><span class='ocrx_word' id='word_1_306' title='bbox 144 2987 280 3049; x_wconf 89' lang='lat' dir='ltr'><strong>lucis</strong></span> <span class='ocrx_word' id='word_1_307' title='bbox 309 3009 376 3051; x_wconf 92' lang='lat' dir='ltr'><strong>ac</strong></span> <span class='ocrx_word' id='word_1_308' title='bbox 404 2992 571 3052; x_wconf 85' lang='lat' dir='ltr'><strong>vocis</strong></span> <span class='ocrx_word' id='word_1_309' title='bbox 601 2992 769 3051; x_wconf 87' lang='lat' dir='ltr'><strong>etiam</strong></span> <span class='ocrx_word' id='word_1_310' title='bbox 800 2993 1030 3052; x_wconf 89' lang='lat' dir='ltr'><strong>diurnae</strong></span> <span class='ocrx_word' id='word_1_311' title='bbox 1061 2991 1306 3051; x_wconf 85' lang='lat' dir='ltr'><strong>hebetes</strong></span> <span class='ocrx_word' id='word_1_312' title='bbox 1338 3011 1471 3051; x_wconf 86' lang='lat' dir='ltr'><strong>esse</strong></span> <span class='ocrx_word' id='word_1_313' title='bbox 1503 2992 1598 3071; x_wconf 84' lang='lat' dir='ltr'><strong>qui</strong></span> <span class='ocrx_word' id='word_1_314' title='bbox 1625 3001 1840 3068; x_wconf 83' lang='lat' dir='ltr'><strong>negent</strong></span> <span class='ocrx_word' id='word_1_315' title='bbox 1874 2993 2092 3053; x_wconf 86' lang='lat' dir='ltr'><strong>subter-</strong></span> 
     </span>
     <span class='ocr_line' id='line_1_37' title="bbox 86 3075 2091 3156; baseline 0.003 -27"><span class='ocrx_word' id='word_1_316' title='bbox 86 3086 129 3126; x_wconf 77' lang='lat'><strong>35</strong></span> <span class='ocrx_word' id='word_1_317' title='bbox 144 3088 328 3139; x_wconf 79' lang='lat' dir='ltr'><strong>meare</strong></span> <span class='ocrx_word' id='word_1_318' title='bbox 370 3076 558 3156; x_wconf 84' lang='lat' dir='ltr'><strong>sidera</strong></span> <span class='ocrx_word' id='word_1_319' title='bbox 589 3093 658 3135; x_wconf 91' lang='lat' dir='ltr'><strong>ac</strong></span> <span class='ocrx_word' id='word_1_320' title='bbox 690 3093 884 3134; x_wconf 89' lang='lat' dir='ltr'><strong>rursus</strong></span> <span class='ocrx_word' id='word_1_321' title='bbox 917 3075 1115 3136; x_wconf 89' lang='lat' dir='ltr'><strong>eadem</strong></span> <span class='ocrx_word' id='word_1_322' title='bbox 1146 3093 1481 3152; x_wconf 85' lang='lat' dir='ltr'><strong>resurgere,</strong></span> <span class='ocrx_word' id='word_1_323' title='bbox 1518 3075 1870 3153; x_wconf 85' lang='lat' dir='ltr'><strong>similemque</strong></span> <span class='ocrx_word' id='word_1_324' title='bbox 1903 3079 2091 3152; x_wconf 89' lang='lat' dir='ltr'><strong>terris,</strong></span> 
     </span>
     <span class='ocr_line' id='line_1_38' title="bbox 146 3150 2093 3234; baseline 0.003 -21"><span class='ocrx_word' id='word_1_325' title='bbox 146 3155 303 3215; x_wconf 88' lang='lat' dir='ltr'><strong>immo</strong></span> <span class='ocrx_word' id='word_1_326' title='bbox 337 3150 477 3220; x_wconf 80' lang='lat' dir='ltr'><strong>vero</strong></span> <span class='ocrx_word' id='word_1_327' title='bbox 509 3165 742 3218; x_wconf 87' lang='lat' dir='ltr'><strong>naturae</strong></span> <span class='ocrx_word' id='word_1_328' title='bbox 773 3160 1110 3234; x_wconf 87' lang='lat' dir='ltr'><strong>universae,</strong></span> <span class='ocrx_word' id='word_1_329' title='bbox 1146 3159 1353 3218; x_wconf 88' lang='lat' dir='ltr'><strong>exinde</strong></span> <span class='ocrx_word' id='word_1_330' title='bbox 1384 3159 1634 3217; x_wconf 83' lang='lat' dir='ltr'><strong>faciem‘</strong></span> <span class='ocrx_word' id='word_1_331' title='bbox 1619 3178 1673 3217; x_wconf 87' lang='lat'><strong>111</strong></span> <span class='ocrx_word' id='word_1_332' title='bbox 1707 3161 1905 3225; x_wconf 91' lang='lat' dir='ltr'><strong>iisdem</strong></span> <span class='ocrx_word' id='word_1_333' title='bbox 1937 3170 2093 3220; x_wconf 89' lang='lat' dir='ltr'><strong>ortus</strong></span> 
     </span>
     <span class='ocr_line' id='line_1_39' title="bbox 149 3241 2092 3320; baseline 0.002 -23"><span class='ocrx_word' id='word_1_334' title='bbox 149 3254 493 3320; x_wconf 86' lang='lat' dir='ltr'><strong>occasusque</strong></span> <span class='ocrx_word' id='word_1_335' title='bbox 525 3241 833 3319; x_wconf 75' lang='lat' dir='ltr'><strong>operibuS,</strong></span> <span class='ocrx_word' id='word_1_336' title='bbox 878 3259 988 3301; x_wconf 90' lang='lat' dir='ltr'><strong>uon</strong></span> <span class='ocrx_word' id='word_1_337' title='bbox 1033 3242 1200 3301; x_wconf 87' lang='lat' dir='ltr'><strong>aliter</strong></span> <span class='ocrx_word' id='word_1_338' title='bbox 1248 3241 1352 3301; x_wconf 89' lang='lat' dir='ltr'><strong>sub</strong></span> <span class='ocrx_word' id='word_1_339' title='bbox 1382 3250 1534 3301; x_wconf 90' lang='lat' dir='ltr'><strong>terra</strong></span> <span class='ocrx_word' id='word_1_340' title='bbox 1562 3243 1858 3303; x_wconf 82' lang='lat' dir='ltr'><strong>manifesto</strong></span> <span class='ocrx_word' id='word_1_341' title='bbox 1890 3245 2092 3305; x_wconf 90' lang='lat' dir='ltr'><strong>sideris</strong></span> 
     </span>
     <span class='ocr_line' id='line_1_40' title="bbox 150 3324 2085 3406; baseline 0.002 -26"><span class='ocrx_word' id='word_1_342' title='bbox 150 3338 307 3382; x_wconf 90' lang='lat' dir='ltr'><strong>cursu</strong></span> <span class='ocrx_word' id='word_1_343' title='bbox 338 3324 524 3385; x_wconf 83' lang='lat' dir='ltr'><strong>aliove</strong></span> <span class='ocrx_word' id='word_1_344' title='bbox 557 3325 767 3384; x_wconf 82' lang='lat' dir='ltr'><strong>effectu</strong></span> <span class='ocrx_word' id='word_1_345' title='bbox 791 3344 954 3403; x_wconf 91' lang='lat' dir='ltr'><strong>quam</strong></span> <span class='ocrx_word' id='word_1_346' title='bbox 980 3344 1103 3385; x_wconf 91' lang='lat' dir='ltr'><strong>cum</strong></span> <span class='ocrx_word' id='word_1_347' title='bbox 1127 3334 1360 3406; x_wconf 87' lang='lat' dir='ltr'><strong>praeter</strong></span> <span class='ocrx_word' id='word_1_348' title='bbox 1383 3324 1585 3385; x_wconf 91' lang='lat' dir='ltr'><strong>oculos</strong></span> <span class='ocrx_word' id='word_1_349' title='bbox 1606 3336 1834 3386; x_wconf 87' lang='lat' dir='ltr'><strong>nostros</strong></span> <span class='ocrx_word' id='word_1_350' title='bbox 1857 3327 2085 3387; x_wconf 85' lang='lat' dir='ltr'><strong>feratur.</strong></span> 
     </span>
     <span class='ocr_line' id='line_1_41' title="bbox 41 3409 1704 3471; baseline 0.006 -10"><span class='ocrx_word' id='word_1_351' title='bbox 41 3430 42 3471; x_wconf 66' lang='lat' dir='ltr'><strong>l</strong></span> <span class='ocrx_word' id='word_1_352' title='bbox 305 3428 435 3467; x_wconf 77' lang='lat' dir='ltr'><strong>rum</strong></span> <span class='ocrx_word' id='word_1_353' title='bbox 463 3430 587 3469; x_wconf 76' lang='lat' dir='ltr'><strong>nAr.</strong></span> <span class='ocrx_word' id='word_1_354' title='bbox 617 3431 751 3468; x_wconf 75' lang='lat' dir='ltr'><strong>ms‘r.</strong></span> <span class='ocrx_word' id='word_1_355' title='bbox 798 3415 835 3469; x_wconf 91' lang='lat' dir='ltr'><strong>I.</strong></span> <span class='ocrx_word' id='word_1_356' title='bbox 1668 3409 1704 3471; x_wconf 85' lang='lat'>8</span> 
     </span>
    </p>
   </div>
  </div>
 </body>
</html>
