2320 3650
728 113 889 159 NAT.
936 111 1118 159 ms‘r.
1166 110 1228 157 v.
1272 105 1443 161 8—19.
1492 96 1758 174 (8—-10.)
2124 94 2241 157 193

247 255 598 340 monthiten,
629 262 927 338 Thiniten,
960 261 1324 336 Phaturiten,
1359 258 1661 338 coptiten,
1698 259 2067 335 Tentyriten,
2100 256 2240 321 Dio·

252 351 495 428 politen,
527 346 1003 444 Antaeopoliten,
1035 345 1609 423 Aphroditopoliten,
1641 343 2036 420 Lycopoliten.
2079 344 2244 417 Quae

250 435 410 493 iuxta
438 430 724 491 Pelusium
756 437 848 488 est
876 431 1042 505 regio
1082 445 1287 488 nomos
1332 427 1506 488 habet
1534 426 2010 502 Pharbaethiten,
2055 424 2241 488 Buba·

252 517 458 591 stiten,
490 514 854 589 Sethroiten,
888 512 1145 573 Taniten.
1220 512 1444 589 reliqua
1476 520 1666 571 autem
1699 508 2043 585 Arabicum,
2076 510 2242 571 Ham·

206 612 233 652 s
252 600 570 659 moniacam
603 597 930 656 tendentem
964 596 1035 656 ad
1066 595 1394 655 Hammonis
1423 594 1579 655 Iovis
1610 593 1935 667 oraculum,
1981 592 2240 670 Oxyryn-

253 682 475 755 chiten,
524 679 1003 756 Leontopoliten,
1050 677 1409 754 Athribiten,
1454 676 1876 755 Cynopoliten,
1921 675 2244 756 Hermopo-

254 766 429 840 liten,
462 761 707 837 Xoiten,
738 761 1125 839 Mendesium,
1174 762 1579 838 Sebennyten,
1616 759 1957 834 Cabasiten,
1992 760 2244 838 Latopo-

253 848 427 921 liten,
494 845 926 924 Heliopoliten,
999 845 1376 924 Prosopiten,
1454 844 1864 921 Panopoliten,
1935 842 2241 921 Busiriten,

255 929 619 1008 Onuphiten,
691 930 919 1004 Saiten,
984 928 1355 1004 Ptenethum,
1421 926 1790 1006 Ptemph'um,
1851 926 2242 1004 Naucratiten,

183 1033 238 1077 ιο
258 1013 587 1087 Meteliten,
622 1011 1159 1090 Gynaecopoliten,
1204 1011 1581 1086 Menelaiten,
1631 1010 2020 1071 Alexandriae
2051 1013 2243 1088 regio·

138 1156 153 1159 ,
257 1114 421 1171 nem,
466 1096 603 1155 item
639 1094 892 1170 Libyae,
929 1093 1223 1154 Mareotis,
1283 1094 1793 1171 Heracleopolites
1836 1103 1925 1153 est
1971 1094 2028 1153 in
2063 1095 2244 1154 insula
2261 1101 2320 1155 50

256 1178 373 1239 Nili
408 1180 581 1255 longa
614 1196 882 1256 passuum
905 1176 948 1237 L
970 1177 1047 1253 M,
1074 1178 1131 1236 in
1165 1196 1275 1256 qua
1304 1186 1363 1237 et
1394 1177 1666 1255 oppidum
1685 1175 1952 1238 Herculis
1983 1178 2242 1256 appella-

258 1271 392 1322 tum.
453 1261 783 1321 Arsinoitae
829 1262 942 1321 duo
975 1270 1120 1323 sunt.
1196 1259 1253 1319 hi
1288 1271 1345 1321 et
1378 1259 1723 1338 Memphites
1770 1277 1955 1338 usque
1994 1262 2066 1320 ad
2095 1278 2243 1321 sum-

255 1363 404 1405 mum
444 1344 616 1404 Delta
656 1346 1032 1422 perveniunt,
1087 1345 1179 1402 cui
1222 1353 1351 1403 sunt
1394 1344 1731 1403 contermini
1777 1360 1852 1401 ex
1890 1342 2090 1405 Africa
2131 1345 2244 1405 duo

185 1438 239 1479 1⁵
259 1427 511 1487 Oasitae.
574 1428 835 1501 *Quidam
867 1444 942 1486 ex
987 1425 1074 1485 his
1110 1426 1299 1504 aliqua
1340 1429 1568 1487 nomina
1596 1435 1917 1504 permutant
1947 1436 2003 1486 et
2037 1427 2243 1487 substi-

136 1556 143 1561 .
257 1521 417 1571 tuunt
450 1511 596 1571 alios
625 1527 861 1586 nomos,
893 1519 954 1569 ut
985 1509 1437 1589 Heroopoliten,
1474 1508 2029 1586 Crocodilopoliten.
2091 1509 2247 1570 Inter
2305 1526 2313 1531 ·

257 1593 591 1654 Arsinoiten
637 1603 825 1654 autem
870 1612 939 1653 ac
977 1592 1330 1670 Memphiten
1376 1594 1538 1655 lacus
1580 1593 1685 1652 fuit
1737 1593 1975 1651 circuitu
2020 1591 2159 1653 CCL
2190 1593 2248 1653 M

257 1694 527 1756 passuum
561 1685 685 1752 aut,
731 1684 793 1736 ut
819 1675 1119 1736 Mucianus
1147 1676 1343 1752 tradit,
1380 1674 1624 1736 ccccl.
1654 1675 1712 1735 M
1751 1683 1810 1734 et
1854 1674 2161 1736 altitudinis
2204 1676 2247 1736 L

256 1777 563 1839 passuum,
593 1777 758 1819 manu
789 1759 1009 1835 factus,
1047 1777 1079 1818 a
1108 1778 1252 1837 rege
1285 1761 1381 1839 qui
1412 1761 1636 1820 fecerat
1670 1758 1945 1819 Moeridis
1981 1760 2244 1838 appella·

183 1860 242 1902 ιο
260 1853 370 1904 tus.
441 1843 579 1903 Inde
611 1842 762 1903 LXII
792 1843 851 1902 M
883 1860 1151 1921 passuum
1179 1861 1367 1922 prope
1409 1844 1575 1904 abest
1604 1842 1920 1920 Memphis,
1966 1844 2250 1920 quondam

258 1944 365 1987 arx
384 1927 643 2005 Aegypti
667 1944 899 2003 regum,
933 1926 1080 1985 unde
1121 1927 1194 1986 ad
1220 1926 1545 1987 Hammonis
1570 1926 1863 1988 oraculum
1892 1923 1999 1986 XII
2028 1928 2247 1987 dierum

257 2010 372 2069 iter
401 2020 508 2068 est.
589 2009 661 2069 ad
691 2010 998 2069 scissuram
1027 2019 1217 2070 autem
1249 2009 1385 2087 Nili,
1419 2010 1573 2089 quod
1605 2009 2022 2089 appellavimus
2052 2009 2245 2087 Delta,

257 2092 366 2153 XV
395 2091 453 2151 M
483 2110 770 2170 passuum.

429 2175 596 2256 (10.)
640 2173 804 2234 Nilus
840 2174 1077 2235 incertis
1102 2183 1279 2248 ‚ortus
1321 2174 1605 2252 fontihuS,
1658 2184 1722 2234 ut
1768 2192 1875 2253 per
1913 2174 2148 2236 deserta
2190 2185 2320 2239 etfil

182 2257 521 2319 wardentia
573 2267 633 2317 et
681 2260 937 2317 inmenso
978 2257 1346 2334 longitudinis
1388 2259 1578 2334 spatio
1622 2257 1951 2335 ambulans,
1984 2258 2249 2337 famaque

256 2349 472 2402 tantum
512 2342 713 2400 inermi
763 2340 942 2419 (qnae
986 2342 1129 2400 situs
1177 2342 1301 2399 sine
1349 2339 1553 2416 hellis,
1607 2358 1755 2418 quae
1803 2351 2032 2401 ceteras
2067 2344 2250 2402 omnis

258 2431 480 2500 terras,
516 2425 828 2502 inveniret)
863 2424 1177 2499 originem,
1209 2433 1272 2483 ut
1299 2422 1436 2483 Iuba
1467 2441 1574 2482 rex
1602 2425 1786 2501 potuit
1821 2426 2159 2502 exquirere,
2193 2428 2248 2485 in

257 2516 450 2566 monte
483 2507 774 2567 inferioris
803 2506 1191 2567 Mauretaniae
1222 2523 1336 2566 non
1368 2507 1574 2583 procul
1610 2523 1834 2567 oceano
1869 2507 2082 2584 habet,
2117 2509 2246 2569 lacu

261 2592 520 2668 protinus
552 2598 850 2667 stagnante
883 2606 1050 2666 quem
1082 2599 1292 2650 vocant
1320 2589 1567 2650 Niliden.
1626 2590 1707 2649 ihi
1732 2592 1926 2669 pisces
1950 2594 2248 2669 reperiun-

182 2681 353 2733 sotur
380 2673 669 2747 alabetae,
703 2674 977 2748 coracini,
1011 2673 1191 2733 siluri.
1238 2673 1567 2733 crocodilus
1599 2690 1831 2751 quoque
1861 2674 2012 2733 inde.
2051 2673 2127 2734 ob
2158 2693 2246 2735 ar-

259 2765 590 2833 gumentum
631 2756 745 2816 hoc
794 2754 1123 2817 Caesareae
1170 2758 1228 2815 in
1270 2756 1404 2817 Iseo
1450 2756 1684 2817 dicatus·
1721 2756 1791 2816 ab
1837 2773 1908 2816 eo
1951 2767 2250 2834 spectatur

258 2838 452 2899 hodie.
516 2849 821 2918 praeterea
861 2839 1228 2899 observatum
1258 2845 1383 2915 est,
1421 2849 1588 2917 prout
1619 2841 1674 2899 in
1709 2840 2058 2900 Mauretania
2085 2842 2247 2900 nives

259 2921 549 2982 imbresve
575 2923 934 2998 satiaverint,
963 2924 1040 2982 ita
1061 2922 1250 2983 Nilum
1281 2924 1635 2983 increscere.
1688 2922 1781 2983 Ex
1807 2922 1921 2982 hoc
1955 2923 2085 2983 lacu
2112 2942 2247 3003 pro·
2264 2934 2320 2986 59

259 3005 420 3064 fusus
456 3005 776 3082 indignatur
806 3005 988 3065 fluere
1020 3024 1128 3084 per
1153 3006 1440 3066 harenosa
1474 3014 1532 3065 et
1553 3007 1904 3085 squalentia,
1940 3006 2248 3087 conditque

183 3099 329 3147 asse
361 3088 581 3167 aliquot
610 3090 827 3149 dierum
873 3090 1110 3165 itinere,
1157 3107 1295 3149 mox
1336 3089 1448 3150 alio
1491 3090 1621 3150 lacu
1666 3092 1881 3149 maiore
1924 3092 1981 3150 in
2031 3088 2245 3152 Caesa·

257 3172 479 3232 riensis·
502 3171 889 3233 Mauretaniae
924 3182 1098 3249 gente
1130 3172 1548 3247 Massaesylum
1595 3175 1840 3252 erumpit
1874 3182 1933 3233 et
1962 3172 2246 3235 hominnm

261 3264 464 3314 coetus
529 3255 707 3316 veluti
760 3258 1180 3335 circumspicit,
1249 3257 1452 3316 iisdem
1512 3256 1830 3317 animalium
1880 3261 2244 3334 argumentis.

261 3337 467 3397 iterum
498 3338 727 3397 harenis
756 3345 1028 3416 recep‘tus
1065 3340 1324 3436 conditur
1368 3357 1564 3400 rursus
1602 3338 1713 3401 XX
1749 3341 1967 3403 dierum
1999 3340 2250 3402 desertis

288 3431 301 3444 ⁴
348 3441 484 3479 pum
515 3443 639 3481 M‘r.
667 3442 803 3480 msr.
852 3427 889 3480 Ι.
1867 3424 1940 3484 13
