2320 3650
175 92 296 154 116
708 176 720 188 .
845 102 907 150 c,
952 88 1146 149 ani
1191 99 1495 154 securim

103 263 110 264 ⁷
171 258 627 337 aequinoctium,
673 255 883 316 molles
928 275 1101 330 vere,
1145 256 1349 332 saepia
1383 254 1645 318 omnibus
1682 251 2004 314 mensibus.
2068 269 2181 312 ova

172 344 295 401 eius
322 341 544 417 glutino
580 341 878 399 atramenti
908 339 980 400 ad
1013 341 1276 417 speciem
1305 356 1454 398 uvae
1489 338 1865 398 cohaerentia
1891 336 2183 397 masculus
2280 365 2281 402 ÷

86 434 190 488 163
208 425 582 502 prosequitur
612 423 843 498 adflatu,
865 424 1019 483 alias
1044 423 1434 484 sterilescunt.
1490 422 1699 500 Polypi
1728 421 1922 481 hieme
1946 428 2183 493 coeunt,
2280 407 2281 478 l

168 509 396 587 pariunt
442 526 582 566 vere
625 524 737 567 ova
769 507 948 566 tortili
987 505 1213 566 vibrata
1247 508 1516 585 pampino
1539 551 1555 581 ,
1607 515 1767 565 tanta
1824 504 2184 565 fecunditate

172 599 230 650 ut
284 591 695 658 multitudinem
749 608 992 650 ovorum
1043 591 1229 666 occisi
1271 607 1389 649 non
1435 591 1723 667 recipiant
1773 606 1922 649 cavo
1974 589 2230 666 capitiss
2280 639 2281 652 ,

172 667 711 753 quo'praegnantes
744 675 949 734 tulere.
1014 692 1101 734 ea·
1122 674 1435 736 excludunt
1468 674 1952 752 quinquagesimo
1992 673 2120 747 die,
2154 690 2185 730 e
2280 731 2281 734 ,

88 769 189 823 164
204 759 410 837 quihus
442 759 617 819 multa
651 768 894 837 propter
923 775 1219 818 numerum
1248 757 1615 817 intercidunt.
1677 753 1969 817 Locustae
2006 766 2065 815 et
2095 774 2185 815 re-

170 844 328 922 liqna
357 843 646 923 tenuioris,
668 852 901 904 crustae
932 851 1151 921 ponunt
1181 859 1294 901 ova
1323 860 1501 920 super
1536 858 1670 917 ova,
1704 843 1999 919 atqueita
2030 842 2183 899 incu-

169 927 324 987 bant.
397 926 648 1005 polypus
691 926 902 987 femina
936 927 1110 994 modo
1150 927 1209 985 in
1251 927 1379 985 ovis
1422 924 1627 1000 sedet,
1667 925 1843 994 modo
1876 943 2187 986 cavernam

107 1069 116 1081 ,
171 1009 495 1070 cancellato
517 1010 922 1071 bracchiorum
945 1009 1182 1089 inplexu
1208 1009 1439 1070 claudit.
1471 1010 1677 1087 saepia
1699 1011 1757 1068 in
1771 1018 2015 1085 terreno
2040 1008 2241 1087 paritio

170 1095 321 1154 inter
364 1093 709 1154 harundines
756 1104 850 1154 aut
894 1094 1080 1154 sicubi
1127 1103 1298 1153 enata
1355 1093 1520 1170 alga,
1566 1093 1824 1154 excludit
1867 1094 2072 1170 quinto
2120 1110 2187 1151 ac
2280 1159 2282 1176 ᾖ

172 1177 416 1237 decumo
440 1177 555 1237 die.
609 1175 943 1275 lolligines
928 1197 984 1237 ιιι
1014 1177 1132 1237 alto
1170 1187 1443 1238 conserta
1471 1195 1585 1255 ova
1622 1179 1799 1240 edunt
1823 1186 1913 1237 ut
1912 1178 2183 1256 saepiae.

170 1278 493 1340 purpurae,
526 1262 777 1322 murices
812 1263 1192 1340 eiusdemque
1227 1263 1466 1339 generis
1501 1280 1644 1321 vere
1678 1262 1929 1340 pariunt.
1999 1261 2184 1322 echini

172 1362 284 1406 ova
318 1346 647 1424 pleniluniis
690 1345 903 1410 habent
947 1347 1169 1421 hieme,
1218 1355 1279 1406 et
1327 1345 1570 1406 cocleae
1624 1346 1871 1406 hiberno
1916 1355 2183 1424 tempore
2280 1385 2281 1396 ι

171 1439 499 1490 nascuntur.
2203 1453 2241 1493 ιε

88 1524 189 1578 165
307 1514 474 1592 (75.)
523 1513 799 1612 Torpedo
834 1498 1163 1591 octogenos
1201 1514 1353 1573 fetus
1385 1512 1610 1574 habens
1639 1514 1983 1589 iuvenitur,
1999 1531 2182 1590 eaque

171 1599 318 1657 intra
361 1616 426 1657 se
461 1599 612 1676 parit
645 1615 756 1658 ova
788 1593 1160 1676 praemollia,
1210 1598 1266 1662 in
1297 1598 1468 1657 alium
1513 1597 1707 1660 locum
1752 1600 1904 1659 uteri
1935 1598 2183 1657 transfe-

172 1699 306 1741 rens
340 1690 512 1760 atque
547 1682 627 1741 ibi
674 1682 1014 1742 excludens.
1080 1682 1251 1742 simili
1279 1670 1452 1742 modo
1484 1682 1671 1742 omnia
1702 1700 1854 1759 quae
1887 1682 2184 1757 cartilagi-

103 1783 149 1816 ἰε
173 1782 285 1825 nea
313 1765 756 1844 appellavimus.
815 1768 893 1827 ita
922 1767 983 1828 fit
1018 1776 1075 1825 ut
1113 1766 1242 1827 sola
1276 1765 1517 1845 piscium
1546 1774 1607 1825 et
1635 1766 1840 1831 animal
1873 1767 2102 1845 pariant
2131 1774 2185 1824 et
2280 1755 2282 1829 ᾗ

172 1867 283 1908 ova
316 1850 661 1928 concipiant.
727 1851 939 1912 silurus
963 1869 1082 1910 mas
1114 1850 1276 1910 solus
1301 1851 1549 1910 omnium
1576 1851 1729 1911 edita
1759 1852 2020 1914 custodit
2053 1868 2181 1926 ova,
2200 1875 2241 1915 ιο

171 1950 353 2010 saepe
388 1942 447 1991 et
485 1934 902 2012 quinquagenis
936 1933 1176 2010 diebuS,
1206 1952 1280 1993 ne
1311 1933 1676 1994 absumantur
1704 1934 1778 1995 ab
1811 1934 1963 1995 aliis.
2029 1944 2181 1994 cete·
2280 1978 2281 1991 ,

171 2034 274 2076 rae
305 2016 602 2077 feminae·
585 2037 643 2077 ιιι
682 2019 870 2079 triduo
903 2017 1248 2096 excludunt,
1279 2018 1476 2079 simas
1511 2018 1720 2095 attigit.
2280 2010 2281 2099 ζ

89 2105 189 2163 166
306 2099 473 2179 (76.)
516 2100 675 2161 Acus
708 2105 832 2163 sive
866 2103 1079 2164 belone
1112 2121 1258 2161 unus
1293 2101 1533 2180 piscium
1566 2102 1910 2177 dehiscente
1942 2112 2182 2183 propter
2280 2128 2281 2177 3

105 2198 108 2201 ’
169 2183 586 2244 multitudinem
619 2195 787 2247 utero
831 2189 998 2264 parit.
1063 2205 1096 2245 a
1125 2194 1292 2264 partu
1323 2187 1605 2246 coalescit
1635 2186 1887 2263 volnuS,
1930 2189 2090 2266 quod
2129 2196 2183 2247 et
2280 2222 2281 2271 ᾗ

169 2269 228 2327 ἰιι
260 2270 457 2330 caecis
498 2271 870 2348 serpentibus
913 2271 1158 2331 tradunt.
1231 2268 1358 2330 Mus
1393 2271 1643 2331 marinus
1679 2272 1739 2343 in
1768 2279 1930 2332 terra
1966 2271 2234 2333 sci-oben

173 2352 393 2429 effosso
423 2354 573 2431 parit
602 2371 713 2413 ova
742 2364 802 2413 et
832 2374 1031 2414 rursus
1065 2354 1257 2414 obruit
1288 2362 1466 2430 terra,
1500 2354 1798 2415 tricesimo
1826 2354 1925 2415 die
1955 2356 2179 2417 refossa
2280 2352 2281 2419 ἰ

174 2438 362 2513 aperit
393 2435 688 2516 fetumque
726 2439 783 2497 in
813 2457 1017 2517 aquam
1049 2438 1223 2498 ducit.
1508 2436 1517 2445 '
2279 2476 2281 2515 2

302 2518 403 2578 52.
447 2521 621 2600 (77.)
661 2521 938 2597 Erythini
976 2531 1033 2582 et
1067 2522 1327 2583 channae
1364 2521 1567 2581 volvas
1599 2521 1820 2584 habere
1864 2523 2179 2599 traduntur,

173 2604 271 2680 qui
313 2603 553 2664 trochos
595 2606 936 2704 appellatur
962 2625 997 2666 a
1038 2605 1279 2677 Graecis
1324 2605 1452 2682 ipse
1485 2625 1550 2667 se
1593 2606 1757 2665 inire.
1832 2606 2229 2752 Aquatiliun

174 2688 422 2746 omnium
453 2688 606 2749 fetus
638 2691 788 2749 inter
814 2690 974 2759 initia
1002 2691 1130 2750 visu
1162 2698 1382 2751 carent.
2280 2716 2281 2751 z

93 2778 191 2835 167
320 2771 421 2833 53.
465 2770 637 2852 (78.)
699 2774 849 2834 Aevi
890 2775 1134 2853 piscium
1164 2773 1595 2847 memorandum
1638 2792 1827 2853 nuper
1857 2775 2180 2854 exemplum

176 2857 531 2935 accepimus.
618 2857 986 2937 Pausilypum
1035 2858 1175 2919 villa
1244 2867 1334 2917 est
1382 2855 1731 2935 Campaniae
1790 2859 1934 2921 haut
1982 2857 2178 2938 procul

172 2937 443 3018 Neapoli.
520 2941 579 2999 in
627 2957 700 3001 ea
740 2944 800 3002 in
838 2939 1112 3003 Caesaris
1155 2942 1395 3020 piscinis
1444 2959 1480 3000 a
1510 2940 1776 3007 Pollione
1819 2941 2015 3007 vedio
2054 2960 2177 3004 cou-
2280 2968 2281 2979 ι

173 3022 385 3083 iectum
429 3026 654 3102 piscem
698 3025 1125 3103 sexagesimum
1171 3035 1305 3104 post
1346 3043 1552 3086 annum
1598 3027 1956 3105 exspirasse
1986 3027 2176 3101 scribit
2280 3048 2281 3051 ¹

175 3104 449 3164 Annaeus
480 3109 744 3184 Seneca,
777 3109 1003 3171 duobus
1035 3109 1168 3170 aliis
1201 3108 1543 3189 aequalibus
1578 3110 1703 3171 eius
1736 3129 1814 3173 ex
1848 3112 2220 3190 eodemne-s
2280 3160 2281 3163 ,

176 3202 319 3243 nere
369 3195 502 3247 tunc
542 3192 888 3254 viventibus.
943 3210 1109 3270 quae
1157 3193 1375 3255 mentio
1418 3194 1771 3271 piscinarum
1812 3195 2087 3263 admonet
2120 3202 2172 3255 nt
2280 3204 2281 3275 1

177 3266 568 3421 Eguuffissg'lgsra
620 3275 888 3352 dicamus·
925 3276 1035 3337 hac
1080 3276 1153 3336 de
1201 3295 1269 3336 re
1311 3278 1646 3356 priusquam
1694 3278 2087 3357 digrediamur
2110 3276 2170 3339 ab
