2320 3650
0 136 1 143 χ
526 87 687 135 Ν-ΑΤ.
718 86 897 152 ms'r.
932 89 1008 135 11.
1044 85 1285 142 23-26.
1324 76 1621 162 (21-24.)
2034 83 2114 145 83

0 154 9 265 Ι
124 242 195 304 ab
227 242 322 302 his
365 242 567 318 gravis
608 251 877 301 aestusve
925 242 1252 318 significari.
1314 242 1478 304 Fiunt
1501 250 1572 305 *et
1617 246 1876 307 hibernis
1903 251 2113 308 meusi-

0 272 11 387 Ι
122 326 230 387 bus
278 335 336 386 et
380 327 436 384 in
477 325 726 385 austrino
775 325 946 403 polo,
991 327 1096 386 sed
1133 327 1213 385 ibi
1251 328 1596 389 citra‘ullum
1628 330 1809 390 iubar.
1872 332 2112 411 diraque

125 418 406 488 conperta
437 408 787 487 Aethiopum
819 417 876 468 et
899 408 1154 488 Aegypti
1186 411 1437 489 populis,
1472 415 1564 472 cui
1592 432 1801 473 nomeu
1831 417 1961 475 aevi
1985 418 2109 476 eius

122 514 225 554 rex
261 494 422 553 dedit
453 492 717 570 Typhon,
753 493 923 569 ignea
955 494 1156 571 specie
1193 512 1262 554 ac
1295 497 1488 574 spirae
1520 498 1691 557 modo
1722 494 1950 574 intorta,
1983 500 2111 559 visu

86 596 357 656 squeque
392 585 591 651 torvo,
638 594 749 635 nec
778 576 948 636 stella
980 578 1178 636 verius
1209 596 1375 656 quam
1411 579 1645 659 quidam·
1670 582 1873 658 igneus
1905 584 2108 642 nodus.

119 664 483 741 Sparguntur
521 659 829 738 aliquando
866 668 927 719 et
960 661 1281 722 errantibus
1313 663 1501 723 stellis
1534 668 1864 744 ceterisque
1898 668 2108 725 crines·
2124 676 2194 731 92

120 746 220 806 sed
255 753 522 805 cometes
551 761 850 822 numquam
879 745 939 803 iu
968 761 1249 806 occasura
1281 757 1443 825 parte
1477 748 1631 811 caeli
1656 758 1776 824 est,
1799 750 2111 808 terrificum
2168 798 2173 804 .

116 847 322 906 magna
359 846 437 887 ex
468 837 631 905 parte
668 829 824 888 sidus
854 836 1024 906 atque
1050 847 1166 891 non
1185 828 1401 890 leviter
1423 831 1656 909 piatum,
1691 841 1752 892 ut
1777 833 1932 892 civili
1956 843 2111 893 motu

118 913 363 973 Octavio
390 911 629 972 consule
655 913 976 990 iterumque
990 912 1231 990 Pompei
1256 923 1315 973 et
1333 912 1601 975 Caesaris
1623 916 1804 993 bello,
1832 918 1886 976 in
1909 926 2109 975 nostro

57 1014 259 1059 10vero
305 1012 458 1056 aevo
507 997 661 1055 circa
704 996 1045 1056 veneficium
1087 1014 1201 1075 quo
1236 994 1507 1057 Claudius
1544 997 1764 1061 Caesar
1813 1001 2110 1079 imperium

115 1081 353 1159 reliquit
387 1079 637 1139 Domitio
671 1077 889 1141 Neroni
931 1098 1002 1139 ac
1047 1080 1257 1141 deinde
1300 1083 1624 1161 principatu
1656 1087 1781 1144 eius
1812 1085 2110 1145 adsiduum

116 1181 304 1245 prope
337 1180 411 1224 ac
444 1180 701 1223 saevom.
765 1162 1016 1223 Referre
1062 1164 1434 1241 arbitrantur,
1482 1168 1539 1226 in
1573 1186 1717 1247 quas
1752 1170 1930 1246 partis
1972 1187 2108 1229 sese

117 1249 402 1310 iaculetur
434 1257 530 1307 aut
560 1248 720 1307 cuius
751 1247 960 1307 stellae
995 1249 1134 1307 viris
1164 1250 1445 1327 accipiat,
1493 1269 1751 1330 quasque
1785 1253 2106 1312 similitudi-

115 1353 218 1394 nes
247 1332 461 1392 reddat
488 1340 549 1391 et
583 1330 787 1410 quibus
809 1333 873 1391 'in
904 1331 1050 1391 locis
1085 1334 1313 1393 emicet.
1376 1333 1661 1393 Tibiarum
1693 1336 1898 1412 specie
1932 1337 2103 1395 musi·
2123 1348 2193 1403 93

0 1488 1 1491 Ἴ
59 1438 102 1479 15
118 1437 219 1478 cae
266 1416 379 1474 arti
428 1416 818 1494 portendere,
877 1415 1148 1475 obscenis
1194 1425 1380 1476 autem
1429 1418 1684 1477 moribus
1731 1418 1787 1476 in
1831 1419 2104 1479 verendis

116 1500 380 1581 partibus
408 1500 731 1576 signorum,
776 1500 1022 1576 ingeniis
1055 1508 1114 1559 et
1140 1501 1475 1576 eruditioni,
1520 1502 1569 1560 si
1600 1504 1933 1581 triquetram
1964 1503 2105 1580 figu-

114 1604 233 1645 ram
270 1582 682 1662 quadratamve
714 1582 949 1661 paribus
980 1583 1204 1660 angulis
1235 1585 1305 1644 ad
1338 1585 1563 1664 aliquos
1594 1586 1932 1663 perennium
1968 1586 2106 1645 stel-

113 1668 295 1729 larum
343 1667 486 1726 situs
529 1666 731 1743 edant,
781 1684 1004 1727 venena
1034 1667 1278 1727 fundere
1313 1670 1369 1727 in
1410 1670 1598 1747 capite
1635 1669 2108 1746 septentrionalis

116 1753 484 1813 austrinaeve
517 1752 824 1828 serpentis
886 1748 1162 1811 Cometes
1203 1753 1259 1810 in
1293 1770 1405 1812 uno
1437 1753 1611 1812 totius
1644 1753 1805 1812 orbis
1834 1752 1971 1813 loco
2009 1771 2105 1813 co·

53 1838 250 1899 2olitur
278 1837 337 1894 in
365 1835 583 1914 templo
618 1835 867 1911 Romae,
913 1835 1216 1896 admodum
1257 1836 1486 1897 faustus
1506 1838 1639 1897 divo
1670 1839 1933 1916 Augusto
1966 1837 2106 1897 iudi-

2 1929 13 1956 ¹
115 1931 276 1981 catus
311 1919 385 1978 ab
416 1921 580 1998 ipso,
632 1921 726 1997 qui
756 1920 1066 1997 incipiente
1097 1937 1170 1979 eo
1204 1921 1464 1999 adparuit
1492 1921 1639 1981 ludis
1675 1940 1821 2001 quos
1853 1921 2112 1982 faciebat

113 2004 333 2064 Veneri
359 2000 648 2063 Genetrici
673 2021 786 2084 non
808 2004 983 2063 multo
1010 2013 1142 2082 post
1168 2004 1382 2063 obitum
1405 2007 1583 2084 patris
1609 2003 1881 2066 Caesaris
1902 2007 1960 2066 in
1985 2006 2104 2066 col-

113 2088 273 2165 legio
304 2086 378 2146 ab
408 2104 488 2167 eq
512 2088 783 2146 instituto.
835 2086 1095 2166 Namque
1123 2086 1215 2146 his
1246 2088 1443 2147 verbis
1485 2090 1541 2147 in
1589 2090 1852 2165 gaudium
1881 2089 2191 2167 proditt94
2267 2097 2270 2100 ’

111 2171 206 2231 Iis
254 2171 449 2248 ipsis
484 2170 818 2230 'ludorum
862 2188 1177 2236 meorum
1210 2171 1467 2231 diebus
1510 2173 1719 2232 sidus
1761 2174 2105 2233 crinitum

48 2254 747 2334 zeperseptemdies
771 2257 839 2314 in
862 2256 1177 2332 regione
1210 2253 1409 2314 caeli
1435 2273 1614 2333 quae
1642 2256 1775 2315 sub
1800 2266 2103 2335 septen-

110 2337 493 2399 trionibus
528 2348 642 2398 est
674 2349 1178 2417 conspectum.
1214 2338 1714 2401 idoriebatur
1746 2342 1949 2401 circa
1980 2359 2101 2399 un·

111 2422 472 2484 decimam
502 2421 743 2483 horam
772 2423 927 2483 diei
955 2421 1381 2501 clarumque
1415 2432 1486 2481 et
1514 2423 1846 2483 omnibus
1882 2443 1915 2483 e
1948 2433 2101 2483 ter-

111 2508 215 2566 ris
247 2506 730 2584 conspicuum
765 2506 916 2565 fuit.
977 2524 1061 2565 eo
1093 2507 1344 2567 sidere
1377 2507 1808 2583 significari
1836 2508 2102 2585 volgus

115 2608 239 2649 cre
259 2589 449 2650 didit
482 2586 837 2650 Caesaris
867 2590 1169 2651 animam
1200 2591 1397 2651 inter
1428 2591 1719 2650 deorum
1753 2593 2099 2651 inmorta-

48 2673 290 2733 aelium
342 2673 621 2734 numina
674 2683 1088 2751 receptam,
1143 2692 1284 2753 quo
1335 2676 1629 2733 nomine
1680 2675 1750 2734 id
1803 2676 2100 2751 insigne

115 2757 521 2816 simulacro
553 2758 823 2835 capitis
854 2758 1048 2833 eius,
1100 2759 1292 2837 quod
1338 2775 1497 2818 mox
1540 2759 1606 2817 in
1637 2758 1797 2817 foro
1829 2775 2097 2817 eonse-

115 2841 506 2915 cravimus‚
541 2842 903 2902 adiectum
934 2851 1059 2900 est.
1093 2842 1254 2902 Haec
1277 2842 1375 2901 ille
1401 2843 1457 2900 in
1479 2841 1789 2921 publicum.
1821 2842 2097 2900 interiore

111 2924 325 3001 gaudio
369 2923 480 2983 sibi
523 2924 679 2984 illum
709 2934 897 2986 natum
938 2943 1121 3003 seque
1155 2926 1211 2984 in
1257 2943 1330 2985 eo
1360 2926 1522 2986 nasci
1552 2927 1955 3003 interpretatus
1984 2934 2095 3001 est,

116 3017 194 3082 et,
228 3011 278 3067 si
309 3025 509 3067 verum
530 3008 791 3083 fatemur,
825 3009 1073 3068 salutare
1104 3009 1162 3069 id
1193 3009 1361 3069 terris
1392 3009 1515 3069 fuit.
1571 3010 1711 3069 Sunt
1740 3009 1835 3088 qui
1866 3019 1923 3068 et
1950 3008 2097 3068 haec

0 3063 1 3142 Ῡ
46 3091 314 3152 assidera
357 3101 640 3169 perpetua
676 3111 809 3151 esse
855 3093 1123 3168 credant,
1168 3110 1389 3170 suoque
1434 3092 1643 3153 ambitu
1685 3094 1800 3169 ire,
1848 3094 1953 3154 sed
1983 3111 2096 3153 non

114 3174 224 3254 nisi
252 3174 461 3234 relicta
497 3194 529 3235 a
564 3176 689 3236 sole
723 3177 900 3235 cerni.
952 3175 1048 3252 alii
1091 3192 1237 3235 vero
1280 3177 1374 3253 qui
1415 3177 1575 3236 nasci
1620 3194 1819 3236 umore
1862 3177 2095 3237 fortuito

116 3266 176 3316 et
203 3258 378 3334 ignea
407 3258 495 3333 vi,
530 3259 781 3337 ideoque
810 3260 977 3319 solvi.
1511 3287 1524 3300 ·

237 3339 339 3403 26.
373 3339 539 3420 (24.)
586 3341 744 3402 Idem
771 3342 1137 3420 Hipparchus
1179 3360 1478 3420 numquam
1517 3344 1657 3487 sbatis
1697 3343 1989 3417 laudatus,
2036 3350 2096 3401 ut
2110 3348 2180 3404 95
