<?xml version="1.0" encoding="UTF-8"?>
<!DOCTYPE html PUBLIC "-//W3C//DTD XHTML 1.0 Transitional//EN"
    "http://www.w3.org/TR/xhtml1/DTD/xhtml1-transitional.dtd">
<html xmlns="http://www.w3.org/1999/xhtml" xml:lang="en" lang="en">
 <head>
  <title>
</title>
<meta http-equiv="Content-Type" content="text/html;charset=utf-8" />
  <meta name='ocr-system' content='tesseract 3.04.00' />
  <meta name='ocr-capabilities' content='ocr_page ocr_carea ocr_par ocr_line ocrx_word'/>
</head>
<body>
  <div class='ocr_page' id='page_1' title='image "./cplinisecundina00eldegoog_0060.png"; bbox 0 0 2320 3650; ppageno 0'>
   <div class='ocr_carea' id='block_1_1' title="bbox 656 102 2178 188">
    <p class='ocr_par' dir='ltr' id='par_1_1' title="bbox 656 80 2178 188">
     <span class='ocr_line' id='line_1_1' title="bbox 656 102 2178 188; baseline 0.002 -23"><span class='ocrx_word' id='word_1_1' title='bbox 656 180 669 184; x_wconf 20' lang='grc' dir='ltr'><strong>θ</strong></span> <span class='ocrx_word' id='word_1_2' title='bbox 701 119 861 171; x_wconf 78' lang='lat' dir='ltr'><strong>NAT.</strong></span> <span class='ocrx_word' id='word_1_3' title='bbox 893 117 1078 166; x_wconf 80' lang='lat' dir='ltr'>HIST.</span> <span class='ocrx_word' id='word_1_4' title='bbox 1111 119 1158 164; x_wconf 79' lang='grc' dir='ltr'>ι.</span> <span class='ocrx_word' id='word_1_5' title='bbox 1206 102 1348 187; x_wconf 74' lang='lat' dir='ltr'><strong>(xv,</strong></span> <span class='ocrx_word' id='word_1_6' title='bbox 1383 103 1557 188; x_wconf 80' lang='lat' dir='ltr'>xv1.)</span> <span class='ocrx_word' id='word_1_7' title='bbox 1589 112 1606 117; x_wconf 83' lang='grc'><strong><em>’</em></strong></span> <span class='ocrx_word' id='word_1_8' title='bbox 1916 121 1920 125; x_wconf 94' lang='grc'><em>·</em></span> <span class='ocrx_word' id='word_1_9' title='bbox 2098 106 2178 168; x_wconf 85' lang='grc'>29</span> 
     </span>
    </p>
   </div>
   <div class='ocr_carea' id='block_1_2' title="bbox 81 273 2192 3468">
    <p class='ocr_par' dir='ltr' id='par_1_2' title="bbox 163 273 2175 351">
     <span class='ocr_line' id='line_1_2' title="bbox 163 273 2175 351; baseline -0.001 -15"><span class='ocrx_word' id='word_1_10' title='bbox 163 278 287 337; x_wconf 89' lang='lat' dir='ltr'>dem</span> <span class='ocrx_word' id='word_1_11' title='bbox 319 275 518 334; x_wconf 87' lang='lat' dir='ltr'>ferant</span> <span class='ocrx_word' id='word_1_12' title='bbox 549 273 796 333; x_wconf 87' lang='lat' dir='ltr'>eaedem</span> <span class='ocrx_word' id='word_1_13' title='bbox 827 274 1101 345; x_wconf 26' lang='lat' dir='ltr'>arbores.)</span> <span class='ocrx_word' id='word_1_14' title='bbox 1155 274 1248 331; x_wconf 90' lang='lat'>11.</span> <span class='ocrx_word' id='word_1_15' title='bbox 1289 274 1566 351; x_wconf 68' lang='lat' dir='ltr'>cacthS,</span> <span class='ocrx_word' id='word_1_16' title='bbox 1625 274 1721 334; x_wconf 89' lang='lat'>12.</span> <span class='ocrx_word' id='word_1_17' title='bbox 1757 291 2019 350; x_wconf 90' lang='lat' dir='ltr'>coccum,</span> <span class='ocrx_word' id='word_1_18' title='bbox 2078 276 2175 336; x_wconf 86' lang='lat'>13.</span> 
     </span>
    </p>

    <p class='ocr_par' dir='ltr' id='par_1_3' title="bbox 81 353 2192 3468">
     <span class='ocr_line' id='line_1_3' title="bbox 81 353 2174 444; baseline -0.001 -22"><span class='ocrx_word' id='word_1_19' title='bbox 81 400 85 403; x_wconf 95' lang='lat'>-</span> <span class='ocrx_word' id='word_1_20' title='bbox 126 353 527 444; x_wconf 80' lang='lat' dir='ltr'>agaricum.)</span> <span class='ocrx_word' id='word_1_21' title='bbox 600 358 746 437; x_wconf 87' lang='grc'>(14)</span> <span class='ocrx_word' id='word_1_22' title='bbox 798 357 1047 431; x_wconf 83' lang='lat' dir='ltr'>Quarum</span> <span class='ocrx_word' id='word_1_23' title='bbox 1097 356 1368 417; x_wconf 90' lang='lat' dir='ltr'>arborum</span> <span class='ocrx_word' id='word_1_24' title='bbox 1421 360 1673 418; x_wconf 87' lang='lat' dir='ltr'>cortices</span> <span class='ocrx_word' id='word_1_25' title='bbox 1729 358 1787 418; x_wconf 89' lang='lat' dir='ltr'>in</span> <span class='ocrx_word' id='word_1_26' title='bbox 1830 378 1954 418; x_wconf 92' lang='lat' dir='ltr'>usu.</span> <span class='ocrx_word' id='word_1_27' title='bbox 2030 361 2174 439; x_wconf 86' lang='lat'><strong>(15)</strong></span> 
     </span>
     <span class='ocr_line' id='line_1_4' title="bbox 160 432 2174 523; baseline -0 -17"><span class='ocrx_word' id='word_1_28' title='bbox 160 446 244 506; x_wconf 89' lang='lat' dir='ltr'>De</span> <span class='ocrx_word' id='word_1_29' title='bbox 280 443 605 504; x_wconf 81' lang='lat' dir='ltr'>scandulis.</span> <span class='ocrx_word' id='word_1_30' title='bbox 673 441 818 521; x_wconf 88' lang='grc'>(16)</span> <span class='ocrx_word' id='word_1_31' title='bbox 860 442 954 501; x_wconf 65' lang='lat' dir='ltr'>‘De</span> <span class='ocrx_word' id='word_1_32' title='bbox 999 443 1170 520; x_wconf 89' lang='lat' dir='ltr'>pinu,</span> <span class='ocrx_word' id='word_1_33' title='bbox 1236 442 1381 521; x_wconf 88' lang='grc'>(17)</span> <span class='ocrx_word' id='word_1_34' title='bbox 1436 443 1723 520; x_wconf 82' lang='lat' dir='ltr'>pinastro,</span> <span class='ocrx_word' id='word_1_35' title='bbox 1784 432 1928 523; x_wconf 82' lang='grc'>(18)</span> <span class='ocrx_word' id='word_1_36' title='bbox 1980 444 2174 523; x_wconf 85' lang='lat' dir='ltr'>picea,</span> 
     </span>
     <span class='ocr_line' id='line_1_5' title="bbox 159 526 2178 607; baseline -0.001 -17"><span class='ocrx_word' id='word_1_37' title='bbox 159 529 377 603; x_wconf 85' lang='lat' dir='ltr'>abiete,</span> <span class='ocrx_word' id='word_1_38' title='bbox 428 527 577 607; x_wconf 88' lang='lat'>(19)</span> <span class='ocrx_word' id='word_1_39' title='bbox 624 527 828 606; x_wconf 82' lang='lat' dir='ltr'>larice,</span> <span class='ocrx_word' id='word_1_40' title='bbox 858 527 1059 602; x_wconf 90' lang='lat' dir='ltr'>taeda,</span> <span class='ocrx_word' id='word_1_41' title='bbox 1109 526 1255 605; x_wconf 87' lang='lat'>(20)</span> <span class='ocrx_word' id='word_1_42' title='bbox 1310 536 1482 586; x_wconf 88' lang='lat' dir='ltr'>taxo.</span> <span class='ocrx_word' id='word_1_43' title='bbox 1549 526 1692 607; x_wconf 88' lang='grc'>(21)</span> <span class='ocrx_word' id='word_1_44' title='bbox 1740 526 1961 600; x_wconf 84' lang='lat' dir='ltr'>Quibus</span> <span class='ocrx_word' id='word_1_45' title='bbox 1990 530 2178 590; x_wconf 90' lang='lat' dir='ltr'>modis</span> 
     </span>
     <span class='ocr_line' id='line_1_6' title="bbox 120 610 2178 693; baseline -0.001 -18"><span class='ocrx_word' id='word_1_46' title='bbox 120 615 252 675; x_wconf 65' lang='lat' dir='ltr'>sliat</span> <span class='ocrx_word' id='word_1_47' title='bbox 287 615 393 693; x_wconf 83' lang='lat' dir='ltr'>pix</span> <span class='ocrx_word' id='word_1_48' title='bbox 430 611 668 690; x_wconf 86' lang='lat' dir='ltr'>liquida.</span> <span class='ocrx_word' id='word_1_49' title='bbox 731 611 1020 689; x_wconf 89' lang='lat' dir='ltr'>quomodo</span> <span class='ocrx_word' id='word_1_50' title='bbox 1067 611 1325 672; x_wconf 86' lang='lat' dir='ltr'>cedrium</span> <span class='ocrx_word' id='word_1_51' title='bbox 1361 612 1476 671; x_wconf 83' lang='lat' dir='ltr'>fiat.</span> <span class='ocrx_word' id='word_1_52' title='bbox 1546 610 1689 690; x_wconf 92' lang='lat'>(22)</span> <span class='ocrx_word' id='word_1_53' title='bbox 1741 612 1962 690; x_wconf 61' lang='lat' dir='ltr'>quibus,</span> <span class='ocrx_word' id='word_1_54' title='bbox 1990 615 2178 673; x_wconf 90' lang='lat' dir='ltr'>modis</span> 
     </span>
     <span class='ocr_line' id='line_1_7' title="bbox 160 695 2177 777; baseline 0 -19"><span class='ocrx_word' id='word_1_55' title='bbox 160 700 350 777; x_wconf 83' lang='lat' dir='ltr'>spissa</span> <span class='ocrx_word' id='word_1_56' title='bbox 382 698 488 776; x_wconf 87' lang='lat' dir='ltr'>pix</span> <span class='ocrx_word' id='word_1_57' title='bbox 518 696 648 771; x_wconf 85' lang='lat' dir='ltr'>fiat,</span> <span class='ocrx_word' id='word_1_58' title='bbox 721 695 866 776; x_wconf 90' lang='grc'>(23)</span> <span class='ocrx_word' id='word_1_59' title='bbox 902 695 1107 774; x_wconf 85' lang='lat' dir='ltr'>quibus</span> <span class='ocrx_word' id='word_1_60' title='bbox 1139 705 1381 773; x_wconf 83' lang='lat' dir='ltr'>cogatur</span> <span class='ocrx_word' id='word_1_61' title='bbox 1420 696 1616 755; x_wconf 89' lang='lat' dir='ltr'>resina</span> <span class='ocrx_word' id='word_1_62' title='bbox 1658 699 1910 774; x_wconf 87' lang='lat' dir='ltr'>zopissa.-</span> <span class='ocrx_word' id='word_1_63' title='bbox 1979 697 2177 775; x_wconf 87' lang='grc'>(24-</span> 
     </span>
     <span class='ocr_line' id='line_1_8' title="bbox 161 775 2175 865; baseline -0.001 -23"><span class='ocrx_word' id='word_1_64' title='bbox 161 783 270 862; x_wconf 90' lang='grc'>29)</span> <span class='ocrx_word' id='word_1_65' title='bbox 304 782 565 855; x_wconf 81' lang='lat' dir='ltr'>Quarum</span> <span class='ocrx_word' id='word_1_66' title='bbox 590 779 859 839; x_wconf 88' lang='lat' dir='ltr'>arborum</span> <span class='ocrx_word' id='word_1_67' title='bbox 887 782 1164 840; x_wconf 86' lang='lat' dir='ltr'>materiae</span> <span class='ocrx_word' id='word_1_68' title='bbox 1200 782 1256 839; x_wconf 89' lang='lat' dir='ltr'>in</span> <span class='ocrx_word' id='word_1_69' title='bbox 1291 781 1481 859; x_wconf 87' lang='lat' dir='ltr'>pretio</span> <span class='ocrx_word' id='word_1_70' title='bbox 1527 775 1779 865; x_wconf 75' lang='lat' dir='ltr'>(fraxini</span> <span class='ocrx_word' id='word_1_71' title='bbox 1804 800 2023 858; x_wconf 79' lang='lat' dir='ltr'>genera</span> <span class='ocrx_word' id='word_1_72' title='bbox 2048 781 2175 856; x_wconf 80' lang='lat'>1111,</span> 
     </span>
     <span class='ocr_line' id='line_1_9' title="bbox 161 864 2175 943; baseline -0.001 -17"><span class='ocrx_word' id='word_1_73' title='bbox 161 867 261 926; x_wconf 88' lang='lat'>25.</span> <span class='ocrx_word' id='word_1_74' title='bbox 310 867 475 926; x_wconf 85' lang='lat' dir='ltr'>tiliae</span> <span class='ocrx_word' id='word_1_75' title='bbox 519 883 743 943; x_wconf 89' lang='lat' dir='ltr'>genera</span> <span class='ocrx_word' id='word_1_76' title='bbox 788 864 871 939; x_wconf 83' lang='grc' dir='ltr'>ΙΙ,</span> <span class='ocrx_word' id='word_1_77' title='bbox 935 864 1069 926; x_wconf 56' lang='lat'>26&gt;</span> <span class='ocrx_word' id='word_1_78' title='bbox 1089 867 1282 924; x_wconf 89' lang='lat' dir='ltr'>aceris</span> <span class='ocrx_word' id='word_1_79' title='bbox 1328 883 1548 942; x_wconf 88' lang='lat' dir='ltr'>genera</span> <span class='ocrx_word' id='word_1_80' title='bbox 1578 864 1667 941; x_wconf 97' lang='lat' dir='ltr'>X,</span> <span class='ocrx_word' id='word_1_81' title='bbox 1740 864 1839 926; x_wconf 87' lang='lat'>27.</span> <span class='ocrx_word' id='word_1_82' title='bbox 1885 865 2175 940; x_wconf 86' lang='lat' dir='ltr'>bruscum,</span> 
     </span>
     <span class='ocr_line' id='line_1_10' title="bbox 161 948 2176 1027; baseline -0.001 -16"><span class='ocrx_word' id='word_1_83' title='bbox 161 952 532 1024; x_wconf 76' lang='lat' dir='ltr'>molluscum,</span> <span class='ocrx_word' id='word_1_84' title='bbox 571 949 1129 1027; x_wconf 78' lang='lat' dir='ltr'>staphylodendron,</span> <span class='ocrx_word' id='word_1_85' title='bbox 1178 948 1278 1010; x_wconf 88' lang='grc'>28.</span> <span class='ocrx_word' id='word_1_86' title='bbox 1305 949 1441 1008; x_wconf 85' lang='lat' dir='ltr'>buxi</span> <span class='ocrx_word' id='word_1_87' title='bbox 1466 968 1686 1026; x_wconf 88' lang='lat' dir='ltr'>genera</span> <span class='ocrx_word' id='word_1_88' title='bbox 1711 949 1809 1026; x_wconf 91' lang='lat' dir='ltr'>III,</span> <span class='ocrx_word' id='word_1_89' title='bbox 1863 949 1961 1010; x_wconf 88' lang='lat'>29.</span> <span class='ocrx_word' id='word_1_90' title='bbox 1996 951 2176 1010; x_wconf 85' lang='lat' dir='ltr'>ulmo·</span> 
     </span>
     <span class='ocr_line' id='line_1_11' title="bbox 103 1029 2176 1120; baseline 0 -27"><span class='ocrx_word' id='word_1_91' title='bbox 103 1054 147 1094; x_wconf 81' lang='grc' dir='ltr'>ιο</span> <span class='ocrx_word' id='word_1_92' title='bbox 164 1056 285 1096; x_wconf 89' lang='lat' dir='ltr'>rum</span> <span class='ocrx_word' id='word_1_93' title='bbox 318 1053 546 1113; x_wconf 88' lang='lat' dir='ltr'>genera</span> <span class='ocrx_word' id='word_1_94' title='bbox 578 1029 751 1120; x_wconf 82' lang='lat'>1111).</span> <span class='ocrx_word' id='word_1_95' title='bbox 803 1034 935 1111; x_wconf 89' lang='grc'>(30.</span> <span class='ocrx_word' id='word_1_96' title='bbox 974 1033 1085 1113; x_wconf 88' lang='grc'>31)</span> <span class='ocrx_word' id='word_1_97' title='bbox 1114 1033 1406 1094; x_wconf 88' lang='lat' dir='ltr'>Arborum</span> <span class='ocrx_word' id='word_1_98' title='bbox 1436 1044 1634 1094; x_wconf 88' lang='lat' dir='ltr'>natura</span> <span class='ocrx_word' id='word_1_99' title='bbox 1668 1053 1777 1112; x_wconf 90' lang='lat' dir='ltr'>per</span> <span class='ocrx_word' id='word_1_100' title='bbox 1808 1037 1948 1095; x_wconf 89' lang='lat' dir='ltr'>situs</span> <span class='ocrx_word' id='word_1_101' title='bbox 1981 1029 2176 1120; x_wconf 81' lang='lat' dir='ltr'>(quae</span> 
     </span>
     <span class='ocr_line' id='line_1_12' title="bbox 163 1117 2176 1199; baseline -0.001 -18"><span class='ocrx_word' id='word_1_102' title='bbox 163 1131 496 1193; x_wconf 80' lang='lat' dir='ltr'>montanae,</span> <span class='ocrx_word' id='word_1_103' title='bbox 531 1136 680 1198; x_wconf 87' lang='lat' dir='ltr'>quae</span> <span class='ocrx_word' id='word_1_104' title='bbox 714 1128 1098 1196; x_wconf 72' lang='lat' dir='ltr'>campestres,</span> <span class='ocrx_word' id='word_1_105' title='bbox 1156 1117 1257 1179; x_wconf 89' lang='lat'>31.</span> <span class='ocrx_word' id='word_1_106' title='bbox 1284 1137 1433 1198; x_wconf 88' lang='lat' dir='ltr'>quae</span> <span class='ocrx_word' id='word_1_107' title='bbox 1457 1120 1788 1195; x_wconf 80' lang='lat' dir='ltr'>siccaneae,</span> <span class='ocrx_word' id='word_1_108' title='bbox 1824 1138 1974 1199; x_wconf 89' lang='lat' dir='ltr'>quae</span> <span class='ocrx_word' id='word_1_109' title='bbox 2001 1138 2176 1199; x_wconf 86' lang='lat' dir='ltr'>aqua-</span> 
     </span>
     <span class='ocr_line' id='line_1_13' title="bbox 165 1198 2176 1288; baseline -0.002 -22"><span class='ocrx_word' id='word_1_110' title='bbox 165 1208 354 1279; x_wconf 81' lang='lat' dir='ltr'>ticae,</span> <span class='ocrx_word' id='word_1_111' title='bbox 400 1222 552 1283; x_wconf 89' lang='lat' dir='ltr'>quae</span> <span class='ocrx_word' id='word_1_112' title='bbox 587 1198 983 1288; x_wconf 83' lang='lat' dir='ltr'>communes).</span> <span class='ocrx_word' id='word_1_113' title='bbox 1056 1201 1202 1281; x_wconf 88' lang='lat'><strong>(32)</strong></span> <span class='ocrx_word' id='word_1_114' title='bbox 1235 1202 1460 1262; x_wconf 88' lang='lat' dir='ltr'>Divisio</span> <span class='ocrx_word' id='word_1_115' title='bbox 1495 1210 1793 1280; x_wconf 75' lang='lat' dir='ltr'>generum.</span> <span class='ocrx_word' id='word_1_116' title='bbox 1859 1205 2004 1284; x_wconf 87' lang='lat'><strong>(33)</strong></span> <span class='ocrx_word' id='word_1_117' title='bbox 2041 1204 2176 1278; x_wconf 84' lang='lat' dir='ltr'>Qui-</span> 
     </span>
     <span class='ocr_line' id='line_1_14' title="bbox 167 1287 2176 1366; baseline -0.002 -16"><span class='ocrx_word' id='word_1_118' title='bbox 167 1291 275 1350; x_wconf 87' lang='lat' dir='ltr'>bus</span> <span class='ocrx_word' id='word_1_119' title='bbox 309 1289 454 1349; x_wconf 87' lang='lat' dir='ltr'>folia</span> <span class='ocrx_word' id='word_1_120' title='bbox 490 1305 605 1347; x_wconf 92' lang='lat' dir='ltr'>non</span> <span class='ocrx_word' id='word_1_121' title='bbox 645 1287 963 1348; x_wconf 78' lang='lat' dir='ltr'>decidant.</span> <span class='ocrx_word' id='word_1_122' title='bbox 993 1287 1064 1347; x_wconf 92' lang='lat' dir='ltr'>de</span> <span class='ocrx_word' id='word_1_123' title='bbox 1105 1287 1540 1347; x_wconf 85' lang='lat' dir='ltr'>rhododendro.</span> <span class='ocrx_word' id='word_1_124' title='bbox 1605 1289 1813 1366; x_wconf 88' lang='lat' dir='ltr'>quibus</span> <span class='ocrx_word' id='word_1_125' title='bbox 1843 1307 1958 1349; x_wconf 92' lang='lat' dir='ltr'>non</span> <span class='ocrx_word' id='word_1_126' title='bbox 1990 1291 2176 1348; x_wconf 90' lang='lat' dir='ltr'>omnia</span> 
     </span>
     <span class='ocr_line' id='line_1_15' title="bbox 168 1371 2178 1452; baseline -0.002 -17"><span class='ocrx_word' id='word_1_127' title='bbox 168 1376 306 1437; x_wconf 87' lang='lat' dir='ltr'>folia</span> <span class='ocrx_word' id='word_1_128' title='bbox 340 1373 567 1433; x_wconf 87' lang='lat' dir='ltr'>cadant.</span> <span class='ocrx_word' id='word_1_129' title='bbox 624 1371 832 1450; x_wconf 88' lang='lat' dir='ltr'>quibus</span> <span class='ocrx_word' id='word_1_130' title='bbox 865 1373 923 1430; x_wconf 92' lang='lat' dir='ltr'>in</span> <span class='ocrx_word' id='word_1_131' title='bbox 957 1372 1105 1431; x_wconf 89' lang='lat' dir='ltr'>locis</span> <span class='ocrx_word' id='word_1_132' title='bbox 1136 1371 1275 1431; x_wconf 88' lang='lat' dir='ltr'>nulli</span> <span class='ocrx_word' id='word_1_133' title='bbox 1309 1371 1598 1433; x_wconf 87' lang='lat' dir='ltr'>arborum.</span> <span class='ocrx_word' id='word_1_134' title='bbox 1673 1372 1838 1452; x_wconf 87' lang='grc'>(34.)</span> <span class='ocrx_word' id='word_1_135' title='bbox 1874 1374 1946 1433; x_wconf 92' lang='lat' dir='ltr'>de</span> <span class='ocrx_word' id='word_1_136' title='bbox 1978 1382 2178 1433; x_wconf 85' lang='lat' dir='ltr'>natura</span> 
     </span>
     <span class='ocr_line' id='line_1_16' title="bbox 104 1452 2174 1537; baseline -0.003 -17"><span class='ocrx_word' id='word_1_137' title='bbox 104 1482 151 1521; x_wconf 63' lang='grc' dir='ltr'>ιε</span> <span class='ocrx_word' id='word_1_138' title='bbox 168 1460 441 1519; x_wconf 86' lang='lat' dir='ltr'>foliorum</span> <span class='ocrx_word' id='word_1_139' title='bbox 500 1457 842 1517; x_wconf 85' lang='lat' dir='ltr'>cadentium.</span> <span class='ocrx_word' id='word_1_140' title='bbox 925 1456 1068 1537; x_wconf 87' lang='lat'>(35)</span> <span class='ocrx_word' id='word_1_141' title='bbox 1125 1455 1332 1535; x_wconf 88' lang='lat' dir='ltr'>quibus</span> <span class='ocrx_word' id='word_1_142' title='bbox 1377 1452 1668 1516; x_wconf 78' lang='lat' dir='ltr'>foliorum</span> <span class='ocrx_word' id='word_1_143' title='bbox 1718 1459 1862 1517; x_wconf 85' lang='lat' dir='ltr'>varii</span> <span class='ocrx_word' id='word_1_144' title='bbox 1920 1458 2174 1517; x_wconf 89' lang='lat' dir='ltr'>colores.</span> 
     </span>
     <span class='ocr_line' id='line_1_17' title="bbox 168 1539 2175 1623; baseline -0.003 -20"><span class='ocrx_word' id='word_1_145' title='bbox 168 1544 518 1623; x_wconf 88' lang='lat' dir='ltr'>populorum</span> <span class='ocrx_word' id='word_1_146' title='bbox 564 1559 786 1618; x_wconf 87' lang='lat' dir='ltr'>genera</span> <span class='ocrx_word' id='word_1_147' title='bbox 831 1539 931 1599; x_wconf 93' lang='lat' dir='ltr'>III.</span> <span class='ocrx_word' id='word_1_148' title='bbox 996 1558 1238 1620; x_wconf 87' lang='lat' dir='ltr'>quorum</span> <span class='ocrx_word' id='word_1_149' title='bbox 1286 1541 1556 1607; x_wconf 88' lang='lat' dir='ltr'>foliorum</span> <span class='ocrx_word' id='word_1_150' title='bbox 1606 1542 1824 1617; x_wconf 74' lang='lat' dir='ltr'>figurae</span> <span class='ocrx_word' id='word_1_151' title='bbox 1871 1551 2175 1601; x_wconf 89' lang='lat' dir='ltr'>mutentur.</span> 
     </span>
     <span class='ocr_line' id='line_1_18' title="bbox 171 1625 2176 1706; baseline -0.003 -16"><span class='ocrx_word' id='word_1_152' title='bbox 171 1629 316 1706; x_wconf 88' lang='grc'>(36)</span> <span class='ocrx_word' id='word_1_153' title='bbox 356 1645 507 1706; x_wconf 85' lang='lat' dir='ltr'>quae</span> <span class='ocrx_word' id='word_1_154' title='bbox 538 1627 680 1686; x_wconf 90' lang='lat' dir='ltr'>folia</span> <span class='ocrx_word' id='word_1_155' title='bbox 728 1635 1036 1685; x_wconf 84' lang='lat' dir='ltr'>versentur</span> <span class='ocrx_word' id='word_1_156' title='bbox 1078 1625 1343 1686; x_wconf 90' lang='lat' dir='ltr'>omnibus</span> <span class='ocrx_word' id='word_1_157' title='bbox 1397 1627 1578 1686; x_wconf 88' lang='lat' dir='ltr'>annis.</span> <span class='ocrx_word' id='word_1_158' title='bbox 1648 1626 1792 1705; x_wconf 90' lang='lat'><strong>(37)</strong></span> <span class='ocrx_word' id='word_1_159' title='bbox 1830 1627 2099 1686; x_wconf 90' lang='lat' dir='ltr'>foliorum</span> <span class='ocrx_word' id='word_1_160' title='bbox 2144 1645 2176 1684; x_wconf 91' lang='lat' dir='ltr'>e</span> 
     </span>
     <span class='ocr_line' id='line_1_19' title="bbox 170 1709 2177 1793; baseline -0.002 -19"><span class='ocrx_word' id='word_1_161' title='bbox 170 1712 376 1793; x_wconf 82' lang='lat' dir='ltr'>palmis</span> <span class='ocrx_word' id='word_1_162' title='bbox 422 1729 560 1770; x_wconf 88' lang='lat' dir='ltr'>cura</span> <span class='ocrx_word' id='word_1_163' title='bbox 625 1720 684 1770; x_wconf 88' lang='lat' dir='ltr'>et</span> <span class='ocrx_word' id='word_1_164' title='bbox 727 1729 882 1773; x_wconf 73' lang='lat' dir='ltr'>usus.</span> <span class='ocrx_word' id='word_1_165' title='bbox 951 1710 1096 1790; x_wconf 83' lang='lat'><strong>(38)</strong></span> <span class='ocrx_word' id='word_1_166' title='bbox 1142 1711 1415 1770; x_wconf 88' lang='lat' dir='ltr'>foliorum</span> <span class='ocrx_word' id='word_1_167' title='bbox 1458 1709 1757 1771; x_wconf 90' lang='lat' dir='ltr'>mirabilia.</span> <span class='ocrx_word' id='word_1_168' title='bbox 1827 1711 1971 1791; x_wconf 87' lang='grc'>(39)</span> <span class='ocrx_word' id='word_1_169' title='bbox 2018 1711 2177 1771; x_wconf 90' lang='lat' dir='ltr'>Ordo</span> 
     </span>
     <span class='ocr_line' id='line_1_20' title="bbox 168 1794 2178 1876; baseline -0.001 -18"><span class='ocrx_word' id='word_1_170' title='bbox 168 1807 405 1858; x_wconf 85' lang='lat' dir='ltr'>naturae</span> <span class='ocrx_word' id='word_1_171' title='bbox 438 1797 495 1855; x_wconf 89' lang='lat' dir='ltr'>in</span> <span class='ocrx_word' id='word_1_172' title='bbox 530 1797 688 1855; x_wconf 77' lang='lat' dir='ltr'>satiS.</span> <span class='ocrx_word' id='word_1_173' title='bbox 763 1795 905 1876; x_wconf 89' lang='grc'>(40)</span> <span class='ocrx_word' id='word_1_174' title='bbox 941 1794 1106 1869; x_wconf 84' lang='lat' dir='ltr'>Quae</span> <span class='ocrx_word' id='word_1_175' title='bbox 1149 1794 1395 1856; x_wconf 88' lang='lat' dir='ltr'>arbores</span> <span class='ocrx_word' id='word_1_176' title='bbox 1439 1814 1741 1875; x_wconf 86' lang='lat' dir='ltr'>numquam</span> <span class='ocrx_word' id='word_1_177' title='bbox 1773 1795 2036 1858; x_wconf 87' lang='lat' dir='ltr'>floreant.</span> <span class='ocrx_word' id='word_1_178' title='bbox 2104 1796 2178 1856; x_wconf 91' lang='lat' dir='ltr'>de</span> 
     </span>
     <span class='ocr_line' id='line_1_21' title="bbox 100 1880 2177 1961; baseline -0.001 -18"><span class='ocrx_word' id='word_1_179' title='bbox 100 1902 150 1942; x_wconf 81' lang='lat'>20</span> <span class='ocrx_word' id='word_1_180' title='bbox 168 1881 467 1961; x_wconf 76' lang='lat' dir='ltr'>iuniperis.</span> <span class='ocrx_word' id='word_1_181' title='bbox 537 1881 680 1961; x_wconf 88' lang='lat'><strong>(41)</strong></span> <span class='ocrx_word' id='word_1_182' title='bbox 714 1881 805 1940; x_wconf 93' lang='lat' dir='ltr'>De</span> <span class='ocrx_word' id='word_1_183' title='bbox 842 1890 1131 1960; x_wconf 90' lang='lat' dir='ltr'>conceptu</span> <span class='ocrx_word' id='word_1_184' title='bbox 1163 1880 1466 1957; x_wconf 90' lang='lat' dir='ltr'>arborum,</span> <span class='ocrx_word' id='word_1_185' title='bbox 1512 1882 1584 1941; x_wconf 91' lang='lat' dir='ltr'>de</span> <span class='ocrx_word' id='word_1_186' title='bbox 1619 1884 2067 1959; x_wconf 86' lang='lat' dir='ltr'>germinatione,</span> <span class='ocrx_word' id='word_1_187' title='bbox 2093 1882 2177 1944; x_wconf 78' lang='lat' dir='ltr'>,de</span> 
     </span>
     <span class='ocr_line' id='line_1_22' title="bbox 168 1964 2177 2048; baseline -0.001 -20"><span class='ocrx_word' id='word_1_188' title='bbox 168 1977 356 2048; x_wconf 86' lang='lat' dir='ltr'>partu.</span> <span class='ocrx_word' id='word_1_189' title='bbox 413 1965 558 2046; x_wconf 88' lang='grc'>(42)</span> <span class='ocrx_word' id='word_1_190' title='bbox 593 1983 706 2044; x_wconf 86' lang='lat' dir='ltr'>quo</span> <span class='ocrx_word' id='word_1_191' title='bbox 740 1965 942 2025; x_wconf 89' lang='lat' dir='ltr'>ordine</span> <span class='ocrx_word' id='word_1_192' title='bbox 979 1964 1242 2025; x_wconf 86' lang='lat' dir='ltr'>floreant.</span> <span class='ocrx_word' id='word_1_193' title='bbox 1301 1965 1442 2046; x_wconf 92' lang='grc'>(43)</span> <span class='ocrx_word' id='word_1_194' title='bbox 1492 1966 1564 2026; x_wconf 91' lang='lat' dir='ltr'>de</span> <span class='ocrx_word' id='word_1_195' title='bbox 1594 1984 1797 2026; x_wconf 92' lang='lat' dir='ltr'>cornu.</span> <span class='ocrx_word' id='word_1_196' title='bbox 1848 1981 1962 2045; x_wconf 86' lang='lat' dir='ltr'>quo</span> <span class='ocrx_word' id='word_1_197' title='bbox 2000 1985 2177 2046; x_wconf 92' lang='lat' dir='ltr'>quae-</span> 
     </span>
     <span class='ocr_line' id='line_1_23' title="bbox 169 2049 2174 2133; baseline -0.002 -21"><span class='ocrx_word' id='word_1_198' title='bbox 169 2071 283 2131; x_wconf 87' lang='lat' dir='ltr'>que</span> <span class='ocrx_word' id='word_1_199' title='bbox 317 2061 586 2128; x_wconf 89' lang='lat' dir='ltr'>tempore</span> <span class='ocrx_word' id='word_1_200' title='bbox 619 2050 825 2133; x_wconf 84' lang='lat' dir='ltr'>ferant.</span> <span class='ocrx_word' id='word_1_201' title='bbox 854 2075 861 2082; x_wconf 74' lang='grc'><strong>-</strong></span> <span class='ocrx_word' id='word_1_202' title='bbox 894 2050 1037 2130; x_wconf 89' lang='grc'>(44)</span> <span class='ocrx_word' id='word_1_203' title='bbox 1073 2049 1403 2126; x_wconf 87' lang='lat' dir='ltr'>anniferae,</span> <span class='ocrx_word' id='word_1_204' title='bbox 1454 2052 1509 2108; x_wconf 91' lang='lat' dir='ltr'>in</span> <span class='ocrx_word' id='word_1_205' title='bbox 1557 2052 1860 2110; x_wconf 84' lang='lat' dir='ltr'>triennium</span> <span class='ocrx_word' id='word_1_206' title='bbox 1893 2051 2174 2111; x_wconf 75' lang='lat' dir='ltr'>ferenteS.</span> 
     </span>
     <span class='ocr_line' id='line_1_24' title="bbox 172 2134 2192 2216; baseline -0.001 -19"><span class='ocrx_word' id='word_1_207' title='bbox 172 2138 319 2216; x_wconf 82' lang='lat'><strong>(45)</strong></span> <span class='ocrx_word' id='word_1_208' title='bbox 356 2153 504 2213; x_wconf 88' lang='lat' dir='ltr'>quae</span> <span class='ocrx_word' id='word_1_209' title='bbox 548 2135 791 2194; x_wconf 87' lang='lat' dir='ltr'>fructum</span> <span class='ocrx_word' id='word_1_210' title='bbox 835 2152 949 2193; x_wconf 92' lang='lat' dir='ltr'>non</span> <span class='ocrx_word' id='word_1_211' title='bbox 984 2134 1191 2194; x_wconf 86' lang='lat' dir='ltr'>ferant.</span> <span class='ocrx_word' id='word_1_212' title='bbox 1259 2153 1408 2213; x_wconf 85' lang='lat' dir='ltr'>quae</span> <span class='ocrx_word' id='word_1_213' title='bbox 1442 2134 1709 2194; x_wconf 87' lang='lat' dir='ltr'>infelices</span> <span class='ocrx_word' id='word_1_214' title='bbox 1745 2138 2192 2196; x_wconf 39' lang='lat' dir='ltr'>existumentur..</span> 
     </span>
     <span class='ocr_line' id='line_1_25' title="bbox 172 2218 2177 2302; baseline -0.001 -21"><span class='ocrx_word' id='word_1_215' title='bbox 172 2222 320 2300; x_wconf 88' lang='grc'>(46)</span> <span class='ocrx_word' id='word_1_216' title='bbox 361 2238 509 2298; x_wconf 87' lang='lat' dir='ltr'>quae</span> <span class='ocrx_word' id='word_1_217' title='bbox 555 2218 828 2279; x_wconf 86' lang='lat' dir='ltr'>facillime</span> <span class='ocrx_word' id='word_1_218' title='bbox 874 2219 1119 2297; x_wconf 86' lang='lat' dir='ltr'>perdant</span> <span class='ocrx_word' id='word_1_219' title='bbox 1159 2220 1403 2279; x_wconf 89' lang='lat' dir='ltr'>fructum</span> <span class='ocrx_word' id='word_1_220' title='bbox 1436 2229 1528 2279; x_wconf 88' lang='lat' dir='ltr'>aut</span> <span class='ocrx_word' id='word_1_221' title='bbox 1561 2218 1782 2279; x_wconf 79' lang='lat' dir='ltr'>florem.</span> <span class='ocrx_word' id='word_1_222' title='bbox 1849 2220 1991 2302; x_wconf 88' lang='grc'>(47)</span> <span class='ocrx_word' id='word_1_223' title='bbox 2031 2239 2177 2299; x_wconf 90' lang='lat' dir='ltr'>quae</span> 
     </span>
     <span class='ocr_line' id='line_1_26' title="bbox 105 2303 2180 2383; baseline -0.003 -15"><span class='ocrx_word' id='word_1_224' title='bbox 105 2306 271 2369; x_wconf 67' lang='lat' dir='ltr'>asubi</span> <span class='ocrx_word' id='word_1_225' title='bbox 307 2322 423 2363; x_wconf 90' lang='lat' dir='ltr'>non</span> <span class='ocrx_word' id='word_1_226' title='bbox 465 2304 670 2363; x_wconf 87' lang='lat' dir='ltr'>ferant.</span> <span class='ocrx_word' id='word_1_227' title='bbox 736 2303 879 2382; x_wconf 89' lang='grc'>(48)</span> <span class='ocrx_word' id='word_1_228' title='bbox 927 2304 1219 2381; x_wconf 81' lang='lat' dir='ltr'>quomodo</span> <span class='ocrx_word' id='word_1_229' title='bbox 1266 2304 1473 2364; x_wconf 89' lang='lat' dir='ltr'>ferant.</span> <span class='ocrx_word' id='word_1_230' title='bbox 1539 2303 1683 2382; x_wconf 83' lang='lat'><strong>(49)</strong></span> <span class='ocrx_word' id='word_1_231' title='bbox 1722 2303 1929 2383; x_wconf 88' lang='lat' dir='ltr'>quibus</span> <span class='ocrx_word' id='word_1_232' title='bbox 1960 2307 2180 2365; x_wconf 87' lang='lat' dir='ltr'>fructus</span> 
     </span>
     <span class='ocr_line' id='line_1_27' title="bbox 170 2387 2178 2470; baseline -0.001 -20"><span class='ocrx_word' id='word_1_233' title='bbox 170 2399 304 2451; x_wconf 90' lang='lat' dir='ltr'>ante</span> <span class='ocrx_word' id='word_1_234' title='bbox 333 2406 504 2467; x_wconf 86' lang='lat' dir='ltr'>quam</span> <span class='ocrx_word' id='word_1_235' title='bbox 535 2388 674 2449; x_wconf 87' lang='lat' dir='ltr'>folia</span> <span class='ocrx_word' id='word_1_236' title='bbox 704 2398 1028 2448; x_wconf 87' lang='lat' dir='ltr'>nascantur.</span> <span class='ocrx_word' id='word_1_237' title='bbox 1079 2389 1225 2467; x_wconf 86' lang='lat'><strong>(50)</strong></span> <span class='ocrx_word' id='word_1_238' title='bbox 1255 2389 1503 2464; x_wconf 86' lang='lat' dir='ltr'>biferae,</span> <span class='ocrx_word' id='word_1_239' title='bbox 1537 2387 1798 2449; x_wconf 87' lang='lat' dir='ltr'>triferae.</span> <span class='ocrx_word' id='word_1_240' title='bbox 1846 2390 1998 2470; x_wconf 69' lang='lat'>(51)</span> <span class='ocrx_word' id='word_1_241' title='bbox 2016 2389 2178 2463; x_wconf 88' lang='lat' dir='ltr'>Quae</span> 
     </span>
     <span class='ocr_line' id='line_1_28' title="bbox 173 2473 2178 2551; baseline -0.002 -15"><span class='ocrx_word' id='word_1_242' title='bbox 173 2475 487 2536; x_wconf 90' lang='lat' dir='ltr'>celerrime</span> <span class='ocrx_word' id='word_1_243' title='bbox 519 2481 876 2547; x_wconf 83' lang='lat' dir='ltr'>senescant,</span> <span class='ocrx_word' id='word_1_244' title='bbox 939 2492 1088 2551; x_wconf 88' lang='lat' dir='ltr'>quae</span> <span class='ocrx_word' id='word_1_245' title='bbox 1137 2474 1464 2533; x_wconf 85' lang='lat' dir='ltr'>tardissime</span> <span class='ocrx_word' id='word_1_246' title='bbox 1522 2473 1876 2551; x_wconf 87' lang='lat' dir='ltr'>[praecoces</span> <span class='ocrx_word' id='word_1_247' title='bbox 1938 2476 2178 2545; x_wconf 79' lang='lat' dir='ltr'>fructuS,</span> 
     </span>
     <span class='ocr_line' id='line_1_29' title="bbox 172 2556 2180 2637; baseline -0.001 -18"><span class='ocrx_word' id='word_1_248' title='bbox 172 2558 465 2635; x_wconf 81' lang='lat' dir='ltr'>serotinil.</span> <span class='ocrx_word' id='word_1_249' title='bbox 526 2556 670 2636; x_wconf 90' lang='lat'>(52)</span> <span class='ocrx_word' id='word_1_250' title='bbox 702 2556 767 2616; x_wconf 92' lang='lat' dir='ltr'>In</span> <span class='ocrx_word' id='word_1_251' title='bbox 797 2556 1205 2636; x_wconf 79' lang='lat' dir='ltr'>quibusplura</span> <span class='ocrx_word' id='word_1_252' title='bbox 1227 2577 1418 2622; x_wconf 86' lang='lat' dir='ltr'>rerum</span> <span class='ocrx_word' id='word_1_253' title='bbox 1438 2576 1657 2635; x_wconf 88' lang='lat' dir='ltr'>genera</span> <span class='ocrx_word' id='word_1_254' title='bbox 1682 2562 2003 2637; x_wconf 85' lang='lat' dir='ltr'>gignantur.</span> <span class='ocrx_word' id='word_1_255' title='bbox 2056 2577 2180 2617; x_wconf 87' lang='lat' dir='ltr'>cra-</span> 
     </span>
     <span class='ocr_line' id='line_1_30' title="bbox 170 2641 2180 2725; baseline -0.002 -21"><span class='ocrx_word' id='word_1_256' title='bbox 170 2654 428 2721; x_wconf 87' lang='lat' dir='ltr'>taegum.</span> <span class='ocrx_word' id='word_1_257' title='bbox 492 2641 806 2721; x_wconf 67' lang='lat'><strong>(53‘—-56)</strong></span> <span class='ocrx_word' id='word_1_258' title='bbox 839 2641 1220 2702; x_wconf 75' lang='lat' dir='ltr'>Differentiae</span> <span class='ocrx_word' id='word_1_259' title='bbox 1264 2642 1531 2702; x_wconf 87' lang='lat' dir='ltr'>arborum</span> <span class='ocrx_word' id='word_1_260' title='bbox 1575 2662 1683 2721; x_wconf 90' lang='lat' dir='ltr'>per</span> <span class='ocrx_word' id='word_1_261' title='bbox 1716 2662 1966 2725; x_wconf 84' lang='lat' dir='ltr'>corpora</span> <span class='ocrx_word' id='word_1_262' title='bbox 2000 2651 2058 2701; x_wconf 91' lang='lat' dir='ltr'>et</span> <span class='ocrx_word' id='word_1_263' title='bbox 2092 2660 2180 2701; x_wconf 86' lang='lat' dir='ltr'>ra-</span> 
     </span>
     <span class='ocr_line' id='line_1_31' title="bbox 108 2720 2177 2811; baseline -0.003 -22"><span class='ocrx_word' id='word_1_264' title='bbox 108 2746 322 2788; x_wconf 68' lang='lat' dir='ltr'>somos.</span> <span class='ocrx_word' id='word_1_265' title='bbox 356 2720 559 2811; x_wconf 81' lang='lat' dir='ltr'>(lotos</span> <span class='ocrx_word' id='word_1_266' title='bbox 583 2728 708 2785; x_wconf 88' lang='lat' dir='ltr'>sive</span> <span class='ocrx_word' id='word_1_267' title='bbox 732 2726 866 2786; x_wconf 90' lang='lat' dir='ltr'>faba</span> <span class='ocrx_word' id='word_1_268' title='bbox 890 2723 1145 2788; x_wconf 82' lang='lat' dir='ltr'>Graeca.</span> <span class='ocrx_word' id='word_1_269' title='bbox 1204 2729 1301 2787; x_wconf 89' lang='grc'>54.</span> <span class='ocrx_word' id='word_1_270' title='bbox 1333 2728 1405 2787; x_wconf 87' lang='lat' dir='ltr'>de</span> <span class='ocrx_word' id='word_1_271' title='bbox 1433 2729 1623 2788; x_wconf 88' lang='lat' dir='ltr'>ramis.</span> <span class='ocrx_word' id='word_1_272' title='bbox 1678 2729 1779 2788; x_wconf 85' lang='lat'>55.</span> <span class='ocrx_word' id='word_1_273' title='bbox 1820 2728 1893 2794; x_wconf 85' lang='lat' dir='ltr'>de</span> <span class='ocrx_word' id='word_1_274' title='bbox 1937 2728 2177 2785; x_wconf 84' lang='lat' dir='ltr'>cortice.</span> 
     </span>
     <span class='ocr_line' id='line_1_32' title="bbox 176 2805 2177 2897; baseline -0.002 -25"><span class='ocrx_word' id='word_1_275' title='bbox 176 2813 276 2874; x_wconf 84' lang='lat'>56.</span> <span class='ocrx_word' id='word_1_276' title='bbox 312 2812 387 2872; x_wconf 89' lang='lat' dir='ltr'>de</span> <span class='ocrx_word' id='word_1_277' title='bbox 420 2805 780 2897; x_wconf 75' lang='lat' dir='ltr'>radicibus.)</span> <span class='ocrx_word' id='word_1_278' title='bbox 842 2811 984 2892; x_wconf 87' lang='grc'>(57)</span> <span class='ocrx_word' id='word_1_279' title='bbox 1018 2811 1284 2871; x_wconf 89' lang='lat' dir='ltr'>Arbores</span> <span class='ocrx_word' id='word_1_280' title='bbox 1317 2831 1464 2891; x_wconf 88' lang='lat' dir='ltr'>quae</span> <span class='ocrx_word' id='word_1_281' title='bbox 1499 2823 1708 2892; x_wconf 88' lang='lat' dir='ltr'>sponte</span> <span class='ocrx_word' id='word_1_282' title='bbox 1733 2812 2177 2872; x_wconf 86' lang='lat' dir='ltr'>resurrexerint.</span> 
     </span>
     <span class='ocr_line' id='line_1_33' title="bbox 178 2893 2178 2976; baseline 0.001 -19"><span class='ocrx_word' id='word_1_283' title='bbox 178 2895 325 2976; x_wconf 88' lang='grc'>(58)</span> <span class='ocrx_word' id='word_1_284' title='bbox 375 2894 599 2969; x_wconf 86' lang='lat' dir='ltr'>Quibus</span> <span class='ocrx_word' id='word_1_285' title='bbox 642 2896 829 2956; x_wconf 89' lang='lat' dir='ltr'>modis</span> <span class='ocrx_word' id='word_1_286' title='bbox 871 2893 1129 2974; x_wconf 89' lang='lat' dir='ltr'>[sponte]</span> <span class='ocrx_word' id='word_1_287' title='bbox 1181 2906 1486 2957; x_wconf 84' lang='lat' dir='ltr'>nascantur</span> <span class='ocrx_word' id='word_1_288' title='bbox 1530 2897 1792 2956; x_wconf 83' lang='lat' dir='ltr'>arbores.</span> <span class='ocrx_word' id='word_1_289' title='bbox 1866 2895 2178 2975; x_wconf 76' lang='lat'><strong>(58—60)</strong></span> 
     </span>
     <span class='ocr_line' id='line_1_34' title="bbox 174 2974 2182 3066; baseline -0 -26"><span class='ocrx_word' id='word_1_290' title='bbox 174 2980 432 3044; x_wconf 83' lang='lat' dir='ltr'>Naturae</span> <span class='ocrx_word' id='word_1_291' title='bbox 469 2980 832 3042; x_wconf 78' lang='lat' dir='ltr'>differentiae</span> <span class='ocrx_word' id='word_1_292' title='bbox 876 2998 989 3039; x_wconf 92' lang='lat' dir='ltr'>non</span> <span class='ocrx_word' id='word_1_293' title='bbox 1041 2983 1229 3040; x_wconf 87' lang='lat' dir='ltr'>omnia</span> <span class='ocrx_word' id='word_1_294' title='bbox 1272 2982 1486 3061; x_wconf 86' lang='lat' dir='ltr'>ubique</span> <span class='ocrx_word' id='word_1_295' title='bbox 1533 2982 1866 3059; x_wconf 87' lang='lat' dir='ltr'>generantis</span> <span class='ocrx_word' id='word_1_296' title='bbox 1927 2974 2052 3066; x_wconf 81' lang='lat'>(59</span> <span class='ocrx_word' id='word_1_297' title='bbox 2085 2981 2182 3041; x_wconf 91' lang='lat' dir='ltr'>ubi</span> 
     </span>
     <span class='ocr_line' id='line_1_35' title="bbox 179 3060 2179 3151; baseline 0 -26"><span class='ocrx_word' id='word_1_298' title='bbox 179 3084 331 3144; x_wconf 83' lang='lat' dir='ltr'>quae</span> <span class='ocrx_word' id='word_1_299' title='bbox 366 3081 482 3123; x_wconf 90' lang='lat' dir='ltr'>non</span> <span class='ocrx_word' id='word_1_300' title='bbox 513 3074 836 3124; x_wconf 87' lang='lat' dir='ltr'>nascantur.</span> <span class='ocrx_word' id='word_1_301' title='bbox 903 3066 1004 3125; x_wconf 89' lang='grc'>60.</span> <span class='ocrx_word' id='word_1_302' title='bbox 1049 3066 1123 3125; x_wconf 90' lang='lat' dir='ltr'>de</span> <span class='ocrx_word' id='word_1_303' title='bbox 1171 3060 1531 3151; x_wconf 84' lang='lat' dir='ltr'>cupressis).</span> <span class='ocrx_word' id='word_1_304' title='bbox 1600 3065 1743 3145; x_wconf 89' lang='grc'>(61)</span> <span class='ocrx_word' id='word_1_305' title='bbox 1780 3064 1955 3127; x_wconf 88' lang='lat' dir='ltr'>Nasci</span> <span class='ocrx_word' id='word_1_306' title='bbox 1999 3084 2179 3145; x_wconf 89' lang='lat' dir='ltr'>saepe</span> 
     </span>
     <span class='ocr_line' id='line_1_36' title="bbox 113 3149 2180 3230; baseline -0.002 -17"><span class='ocrx_word' id='word_1_307' title='bbox 113 3169 258 3215; x_wconf 64' lang='lat' dir='ltr'>esox</span> <span class='ocrx_word' id='word_1_308' title='bbox 288 3159 447 3209; x_wconf 82' lang='lat' dir='ltr'>terra</span> <span class='ocrx_word' id='word_1_309' title='bbox 484 3167 631 3227; x_wconf 89' lang='lat' dir='ltr'>quae</span> <span class='ocrx_word' id='word_1_310' title='bbox 665 3159 833 3209; x_wconf 88' lang='lat' dir='ltr'>antea</span> <span class='ocrx_word' id='word_1_311' title='bbox 863 3159 994 3210; x_wconf 89' lang='lat' dir='ltr'>nata</span> <span class='ocrx_word' id='word_1_312' title='bbox 1025 3168 1138 3209; x_wconf 89' lang='lat' dir='ltr'>non</span> <span class='ocrx_word' id='word_1_313' title='bbox 1170 3151 1298 3210; x_wconf 80' lang='lat' dir='ltr'>sint.</span> <span class='ocrx_word' id='word_1_314' title='bbox 1364 3149 1507 3230; x_wconf 88' lang='lat'>(62)</span> <span class='ocrx_word' id='word_1_315' title='bbox 1545 3149 1634 3208; x_wconf 91' lang='lat' dir='ltr'>De</span> <span class='ocrx_word' id='word_1_316' title='bbox 1666 3150 1904 3212; x_wconf 87' lang='lat' dir='ltr'>hedera.</span> <span class='ocrx_word' id='word_1_317' title='bbox 1961 3168 2180 3230; x_wconf 88' lang='lat' dir='ltr'>genera</span> 
     </span>
     <span class='ocr_line' id='line_1_37' title="bbox 181 3229 2179 3321; baseline -0.001 -27"><span class='ocrx_word' id='word_1_318' title='bbox 181 3236 311 3295; x_wconf 89' lang='lat' dir='ltr'>eius</span> <span class='ocrx_word' id='word_1_319' title='bbox 336 3231 466 3293; x_wconf 91' lang='lat' dir='ltr'>XX.</span> <span class='ocrx_word' id='word_1_320' title='bbox 525 3232 669 3313; x_wconf 90' lang='lat'><strong>(63)</strong></span> <span class='ocrx_word' id='word_1_321' title='bbox 707 3233 946 3295; x_wconf 76' lang='lat' dir='ltr'>Zmilax.</span> <span class='ocrx_word' id='word_1_322' title='bbox 1004 3235 1431 3316; x_wconf 78' lang='lat' dir='ltr'>(64—71)De</span> <span class='ocrx_word' id='word_1_323' title='bbox 1464 3235 1743 3312; x_wconf 86' lang='lat' dir='ltr'>aquaticis</span> <span class='ocrx_word' id='word_1_324' title='bbox 1777 3229 1895 3321; x_wconf 79' lang='lat' dir='ltr'>(de</span> <span class='ocrx_word' id='word_1_325' title='bbox 1924 3237 2179 3297; x_wconf 84' lang='lat' dir='ltr'>calamis.</span> 
     </span>
     <span class='ocr_line' id='line_1_38' title="bbox 179 3317 2181 3396; baseline -0.001 -18"><span class='ocrx_word' id='word_1_326' title='bbox 179 3318 556 3380; x_wconf 87' lang='lat' dir='ltr'>harundinum</span> <span class='ocrx_word' id='word_1_327' title='bbox 585 3336 805 3395; x_wconf 87' lang='lat' dir='ltr'>genera</span> <span class='ocrx_word' id='word_1_328' title='bbox 827 3317 1094 3379; x_wconf 91' lang='lat' dir='ltr'>XXVIII.</span> <span class='ocrx_word' id='word_1_329' title='bbox 1155 3319 1253 3385; x_wconf 85' lang='grc'>65.</span> <span class='ocrx_word' id='word_1_330' title='bbox 1289 3320 1361 3379; x_wconf 87' lang='lat' dir='ltr'>de</span> <span class='ocrx_word' id='word_1_331' title='bbox 1396 3320 1703 3394; x_wconf 85' lang='lat' dir='ltr'>sagittariis</span> <span class='ocrx_word' id='word_1_332' title='bbox 1728 3330 1786 3379; x_wconf 88' lang='lat' dir='ltr'>et</span> <span class='ocrx_word' id='word_1_333' title='bbox 1811 3322 1908 3381; x_wconf 91' lang='grc'>64.</span> <span class='ocrx_word' id='word_1_334' title='bbox 1937 3321 2181 3396; x_wconf 89' lang='lat' dir='ltr'>scripto-</span> 
     </span>
     <span class='ocr_line' id='line_1_39' title="bbox 179 3397 2184 3468; baseline -0.003 -6"><span class='ocrx_word' id='word_1_335' title='bbox 179 3405 283 3463; x_wconf 88' lang='lat' dir='ltr'>riis</span> <span class='ocrx_word' id='word_1_336' title='bbox 316 3413 375 3464; x_wconf 87' lang='lat' dir='ltr'>et</span> <span class='ocrx_word' id='word_1_337' title='bbox 410 3403 511 3465; x_wconf 87' lang='grc'>66.</span> <span class='ocrx_word' id='word_1_338' title='bbox 547 3397 901 3465; x_wconf 79' lang='lat' dir='ltr'>fistulatoriis</span> <span class='ocrx_word' id='word_1_339' title='bbox 933 3403 1187 3468; x_wconf 85' lang='lat' dir='ltr'>calamis.</span> <span class='ocrx_word' id='word_1_340' title='bbox 1254 3402 1327 3462; x_wconf 89' lang='lat' dir='ltr'>de</span> <span class='ocrx_word' id='word_1_341' title='bbox 1360 3401 1748 3462; x_wconf 87' lang='lat' dir='ltr'>Orchomenia</span> <span class='ocrx_word' id='word_1_342' title='bbox 1779 3402 2093 3461; x_wconf 85' lang='lat' dir='ltr'>harundine</span> <span class='ocrx_word' id='word_1_343' title='bbox 2127 3409 2184 3457; x_wconf 90' lang='lat' dir='ltr'>et</span> 
     </span>
    </p>
   </div>
  </div>
 </body>
</html>
