2320 3650
196 125 311 186 170
897 133 957 181 c.
991 132 1185 179 emm
1212 131 1516 180 saeuum

189 298 500 369 praeterea
552 303 753 346 omnes
806 303 981 345 carne
1039 265 1351 362 xgescu‘ntur
1405 294 1607 346 contra
1651 305 1826 366 quam
1870 306 2025 366 apes
2069 304 2199 368 quae

190 374 404 435 nullum
438 388 653 450 corpus
700 370 1001 447 attingunt.
1070 370 1175 430 sed
1211 388 1432 448 vespae
1465 389 1695 431 muscas
1725 372 2085 449 grandiores
2115 392 2200 434 ve·

102 468 173 524 73
189 467 420 531 uantur,
458 462 752 533 amputato
785 455 854 515 iis
886 455 1078 532 capite
1117 454 1406 532 reliquom
1447 472 1663 533 corpus
1703 455 2001 520 auferant.
2080 455 2200 518 Cra-

187 543 431 603 bronum
462 540 765 601 silvestres
797 538 855 598 in
883 538 1151 598 arborum
1187 541 1454 599 cavernis
1486 539 1739 616 degunt,
1789 540 1994 601 hieme
2032 552 2090 603 ut
2119 561 2201 601 ce·

189 636 314 686 tera
347 628 568 686 insecta
608 623 961 697 conduntur,
1005 624 1121 682 vita
1154 622 1428 683 bimatum
1469 641 1585 683 ιιοιι
1619 626 1844 685 transit.
1925 627 2082 686 ictus
2115 643 2198 685 eo-
2219 641 2238 677 ⁵

186 730 309 771 rum
350 711 488 770 haut
531 718 753 768 temere
799 708 922 767 sine
965 699 1116 766 febri
1165 716 1274 766 est.
1336 716 1610 767 auctores
1654 719 1785 769 sunt
1831 718 1928 770 ter
1977 712 2202 770 novenis

185 797 413 874 punctis
445 793 691 853 interfici
726 791 1032 851 hominem.
1095 792 1342 852 aliorum
1373 793 1470 869 qui
1500 793 1763 853 mitiores
1793 795 2077 856 videntur
2105 794 2200 854 duo

186 898 438 957 genera:
474 877 741 955 opifices,
774 877 1027 935 minores
1053 892 1330 953 corpore,
1361 878 1458 954 qui
1488 878 1809 938 moriuntur
1836 878 2073 955 hieme,
2101 896 2197 938 ma·

101 972 306 1026 74tres
337 981 488 1043 quae
524 961 755 1020 hiennio
789 960 1011 1021 durant.
1051 961 1091 1019 ii
1126 969 1186 1019 et
1214 961 1557 1020 clementes.
1601 960 1788 1021 Nidos
1813 981 1971 1023 vere
2008 963 2199 1024 faciunt

185 1048 313 1108 fere
359 1044 740 1124 quadriforiS,
789 1047 846 1104 in
888 1044 1097 1123 quibus
1142 1045 1391 1123 opifices
1425 1054 1797 1122 generantur.
1867 1048 1945 1106 iis
1997 1048 2265 1108 eductism

186 1133 333 1192 alios
367 1129 576 1190 deinde
605 1130 859 1189 maiores
894 1128 1061 1189 nidos
1110 1128 1361 1206 fingunt,
1409 1131 1467 1189 in
1497 1128 1701 1207 quibus
1736 1140 1971 1192 matres
2002 1132 2202 1192 futuras

186 1216 527 1295 producant.
609 1215 722 1273 iam
764 1222 883 1273 tum
931 1213 1176 1293 opifices
1219 1213 1528 1290 funguntur
1570 1232 1813 1274 munere
1864 1224 1928 1275 et
1978 1223 2201 1295 pascunt

185 1319 307 1360 eaS.
367 1298 561 1357 Latior
591 1306 832 1358 matrum
864 1298 1132 1377 specieS,
1175 1297 1525 1376 dubiumque
1556 1316 1627 1357 an
1655 1298 1917 1360 habeant
1952 1301 2197 1371 aculeos,

186 1386 318 1463 quia
367 1400 483 1442 non
536 1382 931 1460 egrediuntur.
1004 1390 1063 1441 et
1104 1382 1194 1441 his
1239 1384 1326 1441 sui
1378 1381 1516 1441 fuci.
1608 1381 1860 1455 Quidam
1913 1387 2200 1464 opinantur

187 1468 450 1528 omnibus
495 1467 584 1534 his
634 1468 704 1527 ad
746 1466 994 1526 hiemem
1035 1465 1314 1527 decidere
1357 1466 1618 1527 aculeos.
1696 1486 1813 1527 nec
1868 1469 2265 1530 crabronumu

187 1559 378 1613 autem
418 1570 529 1611 nec
564 1569 875 1629 vesparum
918 1551 1122 1628 generi
1152 1568 1333 1627 reges
1368 1560 1464 1610 aut
1492 1552 1788 1627 examina,
1823 1553 1943 1613 sed
1979 1551 2198 1613 subinde

185 1646 499 1696 renovatur
526 1634 825 1695 multitudo
856 1635 1086 1695 subole.

99 1731 168 1784 75
300 1719 401 1780 22.
442 1720 611 1798 (25.)
644 1718 921 1793 Quartum
972 1720 1121 1778 inter
1165 1719 1317 1778 haec
1356 1736 1544 1795 genus
1590 1727 1683 1780 est
1728 1719 2123 1797 bombycum,
2152 1721 2197 1778 in

186 1805 432 1880 Assyria
467 1806 842 1882 proveniens,
879 1804 1059 1864 maius
1092 1821 1263 1883 quam
1295 1820 1470 1883 supra
1508 1804 1679 1865 dicta.
1742 1804 1925 1865 nidos
1965 1806 2085 1867 luto
2113 1804 2196 1865 lin·

186 1898 326 1967 gunt
357 1889 496 1948 salis
528 1889 765 1967 specie,
803 1888 1127 1966 adplicatos
1164 1887 1374 1967 lapidi,
1408 1897 1563 1950 tanta
1603 1888 1815 1951 duritia
1862 1900 1927 1950 ut
1977 1888 2265 1970 spiculum:

188 1974 478 2053 perforari
520 1974 619 2031 vix
666 1973 911 2051 possint.
1003 1974 1060 2031 in
1099 1973 1190 2032 his
1234 1991 1402 2032 ceras
1445 1973 1663 2049 largius
1716 1991 1896 2050 quam
1945 1993 2091 2053 apes
2126 1973 2194 2033 ia·

188 2060 363 2133 ciunt,
401 2058 533 2117 dein
567 2058 844 2117 maiorem
873 2057 1269 2117 vermiculum.

101 2151 170 2207 76
301 2142 469 2220 (26.)
522 2140 597 2201 Et
635 2141 748 2202 alia
791 2141 995 2200 horum
1040 2143 1229 2240 erige.
1294 2159 1369 2201 ex
1399 2141 1713 2218 grandiore
1744 2144 2082 2204 vermiculo
2109 2160 2194 2219 gs·

186 2230 333 2288 mina
366 2227 727 2306 protendens
755 2228 843 2286 sui
872 2227 1110 2302 generis
1142 2242 1419 2286 cornuum
1449 2227 1607 2285 urica
1640 2226 1722 2300 lit,
1756 2225 1900 2286 dein
1926 2228 2087 2307 quod
2112 2242 2194 2285 vo·

77 2322 82 2329 ’
187 2322 350 2373 catur
394 2310 719 2386 bombyliS,
777 2329 854 2370 ex
892 2329 962 2370 ea
1004 2310 1359 2405 necydaluS,
1415 2328 1492 2369 ex
1533 2310 1697 2372 hoc
1679 2328 1738 2369 ιιι
1770 2329 1887 2371 sex
1917 2310 2265 2373 mensibus

186 2395 460 2471 bombyx.
518 2394 695 2454 Telas
725 2412 1067 2454 araneorum
1097 2384 1272 2454 modo
1303 2403 1503 2455 texunt
1533 2386 1606 2455 ad
1633 2403 1870 2454 vestem
1904 2397 2197 2472 luxumque

186 2480 555 2554 feminarum,
601 2496 749 2556 quae
788 2478 1135 2554 bombycina
1167 2478 1514 2557 appellatur.
1571 2479 1755 2556 prima
1786 2498 1897 2540 eas
1930 2478 2196 2541 redordiri

184 2581 502 2642 rursusque
527 2572 731 2622 texere
754 2563 972 2627 invenit
994 2563 1050 2622 in
1074 2561 1200 2622 Coo
1225 2563 1432 2623 mulier
1454 2563 1777 2640 Pam-phile,
1804 2562 2055 2625 Plateae
2076 2562 2192 2635 fllia,

185 2667 300 2708 non
331 2647 648 2708 fraudanda
684 2647 872 2724 gloria
907 2650 1277 2724 excogitatae
1310 2648 1549 2708 rationis
1579 2656 1639 2707 ut
1666 2645 1937 2729 denudet
1971 2649 2193 2708 feminas

182 2734 386 2794 vestis.
619 2761 624 2766 ·
2202 2741 2265 2783 θ’

97 2825 165 2881 77
299 2817 399 2879 23.
436 2817 601 2895 (27.)
646 2815 975 2891 Bombycas
1019 2824 1077 2875 et
1119 2818 1178 2875 in
1209 2814 1336 2876 Coo
1376 2816 1560 2879 insula
1600 2816 1764 2877 nasci
1794 2816 2067 2891 tradunt,
2110 2824 2191 2874 σι·

185 2903 400 2981 pressi,
435 2900 767 2975 terebinthi,
801 2900 1032 2976 fraxini,
1067 2919 1319 2979 quercus
1356 2901 1560 2961 florem
1590 2899 1874 2961 imbribus
1904 2901 2193 2963 decussum

183 2995 379 3046 terrae
419 2985 599 3046 halitu
638 2986 941 3045 animante.
1025 2985 1153 3045 fleri
1189 2995 1382 3046 autem
1411 2987 1596 3063 primo
1630 2985 1969 3063 papiliones
2000 2997 2192 3064 parvos

103 3132 118 3137 η
183 3069 509 3147 nudosque,
543 3086 679 3129 mox
708 3069 990 3146 frigorum
1018 3070 1355 3169 inpatientia
1385 3069 1540 3129 villis
1571 3068 1995 3133 inhorrescere
2025 3064 2188 3129 etad·

181 3168 391 3210 versus
429 3152 676 3213 hiemem
708 3154 933 3213 tunicas
963 3152 1076 3213 sibi
1107 3155 1429 3214 instaurare
1460 3154 1708 3229 densas,
1740 3154 1961 3232 pedum
1974 3147 2265 3254 ‘aspere’

184 3240 303 3290 tate
337 3234 592 3293 radentis
623 3236 897 3298 foliorum
934 3237 1284 3314 lanuginem.
1339 3239 1395 3297 in
1424 3238 1665 3299 vellera
1677 3238 1831 3299 hanc
1863 3238 1937 3300 ab
1969 3238 2040 3300 iis
2062 3231 2187 3328 cog}

186 3312 493 3389 subigique
517 3320 784 3393 unguium
816 3323 1248 3397 carminatione,
1274 3338 1412 3382 mox
1440 3321 1634 3382 trahi
1616 3330 1914 3383 intramus
1930 3366 1950 3398 ,
1976 3314 2184 3382 tenuari

187 3410 299 3451 ceu
329 3397 593 3472 pectine,
637 3410 850 3477 postea
891 3404 1318 3482 adprehensam
1352 3406 1590 3484 corpori
1620 3406 1842 3467 involvi
1868 3407 2011 3468 nido
2040 3401 2180 3465 vah·
