<?xml version="1.0" encoding="UTF-8"?>
<!DOCTYPE html PUBLIC "-//W3C//DTD XHTML 1.0 Transitional//EN"
    "http://www.w3.org/TR/xhtml1/DTD/xhtml1-transitional.dtd">
<html xmlns="http://www.w3.org/1999/xhtml" xml:lang="en" lang="en">
 <head>
  <title>
</title>
<meta http-equiv="Content-Type" content="text/html;charset=utf-8" />
  <meta name='ocr-system' content='tesseract 3.04.00' />
  <meta name='ocr-capabilities' content='ocr_page ocr_carea ocr_par ocr_line ocrx_word'/>
</head>
<body>
  <div class='ocr_page' id='page_1' title='image "./cplinisecundina00eldegoog_0617.png"; bbox 0 0 2320 3650; ppageno 0'>
   <div class='ocr_carea' id='block_1_1' title="bbox 150 60 1475 141">
    <p class='ocr_par' dir='ltr' id='par_1_1' title="bbox 150 60 1475 141">
     <span class='ocr_line' id='line_1_1' title="bbox 150 60 1475 141; baseline -0.005 -20"><span class='ocrx_word' id='word_1_1' title='bbox 150 60 272 121; x_wconf 84' lang='lat'><strong>270</strong></span> <span class='ocrx_word' id='word_1_2' title='bbox 826 71 887 118; x_wconf 82' lang='lat' dir='ltr'><strong>c,</strong></span> <span class='ocrx_word' id='word_1_3' title='bbox 933 71 1127 116; x_wconf 75' lang='lat' dir='ltr'><strong>Pmm</strong></span> <span class='ocrx_word' id='word_1_4' title='bbox 1173 69 1475 141; x_wconf 65' lang='lat' dir='ltr'><strong>securim</strong></span> 
     </span>
    </p>
   </div>
   <div class='ocr_carea' id='block_1_2' title="bbox 67 221 2256 3538">
    <p class='ocr_par' dir='ltr' id='par_1_2' title="bbox 67 221 2256 3538">
     <span class='ocr_line' id='line_1_2' title="bbox 151 221 2167 303; baseline -0.004 -16"><span class='ocrx_word' id='word_1_5' title='bbox 151 228 473 303; x_wconf 74' lang='lat' dir='ltr'><strong>adynamon</strong></span> <span class='ocrx_word' id='word_1_6' title='bbox 516 225 632 285; x_wconf 91' lang='lat' dir='ltr'><strong>hoc</strong></span> <span class='ocrx_word' id='word_1_7' title='bbox 674 226 881 285; x_wconf 88' lang='lat' dir='ltr'><strong>modo:</strong></span> <span class='ocrx_word' id='word_1_8' title='bbox 946 225 1062 285; x_wconf 85' lang='lat' dir='ltr'><strong>albi</strong></span> <span class='ocrx_word' id='word_1_9' title='bbox 1103 226 1288 284; x_wconf 86' lang='lat' dir='ltr'><strong>musti·</strong></span> <span class='ocrx_word' id='word_1_10' title='bbox 1313 224 1589 284; x_wconf 76' lang='lat' dir='ltr'><strong>sextariis</strong></span> <span class='ocrx_word' id='word_1_11' title='bbox 1633 237 1732 282; x_wconf 84' lang='lat' dir='ltr'><strong>xx</strong></span> <span class='ocrx_word' id='word_1_12' title='bbox 1776 238 1973 301; x_wconf 75' lang='lat' dir='ltr'><strong>aquae</strong></span> <span class='ocrx_word' id='word_1_13' title='bbox 2017 221 2167 280; x_wconf 73' lang='lat' dir='ltr'><strong>dinti-</strong></span> 
     </span>
     <span class='ocr_line' id='line_1_3' title="bbox 150 305 2170 387; baseline -0.004 -14"><span class='ocrx_word' id='word_1_14' title='bbox 150 312 300 373; x_wconf 88' lang='lat' dir='ltr'><strong>dium</strong></span> <span class='ocrx_word' id='word_1_15' title='bbox 336 310 403 351; x_wconf 84' lang='grc'><strong>**</strong></span> <span class='ocrx_word' id='word_1_16' title='bbox 434 311 625 370; x_wconf 81' lang='lat' dir='ltr'><strong>fervet</strong></span> <span class='ocrx_word' id='word_1_17' title='bbox 671 309 862 369; x_wconf 81' lang='lat' dir='ltr'><strong>donec</strong></span> <span class='ocrx_word' id='word_1_18' title='bbox 905 317 1267 387; x_wconf 81' lang='lat' dir='ltr'><strong>excoquatur</strong></span> <span class='ocrx_word' id='word_1_19' title='bbox 1315 325 1502 387; x_wconf 84' lang='lat' dir='ltr'><strong>aquae</strong></span> <span class='ocrx_word' id='word_1_20' title='bbox 1546 324 1846 366; x_wconf 89' lang='lat' dir='ltr'><strong>mensura.</strong></span> <span class='ocrx_word' id='word_1_21' title='bbox 1912 305 2014 366; x_wconf 86' lang='lat' dir='ltr'><strong>alii</strong></span> <span class='ocrx_word' id='word_1_22' title='bbox 2060 322 2170 371; x_wconf 84' lang='lat' dir='ltr'><strong>ma-</strong></span> 
     </span>
     <span class='ocr_line' id='line_1_4' title="bbox 150 389 2171 471; baseline -0.003 -17"><span class='ocrx_word' id='word_1_23' title='bbox 150 398 311 455; x_wconf 86' lang='lat' dir='ltr'><strong>rinae</strong></span> <span class='ocrx_word' id='word_1_24' title='bbox 373 395 665 454; x_wconf 81' lang='lat' dir='ltr'><strong>sextarios</strong></span> <span class='ocrx_word' id='word_1_25' title='bbox 718 394 958 469; x_wconf 89' lang='lat' dir='ltr'><strong>decem,</strong></span> <span class='ocrx_word' id='word_1_26' title='bbox 1015 393 1344 453; x_wconf 83' lang='lat' dir='ltr'><strong>tantundem</strong></span> <span class='ocrx_word' id='word_1_27' title='bbox 1401 392 1674 471; x_wconf 82' lang='lat' dir='ltr'><strong>pluviae,</strong></span> <span class='ocrx_word' id='word_1_28' title='bbox 1731 392 1793 449; x_wconf 90' lang='lat' dir='ltr'><strong>in</strong></span> <span class='ocrx_word' id='word_1_29' title='bbox 1855 389 1993 449; x_wconf 91' lang='lat' dir='ltr'><strong>sole</strong></span> <span class='ocrx_word' id='word_1_30' title='bbox 2045 407 2171 467; x_wconf 83' lang='lat' dir='ltr'><strong>qna·</strong></span> 
     </span>
     <span class='ocr_line' id='line_1_5' title="bbox 151 473 2173 556; baseline -0.003 -17"><span class='ocrx_word' id='word_1_31' title='bbox 151 480 410 556; x_wconf 75' lang='lat' dir='ltr'><strong>draginta</strong></span> <span class='ocrx_word' id='word_1_32' title='bbox 458 477 665 538; x_wconf 88' lang='lat' dir='ltr'><strong>diebus</strong></span> <span class='ocrx_word' id='word_1_33' title='bbox 710 486 954 538; x_wconf 89' lang='lat' dir='ltr'><strong>torrent.</strong></span> <span class='ocrx_word' id='word_1_34' title='bbox 1012 478 1148 537; x_wconf 88' lang='lat' dir='ltr'><strong>dant</strong></span> <span class='ocrx_word' id='word_1_35' title='bbox 1193 479 1390 554; x_wconf 81' lang='lat' dir='ltr'><strong>aegris</strong></span> <span class='ocrx_word' id='word_1_36' title='bbox 1434 475 1644 554; x_wconf 77' lang='lat' dir='ltr'><strong>quibus</strong></span> <span class='ocrx_word' id='word_1_37' title='bbox 1688 475 1807 534; x_wconf 84' lang='lat' dir='ltr'><strong>vini</strong></span> <span class='ocrx_word' id='word_1_38' title='bbox 1842 477 2082 533; x_wconf 77' lang='lat' dir='ltr'><strong>noxiam</strong></span> <span class='ocrx_word' id='word_1_39' title='bbox 2112 473 2173 531; x_wconf 86' lang='lat' dir='ltr'><strong>ti-</strong></span> 
     </span>
     <span class='ocr_line' id='line_1_6' title="bbox 67 557 2215 641; baseline -0.003 -15"><span class='ocrx_word' id='word_1_40' title='bbox 67 577 163 626; x_wconf 90' lang='grc'><strong>101</strong></span> <span class='ocrx_word' id='word_1_41' title='bbox 180 573 352 623; x_wconf 89' lang='lat' dir='ltr'><strong>ment.</strong></span> <span class='ocrx_word' id='word_1_42' title='bbox 386 564 487 641; x_wconf 78' lang='grc'><strong>[2.]</strong></span> <span class='ocrx_word' id='word_1_43' title='bbox 514 562 860 622; x_wconf 83' lang='lat' dir='ltr'><strong>Proxumum</strong></span> <span class='ocrx_word' id='word_1_44' title='bbox 885 563 949 621; x_wconf 80' lang='lat' dir='ltr'><strong>lit</strong></span> <span class='ocrx_word' id='word_1_45' title='bbox 967 581 1000 621; x_wconf 90' lang='lat' dir='ltr'><strong>e</strong></span> <span class='ocrx_word' id='word_1_46' title='bbox 1026 561 1143 621; x_wconf 88' lang='lat' dir='ltr'><strong>mili</strong></span> <span class='ocrx_word' id='word_1_47' title='bbox 1162 564 1382 621; x_wconf 90' lang='lat' dir='ltr'><strong>semine</strong></span> <span class='ocrx_word' id='word_1_48' title='bbox 1403 569 1628 620; x_wconf 87' lang='lat' dir='ltr'><strong>maturo</strong></span> <span class='ocrx_word' id='word_1_49' title='bbox 1651 577 1783 619; x_wconf 85' lang='lat' dir='ltr'><strong>enm</strong></span> <span class='ocrx_word' id='word_1_50' title='bbox 1806 560 1946 638; x_wconf 86' lang='lat' dir='ltr'><strong>ipsa</strong></span> <span class='ocrx_word' id='word_1_51' title='bbox 1972 557 2176 636; x_wconf 80' lang='lat' dir='ltr'><strong>stipala</strong></span> <span class='ocrx_word' id='word_1_52' title='bbox 2195 581 2215 620; x_wconf 68' lang='grc' dir='ltr'>υ</span> 
     </span>
     <span class='ocr_line' id='line_1_7' title="bbox 150 644 2180 725; baseline -0.003 -19"><span class='ocrx_word' id='word_1_53' title='bbox 150 647 353 711; x_wconf 68' lang='lat' dir='ltr'><strong>libra·</strong></span> <span class='ocrx_word' id='word_1_54' title='bbox 383 647 760 725; x_wconf 77' lang='lat' dir='ltr'><strong>quadrantem</strong></span> <span class='ocrx_word' id='word_1_55' title='bbox 803 648 861 704; x_wconf 92' lang='lat' dir='ltr'><strong>in</strong></span> <span class='ocrx_word' id='word_1_56' title='bbox 893 647 1137 722; x_wconf 80' lang='lat' dir='ltr'><strong>congios</strong></span> <span class='ocrx_word' id='word_1_57' title='bbox 1181 645 1327 705; x_wconf 88' lang='lat' dir='ltr'><strong>duos</strong></span> <span class='ocrx_word' id='word_1_58' title='bbox 1368 644 1571 719; x_wconf 87' lang='lat' dir='ltr'><strong>musti,</strong></span> <span class='ocrx_word' id='word_1_59' title='bbox 1613 652 1926 704; x_wconf 86' lang='lat' dir='ltr'><strong>macerato</strong></span> <span class='ocrx_word' id='word_1_60' title='bbox 1961 652 2024 703; x_wconf 80' lang='lat' dir='ltr'><strong>et</strong></span> <span class='ocrx_word' id='word_1_61' title='bbox 2052 651 2180 720; x_wconf 77' lang='lat' dir='ltr'><strong>post</strong></span> 
     </span>
     <span class='ocr_line' id='line_1_8' title="bbox 70 726 2178 811; baseline -0.003 -20"><span class='ocrx_word' id='word_1_62' title='bbox 70 732 138 806; x_wconf 51' lang='grc' dir='ltr'><strong>ῥοῆς</strong></span> <span class='ocrx_word' id='word_1_63' title='bbox 170 742 490 811; x_wconf 85' lang='lat' dir='ltr'><strong>septumum</strong></span> <span class='ocrx_word' id='word_1_64' title='bbox 521 748 778 790; x_wconf 83' lang='lat' dir='ltr'><strong>mensem</strong></span> <span class='ocrx_word' id='word_1_65' title='bbox 804 731 1119 790; x_wconf 79' lang='lat' dir='ltr'><strong>transfuso.</strong></span> <span class='ocrx_word' id='word_1_66' title='bbox 1170 748 1247 789; x_wconf 90' lang='lat' dir='ltr'><strong>ex</strong></span> <span class='ocrx_word' id='word_1_67' title='bbox 1274 730 1397 789; x_wconf 88' lang='lat' dir='ltr'><strong>loto</strong></span> <span class='ocrx_word' id='word_1_68' title='bbox 1428 728 1675 804; x_wconf 85' lang='lat' dir='ltr'><strong>arbore,</strong></span> <span class='ocrx_word' id='word_1_69' title='bbox 1714 727 1975 802; x_wconf 84' lang='lat' dir='ltr'><strong>frutice,</strong></span> <span class='ocrx_word' id='word_1_70' title='bbox 2006 726 2178 786; x_wconf 78' lang='lat' dir='ltr'><strong>herba</strong></span> 
     </span>
     <span class='ocr_line' id='line_1_9' title="bbox 68 811 2241 894; baseline -0.004 -16"><span class='ocrx_word' id='word_1_71' title='bbox 68 826 167 878; x_wconf 85' lang='lat'><strong>102</strong></span> <span class='ocrx_word' id='word_1_72' title='bbox 193 817 404 875; x_wconf 87' lang='lat' dir='ltr'><strong>dictum</strong></span> <span class='ocrx_word' id='word_1_73' title='bbox 437 823 528 873; x_wconf 89' lang='lat' dir='ltr'><strong>est</strong></span> <span class='ocrx_word' id='word_1_74' title='bbox 558 816 638 874; x_wconf 89' lang='lat' dir='ltr'><strong>uti</strong></span> <span class='ocrx_word' id='word_1_75' title='bbox 672 832 943 894; x_wconf 81' lang='lat' dir='ltr'><strong>quaeque</strong></span> <span class='ocrx_word' id='word_1_76' title='bbox 990 815 1218 874; x_wconf 83' lang='lat' dir='ltr'><strong>fierent.</strong></span> <span class='ocrx_word' id='word_1_77' title='bbox 1261 814 1383 892; x_wconf 65' lang='lat'><strong>⁴[3.]</strong></span> <span class='ocrx_word' id='word_1_78' title='bbox 1430 811 1604 872; x_wconf 84' lang='lat' dir='ltr'><strong>Fiunt</strong></span> <span class='ocrx_word' id='word_1_79' title='bbox 1633 822 1695 872; x_wconf 88' lang='lat' dir='ltr'><strong>et</strong></span> <span class='ocrx_word' id='word_1_80' title='bbox 1726 831 1764 872; x_wconf 87' lang='lat' dir='ltr'><strong>e</strong></span> <span class='ocrx_word' id='word_1_81' title='bbox 1797 813 2004 891; x_wconf 87' lang='lat' dir='ltr'><strong>pomis</strong></span> <span class='ocrx_word' id='word_1_82' title='bbox 2040 828 2177 890; x_wconf 78' lang='lat' dir='ltr'><strong>quae</strong></span> <span class='ocrx_word' id='word_1_83' title='bbox 2233 834 2241 845; x_wconf 92' lang='lat'><strong>·</strong></span> 
     </span>
     <span class='ocr_line' id='line_1_10' title="bbox 151 896 2176 976; baseline -0.002 -17"><span class='ocrx_word' id='word_1_84' title='bbox 151 900 410 959; x_wconf 82' lang='lat' dir='ltr'><strong>dicemus</strong></span> <span class='ocrx_word' id='word_1_85' title='bbox 459 897 1030 976; x_wconf 76' lang='lat' dir='ltr'><strong>interpretationibus</strong></span> <span class='ocrx_word' id='word_1_86' title='bbox 1074 915 1192 957; x_wconf 93' lang='lat' dir='ltr'><strong>non</strong></span> <span class='ocrx_word' id='word_1_87' title='bbox 1236 900 1348 956; x_wconf 88' lang='lat' dir='ltr'><strong>nisi</strong></span> <span class='ocrx_word' id='word_1_88' title='bbox 1375 899 1731 957; x_wconf 87' lang='lat' dir='ltr'><strong>necessariis</strong></span> <span class='ocrx_word' id='word_1_89' title='bbox 1767 896 2028 974; x_wconf 85' lang='lat' dir='ltr'><strong>additis,</strong></span> <span class='ocrx_word' id='word_1_90' title='bbox 2074 896 2176 974; x_wconf 90' lang='lat' dir='ltr'><strong>pri·</strong></span> 
     </span>
     <span class='ocr_line' id='line_1_11' title="bbox 146 981 2231 1062; baseline 0.001 -20"><span class='ocrx_word' id='word_1_91' title='bbox 146 1001 416 1061; x_wconf 87' lang='lat' dir='ltr'><strong>mumque</strong></span> <span class='ocrx_word' id='word_1_92' title='bbox 450 1001 484 1040; x_wconf 91' lang='lat' dir='ltr'><strong>e</strong></span> <span class='ocrx_word' id='word_1_93' title='bbox 515 983 754 1060; x_wconf 82' lang='lat' dir='ltr'><strong>palmis,</strong></span> <span class='ocrx_word' id='word_1_94' title='bbox 797 1000 911 1062; x_wconf 91' lang='lat' dir='ltr'><strong>quo</strong></span> <span class='ocrx_word' id='word_1_95' title='bbox 944 982 1170 1058; x_wconf 87' lang='lat' dir='ltr'><strong>Parthi,</strong></span> <span class='ocrx_word' id='word_1_96' title='bbox 1212 981 1334 1041; x_wconf 84' lang='lat' dir='ltr'><strong>Indi</strong></span> <span class='ocrx_word' id='word_1_97' title='bbox 1378 991 1607 1041; x_wconf 90' lang='lat' dir='ltr'><strong>utuntur</strong></span> <span class='ocrx_word' id='word_1_98' title='bbox 1652 991 1713 1040; x_wconf 90' lang='lat' dir='ltr'><strong>et</strong></span> <span class='ocrx_word' id='word_1_99' title='bbox 1762 983 1977 1041; x_wconf 83' lang='lat' dir='ltr'><strong>oriens</strong></span> <span class='ocrx_word' id='word_1_100' title='bbox 2009 989 2231 1053; x_wconf 61' lang='lat' dir='ltr'><strong>totunm</strong></span> 
     </span>
     <span class='ocr_line' id='line_1_12' title="bbox 151 1065 2180 1144; baseline -0.002 -17"><span class='ocrx_word' id='word_1_101' title='bbox 151 1068 458 1139; x_wconf 86' lang='lat' dir='ltr'><strong>mitiorum,</strong></span> <span class='ocrx_word' id='word_1_102' title='bbox 494 1083 638 1143; x_wconf 87' lang='lat' dir='ltr'><strong>quas</strong></span> <span class='ocrx_word' id='word_1_103' title='bbox 670 1075 882 1126; x_wconf 88' lang='lat' dir='ltr'><strong>vocant</strong></span> <span class='ocrx_word' id='word_1_104' title='bbox 912 1066 1241 1141; x_wconf 77' lang='lat' dir='ltr'><strong>chydaeas,</strong></span> <span class='ocrx_word' id='word_1_105' title='bbox 1273 1066 1469 1125; x_wconf 84' lang='lat' dir='ltr'><strong>modio</strong></span> <span class='ocrx_word' id='word_1_106' title='bbox 1499 1067 1559 1125; x_wconf 91' lang='lat' dir='ltr'><strong>in</strong></span> <span class='ocrx_word' id='word_1_107' title='bbox 1585 1083 1774 1144; x_wconf 86' lang='lat' dir='ltr'><strong>aquae</strong></span> <span class='ocrx_word' id='word_1_108' title='bbox 1815 1067 2057 1143; x_wconf 82' lang='lat' dir='ltr'><strong>congiis</strong></span> <span class='ocrx_word' id='word_1_109' title='bbox 2085 1065 2180 1123; x_wconf 53' lang='lat' dir='ltr'><strong>tri»</strong></span> 
     </span>
     <span class='ocr_line' id='line_1_13' title="bbox 148 1150 2178 1229; baseline -0.002 -17"><span class='ocrx_word' id='word_1_110' title='bbox 148 1152 258 1212; x_wconf 88' lang='lat' dir='ltr'><strong>bus</strong></span> <span class='ocrx_word' id='word_1_111' title='bbox 301 1160 597 1210; x_wconf 87' lang='lat' dir='ltr'><strong>macerato</strong></span> <span class='ocrx_word' id='word_1_112' title='bbox 647 1167 1078 1229; x_wconf 83' lang='lat' dir='ltr'><strong>expressoque.</strong></span> <span class='ocrx_word' id='word_1_113' title='bbox 1150 1152 1238 1210; x_wconf 84' lang='lat' dir='ltr'><strong>sic</strong></span> <span class='ocrx_word' id='word_1_114' title='bbox 1284 1150 1345 1209; x_wconf 84' lang='lat' dir='ltr'><strong>fit</strong></span> <span class='ocrx_word' id='word_1_115' title='bbox 1395 1160 1455 1209; x_wconf 88' lang='lat' dir='ltr'><strong>et</strong></span> <span class='ocrx_word' id='word_1_116' title='bbox 1491 1152 1714 1223; x_wconf 74' lang='lat' dir='ltr'><strong>sycites</strong></span> <span class='ocrx_word' id='word_1_117' title='bbox 1750 1169 1786 1208; x_wconf 90' lang='lat' dir='ltr'><strong>e</strong></span> <span class='ocrx_word' id='word_1_118' title='bbox 1823 1150 1983 1223; x_wconf 81' lang='lat' dir='ltr'><strong>lico,</strong></span> <span class='ocrx_word' id='word_1_119' title='bbox 2018 1166 2178 1228; x_wconf 72' lang='lat' dir='ltr'><strong>quen</strong></span> 
     </span>
     <span class='ocr_line' id='line_1_14' title="bbox 151 1234 2180 1314; baseline -0.003 -18"><span class='ocrx_word' id='word_1_120' title='bbox 151 1237 247 1297; x_wconf 89' lang='lat' dir='ltr'><strong>alii</strong></span> <span class='ocrx_word' id='word_1_121' title='bbox 279 1236 721 1314; x_wconf 87' lang='lat' dir='ltr'><strong>pharnuprium,</strong></span> <span class='ocrx_word' id='word_1_122' title='bbox 764 1235 862 1294; x_wconf 88' lang='lat' dir='ltr'><strong>alii</strong></span> <span class='ocrx_word' id='word_1_123' title='bbox 904 1234 1132 1294; x_wconf 86' lang='lat' dir='ltr'><strong>trochin</strong></span> <span class='ocrx_word' id='word_1_124' title='bbox 1160 1244 1392 1294; x_wconf 88' lang='lat' dir='ltr'><strong>vocant.</strong></span> <span class='ocrx_word' id='word_1_125' title='bbox 1452 1243 1549 1295; x_wconf 89' lang='lat' dir='ltr'><strong>aut</strong></span> <span class='ocrx_word' id='word_1_126' title='bbox 1599 1236 1646 1293; x_wconf 88' lang='lat' dir='ltr'><strong>si</strong></span> <span class='ocrx_word' id='word_1_127' title='bbox 1682 1234 1864 1294; x_wconf 88' lang='lat' dir='ltr'><strong>dulce</strong></span> <span class='ocrx_word' id='word_1_128' title='bbox 1899 1240 2060 1294; x_wconf 87' lang='lat' dir='ltr'><strong>esse‘</strong></span> <span class='ocrx_word' id='word_1_129' title='bbox 2075 1249 2180 1292; x_wconf 77' lang='lat' dir='ltr'><strong>uon</strong></span> 
     </span>
     <span class='ocr_line' id='line_1_15' title="bbox 152 1316 2176 1398; baseline -0.002 -17"><span class='ocrx_word' id='word_1_130' title='bbox 152 1320 353 1395; x_wconf 86' lang='lat' dir='ltr'><strong>libeat,</strong></span> <span class='ocrx_word' id='word_1_131' title='bbox 390 1337 498 1398; x_wconf 93' lang='lat' dir='ltr'><strong>pro</strong></span> <span class='ocrx_word' id='word_1_132' title='bbox 529 1338 678 1398; x_wconf 85' lang='lat' dir='ltr'><strong>aqua</strong></span> <span class='ocrx_word' id='word_1_133' title='bbox 700 1319 1030 1378; x_wconf 78' lang='lat' dir='ltr'><strong>tantundem</strong></span> <span class='ocrx_word' id='word_1_134' title='bbox 1059 1320 1432 1379; x_wconf 84' lang='lat' dir='ltr'><strong>vinaceorum</strong></span> <span class='ocrx_word' id='word_1_135' title='bbox 1454 1319 1719 1378; x_wconf 83' lang='lat' dir='ltr'><strong>adicitur.</strong></span> <span class='ocrx_word' id='word_1_136' title='bbox 1754 1337 1793 1378; x_wconf 90' lang='lat' dir='ltr'><strong>e</strong></span> <span class='ocrx_word' id='word_1_137' title='bbox 1821 1316 2051 1397; x_wconf 73' lang='lat' dir='ltr'><strong>Cypria</strong></span> <span class='ocrx_word' id='word_1_138' title='bbox 2067 1318 2176 1376; x_wconf 81' lang='lat' dir='ltr'><strong>fico</strong></span> 
     </span>
     <span class='ocr_line' id='line_1_16' title="bbox 152 1400 2229 1482; baseline 0 -17"><span class='ocrx_word' id='word_1_139' title='bbox 152 1414 212 1465; x_wconf 84' lang='lat' dir='ltr'><strong>et</strong></span> <span class='ocrx_word' id='word_1_140' title='bbox 254 1413 478 1464; x_wconf 88' lang='lat' dir='ltr'><strong>acetum</strong></span> <span class='ocrx_word' id='word_1_141' title='bbox 511 1403 573 1462; x_wconf 82' lang='lat' dir='ltr'><strong>fit</strong></span> <span class='ocrx_word' id='word_1_142' title='bbox 612 1403 985 1482; x_wconf 82' lang='lat' dir='ltr'><strong>praecellens</strong></span> <span class='ocrx_word' id='word_1_143' title='bbox 1026 1413 1201 1481; x_wconf 86' lang='lat' dir='ltr'><strong>atque</strong></span> <span class='ocrx_word' id='word_1_144' title='bbox 1239 1402 1637 1463; x_wconf 82' lang='lat' dir='ltr'><strong>Alexandrino</strong></span> <span class='ocrx_word' id='word_1_145' title='bbox 1669 1400 1919 1481; x_wconf 77' lang='lat' dir='ltr'><strong>quoque</strong></span> <span class='ocrx_word' id='word_1_146' title='bbox 1965 1403 2229 1466; x_wconf 70' lang='lat' dir='ltr'><strong>melias-1³</strong></span> 
     </span>
     <span class='ocr_line' id='line_1_17' title="bbox 69 1487 2176 1567; baseline -0.003 -15"><span class='ocrx_word' id='word_1_147' title='bbox 69 1499 172 1552; x_wconf 82' lang='lat'><strong>103</strong></span> <span class='ocrx_word' id='word_1_148' title='bbox 193 1488 399 1548; x_wconf 89' lang='lat' dir='ltr'><strong>Vinum</strong></span> <span class='ocrx_word' id='word_1_149' title='bbox 428 1487 489 1547; x_wconf 84' lang='lat' dir='ltr'><strong>fit</strong></span> <span class='ocrx_word' id='word_1_150' title='bbox 520 1497 580 1547; x_wconf 86' lang='lat' dir='ltr'><strong>et</strong></span> <span class='ocrx_word' id='word_1_151' title='bbox 610 1505 644 1546; x_wconf 91' lang='lat' dir='ltr'><strong>e</strong></span> <span class='ocrx_word' id='word_1_152' title='bbox 674 1487 884 1567; x_wconf 82' lang='lat' dir='ltr'><strong>siliqua</strong></span> <span class='ocrx_word' id='word_1_153' title='bbox 915 1488 1188 1563; x_wconf 74' lang='lat' dir='ltr'><strong>Syriaca,</strong></span> <span class='ocrx_word' id='word_1_154' title='bbox 1223 1507 1257 1546; x_wconf 91' lang='lat' dir='ltr'><strong>e</strong></span> <span class='ocrx_word' id='word_1_155' title='bbox 1289 1489 1436 1566; x_wconf 89' lang='lat' dir='ltr'><strong>piris</strong></span> <span class='ocrx_word' id='word_1_156' title='bbox 1478 1487 1891 1566; x_wconf 83' lang='lat' dir='ltr'><strong>malorumque</strong></span> <span class='ocrx_word' id='word_1_157' title='bbox 1925 1487 2176 1547; x_wconf 82' lang='lat' dir='ltr'><strong>omnihus</strong></span> 
     </span>
     <span class='ocr_line' id='line_1_18' title="bbox 150 1571 2176 1649; baseline -0.001 -17"><span class='ocrx_word' id='word_1_158' title='bbox 150 1572 502 1649; x_wconf 82' lang='lat' dir='ltr'><strong>generibus,</strong></span> <span class='ocrx_word' id='word_1_159' title='bbox 540 1571 648 1631; x_wconf 86' lang='lat' dir='ltr'><strong>sed</strong></span> <span class='ocrx_word' id='word_1_160' title='bbox 680 1590 716 1631; x_wconf 90' lang='lat' dir='ltr'><strong>e</strong></span> <span class='ocrx_word' id='word_1_161' title='bbox 745 1571 974 1631; x_wconf 88' lang='lat' dir='ltr'><strong>Punicis</strong></span> <span class='ocrx_word' id='word_1_162' title='bbox 1004 1571 1238 1632; x_wconf 86' lang='lat' dir='ltr'><strong>rhoiten</strong></span> <span class='ocrx_word' id='word_1_163' title='bbox 1266 1580 1514 1646; x_wconf 85' lang='lat' dir='ltr'><strong>vocant,</strong></span> <span class='ocrx_word' id='word_1_164' title='bbox 1548 1581 1609 1630; x_wconf 89' lang='lat' dir='ltr'><strong>et</strong></span> <span class='ocrx_word' id='word_1_165' title='bbox 1632 1591 1669 1630; x_wconf 93' lang='lat' dir='ltr'><strong>e</strong></span> <span class='ocrx_word' id='word_1_166' title='bbox 1695 1573 1904 1630; x_wconf 85' lang='lat' dir='ltr'><strong>cornis</strong></span> <span class='ocrx_word' id='word_1_167' title='bbox 1923 1617 1941 1648; x_wconf 93' lang='lat'><strong>,</strong></span> <span class='ocrx_word' id='word_1_168' title='bbox 1974 1571 2176 1649; x_wconf 80' lang='lat' dir='ltr'><strong>mespi-</strong></span> 
     </span>
     <span class='ocr_line' id='line_1_19' title="bbox 150 1653 2179 1735; baseline 0.001 -21"><span class='ocrx_word' id='word_1_169' title='bbox 150 1657 255 1732; x_wconf 91' lang='lat' dir='ltr'><strong>lis,</strong></span> <span class='ocrx_word' id='word_1_170' title='bbox 309 1655 536 1732; x_wconf 89' lang='lat' dir='ltr'><strong>sorbis,</strong></span> <span class='ocrx_word' id='word_1_171' title='bbox 586 1657 765 1715; x_wconf 89' lang='lat' dir='ltr'><strong>moris</strong></span> <span class='ocrx_word' id='word_1_172' title='bbox 809 1657 1019 1732; x_wconf 84' lang='lat' dir='ltr'><strong>siccis,</strong></span> <span class='ocrx_word' id='word_1_173' title='bbox 1064 1656 1291 1716; x_wconf 85' lang='lat' dir='ltr'><strong>nucleis</strong></span> <span class='ocrx_word' id='word_1_174' title='bbox 1339 1657 1546 1735; x_wconf 89' lang='lat' dir='ltr'><strong>pineis.</strong></span> <span class='ocrx_word' id='word_1_175' title='bbox 1633 1655 1692 1715; x_wconf 90' lang='lat' dir='ltr'><strong>hi</strong></span> <span class='ocrx_word' id='word_1_176' title='bbox 1731 1665 1937 1716; x_wconf 85' lang='lat' dir='ltr'><strong>musto</strong></span> <span class='ocrx_word' id='word_1_177' title='bbox 1982 1653 2179 1716; x_wconf 69' lang='lat' dir='ltr'><strong>madidi</strong></span> 
     </span>
     <span class='ocr_line' id='line_1_20' title="bbox 70 1738 2178 1820; baseline -0.003 -16"><span class='ocrx_word' id='word_1_178' title='bbox 70 1751 171 1803; x_wconf 82' lang='lat'><strong>104</strong></span> <span class='ocrx_word' id='word_1_179' title='bbox 196 1742 621 1818; x_wconf 88' lang='lat' dir='ltr'><strong>exprimuntur,</strong></span> <span class='ocrx_word' id='word_1_180' title='bbox 666 1741 971 1818; x_wconf 79' lang='lat' dir='ltr'><strong>superiora</strong></span> <span class='ocrx_word' id='word_1_181' title='bbox 1013 1759 1123 1820; x_wconf 91' lang='lat' dir='ltr'><strong>per</strong></span> <span class='ocrx_word' id='word_1_182' title='bbox 1151 1758 1224 1800; x_wconf 85' lang='lat' dir='ltr'><strong>se</strong></span> <span class='ocrx_word' id='word_1_183' title='bbox 1248 1742 1423 1800; x_wconf 86' lang='lat' dir='ltr'><strong>mitia.</strong></span> <span class='ocrx_word' id='word_1_184' title='bbox 1476 1738 1749 1816; x_wconf 70' lang='lat' dir='ltr'><strong>Myrtiten</strong></span> <span class='ocrx_word' id='word_1_185' title='bbox 1789 1738 1950 1801; x_wconf 85' lang='lat' dir='ltr'><strong>Cato</strong></span> <span class='ocrx_word' id='word_1_186' title='bbox 1995 1757 2178 1819; x_wconf 76' lang='lat' dir='ltr'><strong>quern·</strong></span> 
     </span>
     <span class='ocr_line' id='line_1_21' title="bbox 70 1823 2230 1906; baseline -0 -20"><span class='ocrx_word' id='word_1_187' title='bbox 70 1824 135 1900; x_wconf 51' lang='grc' dir='ltr'><strong>ἐξ,</strong></span> <span class='ocrx_word' id='word_1_188' title='bbox 160 1824 461 1886; x_wconf 85' lang='lat' dir='ltr'><strong>admodum</strong></span> <span class='ocrx_word' id='word_1_189' title='bbox 522 1823 648 1883; x_wconf 81' lang='lat' dir='ltr'><strong>fieri</strong></span> <span class='ocrx_word' id='word_1_190' title='bbox 705 1824 973 1906; x_wconf 84' lang='lat' dir='ltr'><strong>docuerit</strong></span> <span class='ocrx_word' id='word_1_191' title='bbox 1044 1842 1183 1885; x_wconf 85' lang='lat' dir='ltr'><strong>mox</strong></span> <span class='ocrx_word' id='word_1_192' title='bbox 1234 1825 1409 1904; x_wconf 82' lang='lat' dir='ltr'><strong>paulo</strong></span> <span class='ocrx_word' id='word_1_193' title='bbox 1466 1823 1852 1886; x_wconf 86' lang='lat' dir='ltr'><strong>indicabimus</strong></span> <span class='ocrx_word' id='word_1_194' title='bbox 1880 1872 1902 1902; x_wconf 93' lang='lat'><strong>,</strong></span> <span class='ocrx_word' id='word_1_195' title='bbox 1981 1823 2230 1888; x_wconf 62' lang='lat' dir='ltr'><strong>Graeci„</strong></span> 
     </span>
     <span class='ocr_line' id='line_1_22' title="bbox 154 1907 2176 1971; baseline 0 -3"><span class='ocrx_word' id='word_1_196' title='bbox 154 1919 213 1968; x_wconf 92' lang='lat' dir='ltr'><strong>et</strong></span> <span class='ocrx_word' id='word_1_197' title='bbox 241 1909 357 1968; x_wconf 87' lang='lat' dir='ltr'><strong>alio</strong></span> <span class='ocrx_word' id='word_1_198' title='bbox 387 1907 581 1968; x_wconf 87' lang='lat' dir='ltr'><strong>modo.</strong></span> <span class='ocrx_word' id='word_1_199' title='bbox 634 1910 807 1968; x_wconf 88' lang='lat' dir='ltr'><strong>ramis</strong></span> <span class='ocrx_word' id='word_1_200' title='bbox 836 1911 1055 1970; x_wconf 86' lang='lat' dir='ltr'><strong>teneris</strong></span> <span class='ocrx_word' id='word_1_201' title='bbox 1097 1927 1227 1970; x_wconf 88' lang='lat' dir='ltr'><strong>cum</strong></span> <span class='ocrx_word' id='word_1_202' title='bbox 1263 1913 1378 1969; x_wconf 86' lang='lat' dir='ltr'><strong>suis</strong></span> <span class='ocrx_word' id='word_1_203' title='bbox 1412 1909 1570 1969; x_wconf 84' lang='lat' dir='ltr'><strong>foliis</strong></span> <span class='ocrx_word' id='word_1_204' title='bbox 1598 1911 1654 1968; x_wconf 90' lang='lat' dir='ltr'><strong>in</strong></span> <span class='ocrx_word' id='word_1_205' title='bbox 1688 1909 1832 1969; x_wconf 89' lang='lat' dir='ltr'><strong>albo</strong></span> <span class='ocrx_word' id='word_1_206' title='bbox 1860 1920 2060 1971; x_wconf 86' lang='lat' dir='ltr'><strong>musto</strong></span> <span class='ocrx_word' id='word_1_207' title='bbox 2089 1910 2176 1969; x_wconf 75' lang='lat' dir='ltr'><strong>de·</strong></span> 
     </span>
     <span class='ocr_line' id='line_1_23' title="bbox 155 1992 2175 2071; baseline -0 -18"><span class='ocrx_word' id='word_1_208' title='bbox 155 1994 375 2067; x_wconf 91' lang='lat' dir='ltr'><strong>coctis,</strong></span> <span class='ocrx_word' id='word_1_209' title='bbox 408 1994 624 2069; x_wconf 89' lang='lat' dir='ltr'><strong>tunsis,</strong></span> <span class='ocrx_word' id='word_1_210' title='bbox 672 1992 875 2052; x_wconf 84' lang='lat' dir='ltr'><strong>libram</strong></span> <span class='ocrx_word' id='word_1_211' title='bbox 906 1995 964 2052; x_wconf 90' lang='lat' dir='ltr'><strong>in</strong></span> <span class='ocrx_word' id='word_1_212' title='bbox 999 1994 1184 2054; x_wconf 89' lang='lat' dir='ltr'><strong>tribus</strong></span> <span class='ocrx_word' id='word_1_213' title='bbox 1221 1995 1392 2054; x_wconf 86' lang='lat' dir='ltr'><strong>musti</strong></span> <span class='ocrx_word' id='word_1_214' title='bbox 1424 1995 1649 2071; x_wconf 80' lang='lat' dir='ltr'><strong>congiis</strong></span> <span class='ocrx_word' id='word_1_215' title='bbox 1683 1993 2175 2066; x_wconf 82' lang='lat' dir='ltr'><strong>defervefacinnt,</strong></span> 
     </span>
     <span class='ocr_line' id='line_1_24' title="bbox 156 2077 2177 2156; baseline 0.001 -19"><span class='ocrx_word' id='word_1_216' title='bbox 156 2079 347 2137; x_wconf 86' lang='lat' dir='ltr'><strong>donec</strong></span> <span class='ocrx_word' id='word_1_217' title='bbox 389 2077 502 2136; x_wconf 88' lang='lat' dir='ltr'><strong>duo</strong></span> <span class='ocrx_word' id='word_1_218' title='bbox 544 2078 856 2155; x_wconf 84' lang='lat' dir='ltr'><strong>supersint.</strong></span> <span class='ocrx_word' id='word_1_219' title='bbox 924 2079 1082 2156; x_wconf 84' lang='lat' dir='ltr'><strong>quod</strong></span> <span class='ocrx_word' id='word_1_220' title='bbox 1124 2080 1204 2139; x_wconf 85' lang='lat' dir='ltr'><strong>ita</strong></span> <span class='ocrx_word' id='word_1_221' title='bbox 1247 2079 1536 2139; x_wconf 77' lang='lat' dir='ltr'><strong>silvestris</strong></span> <span class='ocrx_word' id='word_1_222' title='bbox 1565 2080 1736 2152; x_wconf 76' lang='lat' dir='ltr'><strong>myrti</strong></span> <span class='ocrx_word' id='word_1_223' title='bbox 1769 2078 1948 2139; x_wconf 85' lang='lat' dir='ltr'><strong>bacis</strong></span> <span class='ocrx_word' id='word_1_224' title='bbox 1980 2081 2177 2139; x_wconf 79' lang='lat' dir='ltr'><strong>factum</strong></span> 
     </span>
     <span class='ocr_line' id='line_1_25' title="bbox 72 2162 2176 2242; baseline -0 -19"><span class='ocrx_word' id='word_1_225' title='bbox 72 2171 173 2224; x_wconf 81' lang='lat'><strong>105</strong></span> <span class='ocrx_word' id='word_1_226' title='bbox 203 2170 293 2221; x_wconf 89' lang='lat' dir='ltr'><strong>est</strong></span> <span class='ocrx_word' id='word_1_227' title='bbox 334 2162 716 2236; x_wconf 79' lang='lat' dir='ltr'><strong>myrtidanum</strong></span> <span class='ocrx_word' id='word_1_228' title='bbox 755 2170 1020 2222; x_wconf 85' lang='lat' dir='ltr'><strong>vocatur.</strong></span> <span class='ocrx_word' id='word_1_229' title='bbox 1094 2163 1212 2223; x_wconf 92' lang='lat' dir='ltr'><strong>hoc</strong></span> <span class='ocrx_word' id='word_1_230' title='bbox 1249 2180 1449 2223; x_wconf 83' lang='lat' dir='ltr'><strong>manus</strong></span> <span class='ocrx_word' id='word_1_231' title='bbox 1491 2164 1720 2239; x_wconf 86' lang='lat' dir='ltr'><strong>tinguit.</strong></span> <span class='ocrx_word' id='word_1_232' title='bbox 1787 2164 1900 2242; x_wconf 79' lang='lat'><strong>[4.]</strong></span> <span class='ocrx_word' id='word_1_233' title='bbox 1965 2162 2062 2223; x_wconf 88' lang='lat' dir='ltr'><strong>Ex</strong></span> <span class='ocrx_word' id='word_1_234' title='bbox 2099 2163 2176 2222; x_wconf 80' lang='lat' dir='ltr'><strong>his</strong></span> 
     </span>
     <span class='ocr_line' id='line_1_26' title="bbox 157 2246 2227 2324; baseline 0.001 -18"><span class='ocrx_word' id='word_1_235' title='bbox 157 2264 307 2324; x_wconf 87' lang='lat' dir='ltr'><strong>quae</strong></span> <span class='ocrx_word' id='word_1_236' title='bbox 336 2247 394 2306; x_wconf 90' lang='lat' dir='ltr'><strong>in</strong></span> <span class='ocrx_word' id='word_1_237' title='bbox 423 2246 607 2306; x_wconf 88' lang='lat' dir='ltr'><strong>hortis</strong></span> <span class='ocrx_word' id='word_1_238' title='bbox 639 2246 949 2323; x_wconf 79' lang='lat' dir='ltr'><strong>gignuntur</strong></span> <span class='ocrx_word' id='word_1_239' title='bbox 982 2247 1042 2306; x_wconf 82' lang='lat' dir='ltr'><strong>fit</strong></span> <span class='ocrx_word' id='word_1_240' title='bbox 1085 2249 1277 2306; x_wconf 83' lang='lat' dir='ltr'><strong>vinum</strong></span> <span class='ocrx_word' id='word_1_241' title='bbox 1313 2265 1346 2306; x_wconf 93' lang='lat' dir='ltr'><strong>e</strong></span> <span class='ocrx_word' id='word_1_242' title='bbox 1380 2247 1579 2307; x_wconf 87' lang='lat' dir='ltr'><strong>radice</strong></span> <span class='ocrx_word' id='word_1_243' title='bbox 1611 2251 1931 2324; x_wconf 82' lang='lat' dir='ltr'><strong>asparagi,</strong></span> <span class='ocrx_word' id='word_1_244' title='bbox 1979 2247 2227 2322; x_wconf 54' lang='lat' dir='ltr'><strong>cunilam</strong></span> 
     </span>
     <span class='ocr_line' id='line_1_27' title="bbox 157 2330 2176 2411; baseline 0.001 -23"><span class='ocrx_word' id='word_1_245' title='bbox 157 2332 437 2406; x_wconf 80' lang='lat' dir='ltr'><strong>origano,</strong></span> <span class='ocrx_word' id='word_1_246' title='bbox 486 2331 581 2409; x_wconf 88' lang='lat' dir='ltr'><strong>api</strong></span> <span class='ocrx_word' id='word_1_247' title='bbox 622 2331 876 2405; x_wconf 86' lang='lat' dir='ltr'><strong>semine,</strong></span> <span class='ocrx_word' id='word_1_248' title='bbox 924 2330 1288 2407; x_wconf 76' lang='lat' dir='ltr'><strong>habrotono,</strong></span> <span class='ocrx_word' id='word_1_249' title='bbox 1333 2337 1685 2405; x_wconf 79' lang='lat' dir='ltr'><strong>mentastro,</strong></span> <span class='ocrx_word' id='word_1_250' title='bbox 1732 2339 1904 2407; x_wconf 86' lang='lat' dir='ltr'><strong>ruta,</strong></span> <span class='ocrx_word' id='word_1_251' title='bbox 1952 2339 2176 2411; x_wconf 81' lang='lat' dir='ltr'><strong>nepeta,</strong></span> 
     </span>
     <span class='ocr_line' id='line_1_28' title="bbox 157 2413 2256 2502; baseline 0.002 -29"><span class='ocrx_word' id='word_1_252' title='bbox 157 2413 453 2492; x_wconf 74' lang='lat' dir='ltr'><strong>serpyllo,</strong></span> <span class='ocrx_word' id='word_1_253' title='bbox 487 2414 798 2474; x_wconf 85' lang='lat' dir='ltr'><strong>marrubio.</strong></span> <span class='ocrx_word' id='word_1_254' title='bbox 857 2416 1183 2494; x_wconf 87' lang='lat' dir='ltr'><strong>manipulos</strong></span> <span class='ocrx_word' id='word_1_255' title='bbox 1205 2416 1374 2476; x_wconf 88' lang='lat' dir='ltr'><strong>binos</strong></span> <span class='ocrx_word' id='word_1_256' title='bbox 1408 2416 1660 2477; x_wconf 88' lang='lat' dir='ltr'><strong>condunt</strong></span> <span class='ocrx_word' id='word_1_257' title='bbox 1690 2415 1750 2473; x_wconf 88' lang='lat' dir='ltr'><strong>in</strong></span> <span class='ocrx_word' id='word_1_258' title='bbox 1773 2415 1994 2477; x_wconf 88' lang='lat' dir='ltr'><strong>cadum</strong></span> <span class='ocrx_word' id='word_1_259' title='bbox 2027 2416 2180 2476; x_wconf 82' lang='lat' dir='ltr'><strong>musti</strong></span> <span class='ocrx_word' id='word_1_260' title='bbox 2221 2461 2256 2502; x_wconf 35' lang='grc' dir='ltr'>ἢ</span> 
     </span>
     <span class='ocr_line' id='line_1_29' title="bbox 75 2499 2181 2581; baseline 0.001 -22"><span class='ocrx_word' id='word_1_261' title='bbox 75 2507 175 2560; x_wconf 91' lang='grc'><strong>106</strong></span> <span class='ocrx_word' id='word_1_262' title='bbox 199 2508 257 2557; x_wconf 90' lang='lat' dir='ltr'><strong>et</strong></span> <span class='ocrx_word' id='word_1_263' title='bbox 312 2516 492 2576; x_wconf 88' lang='lat' dir='ltr'><strong>sapae</strong></span> <span class='ocrx_word' id='word_1_264' title='bbox 546 2499 859 2558; x_wconf 85' lang='lat' dir='ltr'><strong>sextarium</strong></span> <span class='ocrx_word' id='word_1_265' title='bbox 901 2507 961 2557; x_wconf 91' lang='lat' dir='ltr'><strong>et</strong></span> <span class='ocrx_word' id='word_1_266' title='bbox 1012 2517 1199 2578; x_wconf 87' lang='lat' dir='ltr'><strong>aquae</strong></span> <span class='ocrx_word' id='word_1_267' title='bbox 1251 2501 1507 2561; x_wconf 86' lang='lat' dir='ltr'><strong>marinae</strong></span> <span class='ocrx_word' id='word_1_268' title='bbox 1555 2500 1865 2559; x_wconf 84' lang='lat' dir='ltr'><strong>heminam.</strong></span> <span class='ocrx_word' id='word_1_269' title='bbox 1942 2521 1980 2560; x_wconf 90' lang='lat' dir='ltr'><strong>e</strong></span> <span class='ocrx_word' id='word_1_270' title='bbox 2031 2501 2181 2581; x_wconf 69' lang='lat' dir='ltr'><strong>napis</strong></span> 
     </span>
     <span class='ocr_line' id='line_1_30' title="bbox 156 2582 2177 2662; baseline 0.001 -19"><span class='ocrx_word' id='word_1_271' title='bbox 156 2583 219 2643; x_wconf 83' lang='lat' dir='ltr'><strong>fit</strong></span> <span class='ocrx_word' id='word_1_272' title='bbox 249 2582 419 2642; x_wconf 87' lang='lat' dir='ltr'><strong>duum</strong></span> <span class='ocrx_word' id='word_1_273' title='bbox 448 2583 815 2643; x_wconf 87' lang='lat' dir='ltr'><strong>denariorum</strong></span> <span class='ocrx_word' id='word_1_274' title='bbox 839 2583 1104 2662; x_wconf 88' lang='lat' dir='ltr'><strong>pondere</strong></span> <span class='ocrx_word' id='word_1_275' title='bbox 1136 2586 1194 2643; x_wconf 89' lang='lat' dir='ltr'><strong>in</strong></span> <span class='ocrx_word' id='word_1_276' title='bbox 1227 2588 1517 2645; x_wconf 85' lang='lat' dir='ltr'><strong>sextarios</strong></span> <span class='ocrx_word' id='word_1_277' title='bbox 1549 2584 1720 2643; x_wconf 85' lang='lat' dir='ltr'><strong>binos</strong></span> <span class='ocrx_word' id='word_1_278' title='bbox 1751 2587 1935 2645; x_wconf 87' lang='lat' dir='ltr'><strong>musti</strong></span> <span class='ocrx_word' id='word_1_279' title='bbox 1974 2586 2177 2660; x_wconf 76' lang='lat' dir='ltr'><strong>additu,</strong></span> 
     </span>
     <span class='ocr_line' id='line_1_31' title="bbox 156 2666 2232 2730; baseline -0 -2"><span class='ocrx_word' id='word_1_280' title='bbox 156 2669 294 2728; x_wconf 88' lang='lat' dir='ltr'><strong>item</strong></span> <span class='ocrx_word' id='word_1_281' title='bbox 338 2686 373 2726; x_wconf 91' lang='lat' dir='ltr'><strong>e</strong></span> <span class='ocrx_word' id='word_1_282' title='bbox 416 2666 623 2727; x_wconf 88' lang='lat' dir='ltr'><strong>scillae</strong></span> <span class='ocrx_word' id='word_1_283' title='bbox 665 2667 884 2727; x_wconf 89' lang='lat' dir='ltr'><strong>radice.</strong></span> <span class='ocrx_word' id='word_1_284' title='bbox 943 2670 1093 2728; x_wconf 88' lang='lat' dir='ltr'><strong>iuter</strong></span> <span class='ocrx_word' id='word_1_285' title='bbox 1134 2669 1314 2729; x_wconf 88' lang='lat' dir='ltr'><strong>flores</strong></span> <span class='ocrx_word' id='word_1_286' title='bbox 1358 2687 1434 2728; x_wconf 87' lang='lat' dir='ltr'><strong>ex</strong></span> <span class='ocrx_word' id='word_1_287' title='bbox 1479 2686 1653 2728; x_wconf 87' lang='lat' dir='ltr'><strong>rosae</strong></span> <span class='ocrx_word' id='word_1_288' title='bbox 1697 2668 1861 2728; x_wconf 79' lang='lat' dir='ltr'><strong>foliis</strong></span> <span class='ocrx_word' id='word_1_289' title='bbox 1917 2672 2101 2730; x_wconf 87' lang='lat' dir='ltr'><strong>tunsis</strong></span> <span class='ocrx_word' id='word_1_290' title='bbox 2130 2670 2232 2728; x_wconf 63' lang='lat' dir='ltr'><strong>in»</strong></span> 
     </span>
     <span class='ocr_line' id='line_1_32' title="bbox 159 2751 2178 2832; baseline 0.001 -22"><span class='ocrx_word' id='word_1_291' title='bbox 159 2751 404 2811; x_wconf 87' lang='lat' dir='ltr'><strong>linteolo</strong></span> <span class='ocrx_word' id='word_1_292' title='bbox 435 2752 492 2810; x_wconf 89' lang='lat' dir='ltr'><strong>in</strong></span> <span class='ocrx_word' id='word_1_293' title='bbox 535 2760 780 2810; x_wconf 81' lang='lat' dir='ltr'><strong>mustum</strong></span> <span class='ocrx_word' id='word_1_294' title='bbox 823 2752 1070 2812; x_wconf 83' lang='lat' dir='ltr'><strong>conlatis</strong></span> <span class='ocrx_word' id='word_1_295' title='bbox 1105 2771 1233 2813; x_wconf 91' lang='lat' dir='ltr'><strong>cum</strong></span> <span class='ocrx_word' id='word_1_296' title='bbox 1262 2752 1663 2832; x_wconf 88' lang='lat' dir='ltr'><strong>pondusculo,</strong></span> <span class='ocrx_word' id='word_1_297' title='bbox 1708 2762 1770 2811; x_wconf 91' lang='lat' dir='ltr'><strong>ut</strong></span> <span class='ocrx_word' id='word_1_298' title='bbox 1801 2753 1996 2830; x_wconf 87' lang='lat' dir='ltr'><strong>sidat,</strong></span> <span class='ocrx_word' id='word_1_299' title='bbox 2043 2753 2115 2814; x_wconf 83' lang='lat' dir='ltr'><strong>X.</strong></span> <span class='ocrx_word' id='word_1_300' title='bbox 2141 2766 2178 2813; x_wconf 80' lang='grc' dir='ltr'><strong>Ι,</strong></span> 
     </span>
     <span class='ocr_line' id='line_1_33' title="bbox 160 2835 2204 2914; baseline 0 -19"><span class='ocrx_word' id='word_1_301' title='bbox 160 2835 424 2914; x_wconf 89' lang='lat' dir='ltr'><strong>pondere</strong></span> <span class='ocrx_word' id='word_1_302' title='bbox 456 2837 514 2895; x_wconf 88' lang='lat' dir='ltr'><strong>in</strong></span> <span class='ocrx_word' id='word_1_303' title='bbox 545 2836 837 2895; x_wconf 84' lang='lat' dir='ltr'><strong>sextarios</strong></span> <span class='ocrx_word' id='word_1_304' title='bbox 868 2838 1034 2896; x_wconf 90' lang='lat' dir='ltr'><strong>musti</strong></span> <span class='ocrx_word' id='word_1_305' title='bbox 1065 2839 1308 2897; x_wconf 82' lang='lat' dir='ltr'><strong>vicenos</strong></span> <span class='ocrx_word' id='word_1_306' title='bbox 1338 2856 1450 2897; x_wconf 90' lang='lat' dir='ltr'><strong>nec</strong></span> <span class='ocrx_word' id='word_1_307' title='bbox 1480 2846 1612 2898; x_wconf 88' lang='lat' dir='ltr'><strong>ante</strong></span> <span class='ocrx_word' id='word_1_308' title='bbox 1636 2837 1741 2896; x_wconf 82' lang='lat' dir='ltr'><strong>tris</strong></span> <span class='ocrx_word' id='word_1_309' title='bbox 1771 2855 2021 2899; x_wconf 77' lang='lat' dir='ltr'><strong>menses</strong></span> <span class='ocrx_word' id='word_1_310' title='bbox 2051 2853 2204 2908; x_wconf 65' lang='lat' dir='ltr'><strong>vua,</strong></span> 
     </span>
     <span class='ocr_line' id='line_1_34' title="bbox 75 2919 2254 3002; baseline 0.001 -22"><span class='ocrx_word' id='word_1_311' title='bbox 75 2929 174 2982; x_wconf 89' lang='grc'><strong>107</strong></span> <span class='ocrx_word' id='word_1_312' title='bbox 202 2929 429 2997; x_wconf 86' lang='lat' dir='ltr'><strong>aperto.</strong></span> <span class='ocrx_word' id='word_1_313' title='bbox 488 2922 625 2979; x_wconf 88' lang='lat' dir='ltr'><strong>item</strong></span> <span class='ocrx_word' id='word_1_314' title='bbox 657 2937 690 2979; x_wconf 94' lang='lat' dir='ltr'><strong>e</strong></span> <span class='ocrx_word' id='word_1_315' title='bbox 721 2920 904 2980; x_wconf 89' lang='lat' dir='ltr'><strong>nardo</strong></span> <span class='ocrx_word' id='word_1_316' title='bbox 938 2919 1166 2981; x_wconf 82' lang='lat' dir='ltr'><strong>Gallico</strong></span> <span class='ocrx_word' id='word_1_317' title='bbox 1200 2931 1259 2981; x_wconf 92' lang='lat' dir='ltr'><strong>et</strong></span> <span class='ocrx_word' id='word_1_318' title='bbox 1290 2921 1444 2982; x_wconf 84' lang='lat' dir='ltr'><strong>aliud</strong></span> <span class='ocrx_word' id='word_1_319' title='bbox 1480 2941 1514 2981; x_wconf 92' lang='lat' dir='ltr'><strong>e</strong></span> <span class='ocrx_word' id='word_1_320' title='bbox 1548 2922 1829 2984; x_wconf 86' lang='lat' dir='ltr'><strong>silvestri.</strong></span> <span class='ocrx_word' id='word_1_321' title='bbox 1893 2923 2010 3002; x_wconf 82' lang='grc'><strong>[5.]</strong></span> <span class='ocrx_word' id='word_1_322' title='bbox 2043 2923 2178 2983; x_wconf 81' lang='lat' dir='ltr'><strong>Aro-</strong></span> <span class='ocrx_word' id='word_1_323' title='bbox 2253 2933 2254 2950; x_wconf 66' lang='lat'>¹</span> 
     </span>
     <span class='ocr_line' id='line_1_35' title="bbox 159 3004 2173 3084; baseline 0.005 -26"><span class='ocrx_word' id='word_1_324' title='bbox 159 3004 394 3060; x_wconf 90' lang='lat' dir='ltr'><strong>matiten</strong></span> <span class='ocrx_word' id='word_1_325' title='bbox 443 3020 678 3082; x_wconf 83' lang='lat' dir='ltr'><strong>quoque</strong></span> <span class='ocrx_word' id='word_1_326' title='bbox 723 3004 957 3064; x_wconf 85' lang='lat' dir='ltr'><strong>invenio</strong></span> <span class='ocrx_word' id='word_1_327' title='bbox 992 3005 1316 3066; x_wconf 82' lang='lat' dir='ltr'><strong>factitatum</strong></span> <span class='ocrx_word' id='word_1_328' title='bbox 1360 3015 1574 3067; x_wconf 89' lang='lat' dir='ltr'><strong>tantum</strong></span> <span class='ocrx_word' id='word_1_329' title='bbox 1612 3017 1730 3065; x_wconf 80' lang='lat' dir='ltr'><strong>uon</strong></span> <span class='ocrx_word' id='word_1_330' title='bbox 1757 3017 2173 3084; x_wconf 76' lang='lat' dir='ltr'><strong>ungnentorum</strong></span> 
     </span>
     <span class='ocr_line' id='line_1_36' title="bbox 91 3087 2220 3165; baseline 0.004 -25"><span class='ocrx_word' id='word_1_331' title='bbox 91 3108 145 3141; x_wconf 65' lang='grc' dir='ltr'><strong>ει</strong></span> <span class='ocrx_word' id='word_1_332' title='bbox 170 3087 611 3161; x_wconf 86' lang='lat' dir='ltr'><strong>conpositione,</strong></span> <span class='ocrx_word' id='word_1_333' title='bbox 659 3089 844 3164; x_wconf 88' lang='lat' dir='ltr'><strong>primo</strong></span> <span class='ocrx_word' id='word_1_334' title='bbox 895 3106 971 3148; x_wconf 88' lang='lat' dir='ltr'><strong>ex</strong></span> <span class='ocrx_word' id='word_1_335' title='bbox 1004 3107 1197 3149; x_wconf 86' lang='lat' dir='ltr'><strong>murra</strong></span> <span class='ocrx_word' id='word_1_336' title='bbox 1221 3134 1240 3164; x_wconf 93' lang='lat'><strong>,</strong></span> <span class='ocrx_word' id='word_1_337' title='bbox 1287 3099 1347 3149; x_wconf 91' lang='lat' dir='ltr'><strong>ut</strong></span> <span class='ocrx_word' id='word_1_338' title='bbox 1392 3090 1670 3165; x_wconf 77' lang='lat' dir='ltr'><strong>diximuS,</strong></span> <span class='ocrx_word' id='word_1_339' title='bbox 1711 3107 1858 3150; x_wconf 86' lang='lat' dir='ltr'><strong>mox</strong></span> <span class='ocrx_word' id='word_1_340' title='bbox 1902 3100 1968 3152; x_wconf 85' lang='lat' dir='ltr'><strong>et</strong></span> <span class='ocrx_word' id='word_1_341' title='bbox 2009 3090 2220 3153; x_wconf 64' lang='lat' dir='ltr'><strong>nardus</strong></span> 
     </span>
     <span class='ocr_line' id='line_1_37' title="bbox 169 3161 2253 3255; baseline 0.009 -37"><span class='ocrx_word' id='word_1_342' title='bbox 169 3161 428 3255; x_wconf 74' lang='lat' dir='ltr'><strong>Celtico,</strong></span> <span class='ocrx_word' id='word_1_343' title='bbox 461 3169 719 3246; x_wconf 85' lang='lat' dir='ltr'><strong>calamo,</strong></span> <span class='ocrx_word' id='word_1_344' title='bbox 752 3172 1092 3250; x_wconf 71' lang='lat' dir='ltr'><strong>aspalatho,</strong></span> <span class='ocrx_word' id='word_1_345' title='bbox 1130 3173 1265 3234; x_wconf 78' lang='lat' dir='ltr'><strong>offis</strong></span> <span class='ocrx_word' id='word_1_346' title='bbox 1294 3176 1350 3233; x_wconf 90' lang='lat' dir='ltr'><strong>in</strong></span> <span class='ocrx_word' id='word_1_347' title='bbox 1380 3184 1626 3234; x_wconf 85' lang='lat' dir='ltr'><strong>mustum</strong></span> <span class='ocrx_word' id='word_1_348' title='bbox 1653 3182 1753 3234; x_wconf 83' lang='lat' dir='ltr'><strong>aut</strong></span> <span class='ocrx_word' id='word_1_349' title='bbox 1783 3174 1974 3237; x_wconf 84' lang='lat' dir='ltr'><strong>dulce</strong></span> <span class='ocrx_word' id='word_1_350' title='bbox 2004 3180 2170 3238; x_wconf 72' lang='lat' dir='ltr'><strong>vinu</strong></span> <span class='ocrx_word' id='word_1_351' title='bbox 2250 3203 2253 3244; x_wconf 67' lang='grc' dir='ltr'>ι</span> 
     </span>
     <span class='ocr_line' id='line_1_38' title="bbox 167 3241 2166 3337; baseline 0.007 -28"><span class='ocrx_word' id='word_1_352' title='bbox 167 3241 428 3302; x_wconf 73' lang='lat' dir='ltr'><strong>deiectis.</strong></span> <span class='ocrx_word' id='word_1_353' title='bbox 507 3251 643 3310; x_wconf 89' lang='lat' dir='ltr'><strong>alibi</strong></span> <span class='ocrx_word' id='word_1_354' title='bbox 693 3252 768 3312; x_wconf 89' lang='lat' dir='ltr'><strong>de</strong></span> <span class='ocrx_word' id='word_1_355' title='bbox 819 3257 1074 3334; x_wconf 87' lang='lat' dir='ltr'><strong>calamo,</strong></span> <span class='ocrx_word' id='word_1_356' title='bbox 1137 3260 1344 3334; x_wconf 91' lang='lat' dir='ltr'><strong>iunco,</strong></span> <span class='ocrx_word' id='word_1_357' title='bbox 1411 3268 1613 3334; x_wconf 84' lang='lat' dir='ltr'><strong>costo,</strong></span> <span class='ocrx_word' id='word_1_358' title='bbox 1668 3259 1862 3319; x_wconf 89' lang='lat' dir='ltr'><strong>nardo</strong></span> <span class='ocrx_word' id='word_1_359' title='bbox 1919 3261 2166 3337; x_wconf 68' lang='lat' dir='ltr'><strong>syrim,</strong></span> 
     </span>
     <span class='ocr_line' id='line_1_39' title="bbox 166 3301 2251 3538; baseline 0.012 -160"><span class='ocrx_word' id='word_1_360' title='bbox 166 3338 424 3399; x_wconf 89' lang='lat' dir='ltr'><strong>amomo,</strong></span> <span class='ocrx_word' id='word_1_361' title='bbox 464 3336 658 3408; x_wconf 88' lang='lat' dir='ltr'><strong>casia,</strong></span> <span class='ocrx_word' id='word_1_362' title='bbox 703 3338 998 3416; x_wconf 87' lang='lat' dir='ltr'><strong>cinnamo,</strong></span> <span class='ocrx_word' id='word_1_363' title='bbox 1044 3358 1260 3436; x_wconf 68' lang='lat' dir='ltr'><strong>croco,</strong></span> <span class='ocrx_word' id='word_1_364' title='bbox 1300 3343 1522 3422; x_wconf 81' lang='lat' dir='ltr'><strong>palma,</strong></span> <span class='ocrx_word' id='word_1_365' title='bbox 1567 3359 1779 3421; x_wconf 70' lang='lat' dir='ltr'><strong>asar-0,</strong></span> <span class='ocrx_word' id='word_1_366' title='bbox 1828 3344 2099 3407; x_wconf 78' lang='lat' dir='ltr'><strong>similiter</strong></span> <span class='ocrx_word' id='word_1_367' title='bbox 2124 3345 2164 3404; x_wconf 81' lang='lat' dir='ltr'><strong>i·</strong></span> <span class='ocrx_word' id='word_1_368' title='bbox 2218 3301 2251 3538; x_wconf 43' lang='grc' dir='ltr'><strong><em>Ἴ</em></strong></span> 
     </span>
    </p>
   </div>
  </div>
 </body>
</html>
