2320 3650
173 99 292 162 118
875 113 936 160 c,
981 113 1178 160 Pmm
1223 111 1525 159 saeuum

172 267 339 326 eleae
383 283 615 344 quoque
657 265 850 325 altiles
879 282 1122 342 ganeam
1165 264 1489 342 inplerent,
1534 265 1698 321 cuius
1727 263 1871 321 artis
1904 263 2105 339 gloria
2140 266 2195 323 in

172 369 298 410 eam
325 349 771 426 magnitudinem
801 349 1082 428 perducta
1133 348 1209 407 sit
1253 357 1313 406 ut
1347 349 1653 424 octoginta
1711 348 2057 425 quadrantis
2101 365 2194 408 ca·

169 442 377 513 perent
407 434 758 510 singularum
788 433 1027 492 calices.
1091 440 1294 491 auctor
1324 440 1415 490 est
1444 430 1520 490 Μ.
1555 430 1764 490 Varro.

86 526 191 582 175
332 518 433 577 57.
473 516 639 597 (83.)
677 516 922 576 Piscium
945 534 1166 593 genera
1202 517 1507 574 etiamnum
1536 532 1569 573 a
1603 514 2022 592 Theophrasto
2052 518 2192 575 mira

172 601 511 680 produntur.
547 602 703 660 circa
734 600 1049 675 Babylonis
1076 601 1244 676 rigua
1290 598 1712 659 decedentibus
1748 598 1942 658 fluviis
1990 601 2054 659 in
2094 618 2224 663 cai-5

171 686 364 745 vernis
411 703 591 763 aquas
637 683 979 744 habentibus
1021 702 1327 743 remanere
1379 682 1696 761 quosdam,
1732 682 1870 742 inde
1912 686 2081 743 exire
2118 683 2190 743 ad

173 769 385 847 pabula
426 769 673 847 pinnulis
725 768 1041 845 gradientis
1086 767 1298 827 crebro
1356 768 1575 827 caudae
1620 775 1824 840 motu2
1866 776 2189 846 contraque

170 853 433 913 venantis
476 853 754 929 refugere
797 854 852 911 in
895 870 1027 912 suas
1072 862 1353 911 cavernas
1397 853 1543 910 etin
1584 851 1657 909 iis
1687 850 1986 910 obversos
2009 861 2185 924 stare,
2224 883 2227 890 ·

173 939 364 1016 capita
396 953 592 996 eorum
624 950 758 995 esse
781 954 956 996 ranae
986 938 1241 995 marinae
1284 934 1819 1011 similia‚'reliquas
1855 937 2042 1013 partis
2083 952 2186 1011 go·

90 1021 456 1096 176bionum,
490 1020 800 1080 branchias
831 1029 892 1078 ut
937 1021 1152 1079 ceteris
1182 1020 1459 1097 piscibus.
1527 1016 1698 1078 Circa
1741 1016 2097 1079 Heracleam
2128 1026 2185 1076 et
2204 1029 2235 1067 ¹⁰

174 1102 477 1165 Cromnam
510 1114 566 1163 et
594 1103 808 1179 Lycum
844 1113 904 1163 et
933 1103 1297 1164 multifariam
1328 1105 1385 1161 in
1416 1102 1599 1162 Ponto
1631 1120 1803 1161 unum
1835 1122 2025 1180 genus
2058 1121 2187 1162 esse

175 1189 329 1267 quod
375 1198 662 1247 extremas
705 1187 995 1247 fluminum·
1023 1205 1201 1265 aquas
1234 1196 1494 1246 sectetur
1524 1205 1932 1265 cavernasque
1963 1186 2077 1246 sibi
2106 1188 2184 1246 fa-

176 1273 288 1332 ciat
331 1272 388 1330 in
431 1281 586 1332 terra
637 1280 809 1350 atque
842 1273 898 1331 in
940 1272 1044 1334 hia
1074 1274 1264 1346 vivat,
1328 1271 1500 1330 etiam
1553 1272 1886 1348 reciprocis
1933 1270 2182 1331 amnibus

176 1358 397 1416 siccato
429 1356 622 1432 litore,
658 1356 833 1416 effodi
863 1373 1007 1433 ergo
1041 1348 1203 1415 motu’
1230 1355 1458 1414 demum
1494 1372 1808 1433 corporum
1836 1357 2046 1414 vivere
2082 1372 2181 1413 eos

91 1447 191 1504 177
212 1440 589 1519 adprobante.
637 1442 794 1501 circa
816 1440 1160 1500 Heracleam
1199 1440 1443 1498 eandem
1472 1439 1801 1516 eodemque
1824 1437 1988 1513 Lyco
2023 1458 2177 1498 amne
2195 1449 2232 1486 ¹⁵

175 1525 502 1585 decedente
546 1526 673 1584 ovis
708 1525 932 1584 relictis
964 1526 1020 1583 in
1050 1525 1185 1584 limo
1217 1524 1488 1600 generari
1529 1523 1711 1600 piscis
1739 1523 1841 1600 qui
1874 1524 1949 1582 ad
1979 1523 2178 1601 pabula

175 1610 426 1687 petenda
469 1610 765 1688 palpitent
822 1610 1048 1685 exiguis
1089 1607 1416 1680 branchiis,
1475 1624 1589 1684 quo
1634 1606 1762 1666 fieri
1808 1624 1930 1665 non
1959 1607 2178 1684 indigos

175 1695 419 1768 umoriS‚
464 1702 709 1772 propter
750 1693 908 1770 quod
948 1702 1007 1752 et
1049 1692 1334 1768 anguillas
1378 1692 1586 1751 diutius
1629 1692 1834 1749 vivere
1882 1701 2176 1769 exemptas

176 1779 361 1856 aquis,
400 1793 510 1837 ova
541 1785 730 1838 autem
768 1779 823 1836 in
855 1778 1016 1837 sicco
1063 1777 1332 1837 maturari
1367 1784 1429 1834 ut
1458 1772 1824 1835 testudinum.
1896 1776 2098 1836 eadem
2125 1776 2174 1833 in

175 1860 338 1920 Ponti
372 1862 615 1937 regione
666 1860 1021 1939 adprehendi
1063 1862 1255 1938 glacie
1299 1861 1543 1939 piscium
1582 1878 1850 1919 maxume
1893 1861 2229 1936 gobiones&

91 1952 194 2008 178
211 1962 325 2004 non
372 1945 479 2003 nisi
511 1946 828 2023 patinarum
876 1945 1075 2004 calore
1121 1944 1357 2003 vitalem
1401 1954 1616 2003 motum
1657 1944 1921 2004 fatentiS.
1989 1944 2092 2003 Est
2126 1946 2176 2001 in

176 2029 265 2089 his
298 2028 549 2107 quidem,
582 2030 808 2089 tametsi
837 2029 1113 2089 mirabilis
1133 2074 1149 2104 ,
1195 2038 1388 2088 tamen
1419 2028 1612 2105 aliqua
1643 2029 1812 2087 ratio.
1892 2029 2049 2088 idem
2076 2038 2174 2085 tra-

175 2114 256 2174 dit
298 2115 352 2173 in
393 2113 801 2191 Paphlagonia·
843 2114 1020 2174 effodi
1081 2113 1260 2191 piscis
1312 2113 1672 2189 gratissimos
1714 2111 1862 2170 cibis
1922 2122 2175 2171 terrenos

174 2198 305 2258 altis
347 2196 655 2257 scrobibus
697 2198 754 2257 in
787 2198 874 2258 his
921 2198 1073 2257 locis
1115 2197 1214 2271 ubi
1244 2196 1437 2256 nullae
1468 2204 1811 2272 restagnent
1840 2214 2058 2274 aquae,
2087 2196 2173 2253 mi·

173 2292 449 2360 ratusque
482 2291 540 2341 et
571 2283 699 2360 ipse
729 2283 888 2359 gigni
923 2283 1047 2341 sine
1081 2282 1258 2356 coitu,
1285 2281 1499 2339 umoris
1533 2280 1771 2358 quidem
1796 2280 1914 2339 vim
1941 2281 2221 2358 aliquamz

179 2367 375 2424 inesse
417 2384 584 2444 quam
629 2367 847 2444 puteiS‚
907 2384 1017 2426 ceu
1055 2381 1201 2424 vero
1245 2366 1301 2423 in
1363 2364 1499 2423 ullis
1549 2365 1923 2441 reperiantur
1975 2366 2170 2442 pisces.

175 2448 464 2528 Quidquid
502 2459 592 2510 est
624 2449 761 2527 hoc,
796 2459 957 2509 certe
990 2452 1172 2509 minus
1198 2448 1594 2511 admirabilem
1619 2457 1677 2506 et
1698 2448 1877 2506 vitam
1908 2447 2171 2526 talparum

173 2533 314 2593 facit
342 2535 459 2593 vita
495 2533 858 2594 subterranei
890 2534 1174 2608 animalis,
1207 2533 1317 2592 nisi
1342 2532 1496 2592 forte
1520 2531 1799 2592 vermium
1822 2540 2172 2591 terrenorum

43 2630 46 2681 ¹.
174 2627 233 2678 et
262 2617 351 2689 his
386 2618 647 2696 piscibus
681 2627 879 2677 natura
912 2619 1081 2677 inest.
1210 2680 1212 2689 J
1879 2686 1889 2694 ⁶

43 2726 44 2765 ᾗ
87 2709 192 2766 179
331 2700 431 2763 58.
468 2701 634 2780 (84.)
680 2702 897 2762 Verum
942 2701 1207 2761 omnibus
1248 2700 1551 2777 his‘fidem
1591 2698 1709 2759 Nili
1756 2700 2059 2760 inundatio
2087 2697 2221 2757 acl-³¹·

42 2806 57 2839 r
172 2787 286 2847 fert
317 2787 507 2847 omnia
538 2786 864 2847 excedente
886 2786 1187 2851 miraculo.
1243 2786 1460 2864 quippe
1493 2784 1810 2860 detegente
1843 2800 1923 2843 eo
1948 2780 2173 2844 musculi

149 2873 537 2955 ¹reperiuntur
578 2870 850 2931 inchoato
902 2888 1085 2948 opere
1140 2870 1414 2947 genitalis
1456 2886 1643 2946 aquae
1685 2875 2042 2946 terraeque,
2080 2867 2175 2924 ian

174 2967 339 3035 parte
376 2956 644 3035 corporis
679 2957 946 3015 viventes
982 2955 1296 3014 novissima
1321 2953 1522 3030 effigie
1549 2953 1861 3011 etiamnum
1890 2961 2161 3013 terrena:

43 3036 44 3103 J
88 3047 193 3102 180
259 3086 266 3091 -
332 3041 432 3100 59.
462 3038 629 3118 (85.)
675 3037 805 3099 Nec
840 3039 914 3099 de
944 3039 1134 3099 anthia
1170 3039 1335 3116 pisce
1367 3037 1528 3097 sileri
1566 3037 1842 3096 convenit
1873 3053 2029 3115 qnae
2063 3033 2172 3113 ple·

43 3182 45 3191 ,
87 3145 202 3187 am
216 3140 433 3198 rosque
481 3124 723 3183 adverto
786 3122 1127 3183 credidisse.
1229 3119 1603 3181 Chelidonias
1661 3119 1882 3180 insulas
1945 3118 2221 3179 dixin-⁸5

174 3203 350 3260 Asiae
377 3207 654 3282 scopulos
677 3208 920 3266 inmanis
944 3216 1074 3266 ante
1099 3207 1552 3284 promontorium
1578 3204 1736 3265 sitas.
1802 3203 1886 3264 ibi
1904 3203 2171 3280 frequens

42 3312 46 3355 ρ
173 3283 266 3341 hic
297 3284 478 3358 piscis
517 3297 574 3344 et
606 3290 879 3349 celeriter
914 3293 1138 3367 capitur
1168 3306 1281 3349 uno
1311 3307 1554 3366 genere.
1615 3304 1798 3366 parvo
1848 3287 2087 3363 navigio
2122 3290 2172 3341 et

177 3364 478 3424 concolori
529 3380 694 3429 veste
737 3372 1058 3451 eademque
1103 3374 1247 3433 hora
1294 3391 1401 3451 per
1448 3372 1671 3450 aliquot
1713 3372 1847 3432 dies
1879 3372 2173 3431 continuos
