2320 3650
606 68 1743 150 NAT.H18T-X11.14-16-(32—35.)
2000 60 2004 64 ’
2054 69 2177 131 219
2238 80 2245 93 ’

315 235 411 296 15.
459 233 628 313 (33.)
676 186 923 295 Murram
977 237 1034 295 in
1073 236 1279 297 iisdem
1318 236 1482 295 silvis
1522 238 1860 314 permixtam
1903 234 2176 296 arborem
2198 245 2267 300 66

176 321 340 380 nasci
373 318 664 378 tradidere
695 318 905 396 aliqui,
948 319 1147 396 plures
1180 321 1524 418 separatim,
1555 321 1772 399 quippe
1803 319 1998 380 multis
2036 319 2184 379 locis

177 402 434 464 Arabiae
475 403 760 480 gignitur,
813 410 872 463 ut
918 402 1222 481 adparebit
1263 405 1319 463 in
1355 404 1688 480 generibus.
1742 403 2094 464 convehitur
2126 413 2185 465 et

65 554 84 561 ,
177 506 258 547 ex
286 486 486 551 insulis
519 486 776 561 laudata,
827 496 1143 565 petuntque
1188 505 1314 547 eam
1356 490 1531 549 etiam
1575 489 1648 549 ad
1676 487 2046 564 Trogodytas
2077 489 2181 548 Sa·

123 585 154 633 ,5
177 571 315 631 baei
345 571 581 631 transitu
613 571 804 630 maris.
869 572 1052 632 sativa
1088 588 1323 651 quoquc
1354 573 1622 650 provenit
1662 571 1896 633 multum
1927 572 2184 632 silvestri

176 655 461 733 praelata.
521 654 736 731 gaudet
778 655 980 715 rastris
1011 664 1185 735 atque
1229 655 1804 734 ablaqueationibus,
1848 653 2054 717 melior
2094 673 2183 716 ra·

175 739 310 806 dioc
340 737 707 814 refrigerata.

307 822 474 900 (34.)
526 820 740 881 Arbori
773 822 1010 884 altitudo
1049 823 1123 883 ad
1159 825 1411 902 quinque
1446 824 1668 900 cubita,
1700 841 1811 885 nec
1841 824 1968 885 sine
1997 841 2182 901 spina,
2201 831 2271 887 67

178 906 421 969 caudice
458 905 601 967 duro
631 914 695 964 et
734 906 982 982 intorto,
1027 908 1320 968 crassiore
1350 926 1519 988 quam
1549 910 1723 983 turis,
1773 914 1834 966 et
1873 906 1945 967 ab
1986 907 2184 966 radice

101 973 386 1051 uetiam
394 1008 560 1067 quam
614 989 838 1067 reliqua
880 992 968 1050 sui
1012 989 1200 1069 parte.
1274 994 1554 1053 corticem
1592 992 1786 1054 levem
1823 991 2186 1068 similemque

177 1073 431 1133 unedoni
459 1072 727 1133 scabrum
756 1073 853 1133 alii
884 1075 1298 1153 spinosumque
1330 1076 1567 1153 dixere,
1596 1077 1798 1137 folium
1828 1076 2054 1151 olivae,
2086 1093 2184 1134 ve-

177 1174 302 1219 rum
333 1158 580 1234 crispius
606 1166 664 1216 et
694 1158 1037 1233 aculeatum,
1073 1157 1221 1220 Iuba
1245 1158 1506 1221 olusatri.
1563 1161 1741 1238 aliqui
1769 1160 2060 1220 similem'
2043 1161 2184 1219 runi·

178 1241 343 1317 piro,
390 1241 748 1301 scabriorem
802 1251 1017 1303 tantum
1060 1244 1360 1321 spinisque
1411 1244 1733 1319 horridam,
1788 1244 1934 1304 folio
1991 1253 2184 1303 rotun-

59 1364 74 1372 -
180 1324 377 1399 diere,
405 1324 514 1385 sed
545 1342 760 1402 sapore
791 1327 1036 1404 iunipiri.
1102 1346 1215 1387 nec
1254 1345 1371 1387 non
1398 1328 1568 1391 fuere
1588 1329 1695 1405 -qui
1730 1346 1763 1387 e
1794 1330 1935 1387 turis
1971 1326 2184 1388 arbore

104 1425 159 1466 15
179 1416 479 1485 utrumque
509 1410 669 1468 nasci
700 1412 1092 1470 mentirentur.

303 1491 470 1571 (35.)
519 1491 849 1565 Inciduntur
880 1493 969 1553 bis
1002 1504 1060 1553 et
1097 1497 1267 1572 ipsae
1296 1494 1616 1574 iisdemque
1648 1494 2044 1573 temporibuS,
2076 1495 2269 1559 sed68

176 1592 210 1633 a
252 1574 448 1634 radice
491 1594 676 1654 usque
716 1578 788 1637 ad
826 1595 1019 1638 ramos
1064 1581 1160 1656 qui
1202 1579 1419 1639 valent.
1491 1580 1697 1641 sudant
1742 1588 1958 1640 autem
1977 1588 2187 1656 sponte

178 1659 338 1735 prius
369 1677 536 1737 quam
578 1660 897 1721 incidantur
941 1671 1171 1722 stacten
1213 1663 1455 1737 dictam,
1502 1666 1594 1724 cui
1634 1664 1791 1724 nulla
1835 1662 2180 1742 praefertur.

175 1740 249 1803 ab
278 1740 388 1803 hac
417 1745 612 1803 sativa.
631 1753 689 1803 et
717 1746 775 1804 in
804 1746 1058 1813 silvestri
1084 1762 1318 1845 quoque
1353 1748 1562 1809 melior
1596 1749 1838 1811 aestiva.
1895 1745 2026 1806 Non
2052 1746 2187 1807 dant

98 1842 156 1884 2⁰
179 1844 255 1892 ex
296 1844 484 1887 murra
536 1831 835 1907 portiones
881 1832 1032 1906 deo,
1090 1834 1356 1909 quoniam
1403 1842 1462 1892 et
1511 1834 1662 1911 apud
1715 1833 1863 1894 alios
1905 1833 2181 1896 nascitur.

174 1911 302 1988 regi
333 1919 523 1971 tamen
555 1911 956 1976 Gebanitarum
987 1925 1219 1994 quartas
1252 1918 1433 1994 partis
1472 1918 1599 1978 eius
1646 1918 1919 1996 pendunt.
1981 1925 2183 1977 cetero

174 1994 390 2071 passim
420 2013 452 2053 a
485 1997 666 2073 volgo
697 2009 1022 2076 coemptam
1054 2000 1111 2058 in
1141 1999 1302 2059 follis
1334 2001 1714 2075 conferciunt,
1749 2002 2051 2079 nostrique
2082 2019 2182 2059 un·

163 2072 461 2154 guentarii
499 2080 766 2157 digerunt
821 2082 957 2142 haut
1000 2082 1315 2144 difficulter
1361 2086 1559 2147 odoris
1603 2094 1777 2163 atque
1818 2084 2183 2163 pinguedinis

175 2164 547 2237 argumentis.

104 2257 158 2302 2⁵
308 2246 404 2306 16
462 2245 689 2307 Genera
740 2249 1058 2328 conplura:
1120 2250 1515 2328 Trogodytica
1575 2251 1925 2311 silvestrium
1976 2268 2178 2328 prima,
2197 2259 2266 2314 69

175 2345 431 2425 sequens
460 2329 757 2406 Minaea,
740 2351 797 2394 1n
829 2350 942 2410 qua
972 2333 1307 2394 Atramitica
1338 2343 1429 2394 est
1452 2343 1510 2393 et
1542 2331 1877 2396 Gebanitica
1908 2344 1966 2392 et
1994 2335 2180 2395 Ausa·

172 2412 300 2472 ritis
341 2409 744 2476 Gebanitarum
795 2435 1016 2495 regno,
1056 2420 1228 2478 tertia
1268 2418 1544 2494 Dianitis,
1597 2426 1799 2495 quarta
1838 2418 2180 2515 ‘conlaticia,

175 2496 368 2573 quinta
395 2497 784 2559 Sembracena
812 2519 845 2560 a
876 2502 1105 2563 civitate
1135 2504 1301 2579 regni
1325 2501 1684 2563 Sabaeorum
1709 2503 1851 2561 mari
1876 2519 2178 2580 proxuma,
2212 2543 2215 2544 ν

173 2587 341 2637 sexta
367 2597 536 2656 quam
564 2581 859 2643 Dusiritim
888 2595 1118 2646 vocant.
1174 2595 1346 2646 estet
1376 2585 1618 2648 candida
1641 2602 1756 2645 uno
1779 2593 1993 2645 tantum
2018 2586 2178 2661 loco,

102 2677 321 2739 aequae
352 2664 409 2724 in
443 2663 757 2726 Messalum
790 2668 1064 2746 oppidum
1097 2670 1411 2729 confertur.
1452 2667 1750 2747 probatur
1786 2668 2180 2746 Trogodytica

173 2745 520 2823 pinguedine
562 2759 621 2809 et
656 2751 812 2828 quod
855 2751 1136 2830 adspectu
1167 2754 1382 2814 aridior
1414 2762 1505 2812 est
1547 2752 1896 2830 sordidaque
1935 2772 2006 2812 ac
2047 2751 2179 2812 bar·

172 2827 351 2906 bara,
383 2832 488 2891 sed
519 2836 712 2894 acrior
746 2837 982 2895 ceteris.
1044 2837 1437 2897 Sembracena
1464 2837 1780 2915 praedictis
1814 2846 1974 2898 caret
2001 2836 2175 2911 vitiis,

168 2921 301 2972 ante
331 2914 473 2975 alias
505 2917 726 2994 hilaris,
754 2920 862 2979 sed
894 2919 1111 2980 viribus
1140 2920 1464 2981 tenuis.1n
1493 2920 1725 2999 plenum
1754 2929 1945 2981 autem
1968 2918 2178 2998 proba-
2193 2928 2264 2983 70

171 2995 252 3058 tio
296 3007 386 3058 est
421 3003 648 3066 minutis
680 3002 910 3081 glaebis
965 3022 1077 3064 nec
1116 3002 1409 3080 rotundis,
1454 3006 1511 3064 in
1550 3014 1832 3065 concretu
1872 3004 2176 3064 albicantis

100 3083 296 3142 assuci
347 3092 406 3143 et
457 3085 845 3164 tabescentis,
898 3097 1076 3166 utque
1126 3088 1336 3152 fracta
1354 3085 1634 3149 candidos
1685 3089 1889 3165 unguis
1941 3087 2174 3164 habeat,

173 3174 344 3242 gustu
374 3166 585 3228 leniter
628 3188 838 3231 amara.
911 3172 1169 3231 secunda
1204 3172 1432 3234 bonitas
1472 3174 1621 3231 intus
1666 3173 1858 3248 varia,
1903 3191 2177 3250 pessuma

168 3249 321 3311 intus
350 3252 535 3328 nigra,
565 3255 763 3330 peior,
799 3257 849 3315 si
878 3257 1046 3316 etiam
1078 3256 1243 3317 foris,
1309 3258 1495 3334 pretia
1529 3274 1605 3316 ex
1636 3257 1952 3322 occasione
1983 3275 2174 3318 emen·

169 3333 307 3392 tium
346 3337 535 3412 varia,
569 3345 789 3397 stactae
820 3357 852 3399 a
893 3338 948 3399 X
986 3354 1068 3401 111
1107 3341 1181 3401 ad
1209 3339 1265 3400 X
1298 3354 1379 3418 L,
1413 3340 1631 3401 sativae
1672 3358 1948 3401 summum
1979 3339 2037 3401 X
2075 3353 2172 3414 XI,

2184 3523 2250 3545 Α
