2320 3650
456 84 513 131 s·
588 132 961 187 NAT.H18·1·.
985 133 1137 181 xm.
1173 129 1345 185 4—-7.
1374 122 1645 199 (9—14.)
1693 118 1698 121 Α
2007 123 2130 186 239

96 307 268 369 quae
296 289 533 363 durum,
581 297 867 363 actuum,
900 288 1196 366 spinosum
1251 288 1428 348 habet
1485 288 1818 363 oxycedros
1866 299 2127 366 vocatur,

98 390 350 439 ramosa
378 381 441 433 et
483 371 663 435 nodis
692 372 902 432 infesta
945 371 1128 432 altera
1162 372 1347 432 odore
1378 380 1700 450 praestans.
1763 373 2011 433 fructum
2041 371 2143 433 fe-'

98 468 246 519 runt
288 454 460 533 myrti
498 457 919 533 magnitudine,
975 456 1207 516 dulcem
1237 474 1486 535 sapore.
1565 455 1642 515 Et
1681 459 1915 517 maioris
1961 459 2122 518 cedri
2145 469 2214 523 53

98 545 226 608 duo
258 560 501 619 genera.
556 559 710 620 quae
742 541 919 600 floret
949 541 1197 601 fructum
1219 558 1344 599 non
1367 541 1514 616 fert,
1547 540 1846 599 fructifera
1882 559 1996 600 non
2025 543 2127 603 llo-

57 636 233 702 sret,
274 636 336 685 et
375 627 433 684 in
471 644 545 686 ea
595 625 1036 685 antecedentem
1080 625 1327 685 fructum
1360 634 1620 702 occupat·
1656 642 1862 684 novos.
1930 644 2130 686 semen

96 713 236 771 eius
275 727 565 787 cupresso
598 709 803 769 simile.
869 710 1095 787 quidam
1129 709 1473 769 cedrelaten
1501 718 1729 769 vocant.
1793 726 1869 768 ex
1904 710 2013 769 hac
2035 728 2126 769 re·

97 798 235 856 sina
267 793 678 853 laudatissima.
733 794 1013 852 materiae
1038 811 1183 853 vero
1214 795 1326 871 ipsi
1359 795 1702 868 aeternitas,
1735 795 1930 871 itaque
1964 804 2022 854 et
2054 796 2127 854 si·

92 878 368 939 mulacra
400 877 639 937 deorum
676 895 753 937 ex
785 896 855 937 ea
890 877 1320 937 factitaverunt.
1396 877 1665 937 cedrinus
1698 887 1789 937 est
1821 877 2040 938 Romae
2072 880 2128 937 in

95 962 361 1024 delubro
392 961 612 1039 Apollo
649 963 929 1023 Sosianus
949 961 1223 1021 Seleucia
1256 961 1551 1021 advectus.
1615 960 1810 1021 Cedro
1840 963 2042 1023 similis
2072 964 2127 1022 in

33 1058 77 1099 ¹⁰
96 1046 367 1111 Arcadia
412 1056 504 1104 est
548 1044 757 1121 arbor,
788 1047 846 1104 in
875 1045 1126 1122 Phrygia
1159 1046 1356 1105 frutex
1383 1056 1628 1106 vocatur
1660 1046 1893 1121 cedrys.

236 1132 297 1192 6.
349 1129 519 1207 (12.)
572 1130 741 1203 Syria
771 1139 830 1189 et
858 1129 1245 1189 terebinthum
1274 1130 1469 1190 habet.
1529 1149 1604 1190 ex
1634 1131 1723 1191 his
1746 1132 2001 1191 mascula
2035 1141 2126 1191 est
2145 1143 2212 1197 54

93 1218 232 1277 sine
262 1214 489 1288 fructu,
522 1214 860 1274 feminarum
901 1214 1014 1274 duo
1045 1232 1285 1291 genera.
1351 1215 1517 1274 alteri
1549 1216 1771 1275 fructus
1804 1217 1975 1275 rubet
2007 1217 2125 1276 len·

94 1303 177 1360 tis
221 1298 652 1376 magnitudine,
709 1298 878 1357 alteri
933 1298 1186 1375 pallidus
1240 1316 1370 1359 cum
1417 1300 1539 1358 vite
1591 1302 1958 1373 maturescit,
2012 1318 2126 1360 non

93 1381 388 1461 grandior
419 1382 584 1455 faba,
629 1382 815 1442 odore
846 1382 1179 1458 iucundior,
1218 1391 1374 1441 tactu
1402 1385 1722 1441 resinosus.
1781 1381 1952 1442 Circa
1982 1383 2123 1444 Iden

33 1476 76 1518 ¹⁵
99 1465 361 1529 Troadis
394 1476 453 1526 et
479 1468 538 1525 in
556 1465 899 1527 Macedonia
931 1465 1125 1526 brevis
1157 1465 1335 1526 arbor
1357 1465 1507 1526 haee
1536 1476 1709 1544 atque
1735 1467 2036 1543 fruticosa,
2071 1470 2126 1528 in

93 1553 401 1612 Damasco
435 1551 641 1624 Syriae
673 1567 896 1626 magna.
959 1553 1233 1610 mate-ries
1271 1551 1324 1610 ei
1358 1550 1661 1610 admodum
1697 1551 1849 1611 lenta
1882 1570 1952 1610 ac
1983 1553 2124 1612 fide-

93 1638 173 1699 lis
223 1635 299 1696 ad
341 1644 721 1709 vetustatem,
777 1635 924 1710 nigri
971 1634 1339 1712 splendoris,
1391 1634 1503 1694 ilos
1544 1652 1885 1695 racemosus
1929 1636 2123 1696 olivae

92 1720 315 1794 modo,
358 1719 466 1778 sed
502 1718 752 1793 rubens,
798 1717 939 1778 folia
973 1717 1172 1780 densa.
1233 1719 1348 1778 fert
1380 1728 1439 1778 et
1484 1718 1782 1779 folliculos
1814 1722 2123 1780 emittentis

96 1803 399 1886 quaedam
431 1802 694 1863 animalia
727 1821 836 1863 ceu
883 1803 1106 1864 culices
1137 1803 1543 1883 lentoremque
1574 1806 1901 1864 resinosum
1933 1806 2028 1884 qui
2065 1813 2124 1865 et

33 1901 73 1942 ιθ
94 1909 177 1950 ex
213 1890 442 1949 cortice
475 1889 738 1966 erumpit.

243 1972 425 2050 (13.)
475 1970 550 2032 Et
595 1971 731 2031 rhus
775 1973 980 2045 Syriae
1015 1974 1272 2033 mascula
1308 1973 1422 2032 fert
1464 1974 1650 2033 sterili
1682 1975 1926 2049 femina,
1969 1976 2113 2034 folio
2140 1984 2208 2036 55

90 2059 242 2119 ulmi
278 2055 455 2134 paulo
488 2056 759 2132 longiore
793 2066 851 2115 et
876 2056 1101 2134 pilos0,
1136 2057 1407 2116 foliorum
1439 2075 1675 2135 semper
1693 2056 1854 2116 ‘inter
1885 2077 1949 2117 se
1984 2076 2119 2117 cou-

89 2142 302 2203 trariis
326 2139 614 2218 pediculis
632 2185 648 2215 ,
677 2139 882 2217 gracili
912 2139 1198 2217 brevique
1228 2158 1407 2200 ramo·
1464 2140 1655 2219 pelles
1680 2141 1960 2200 candidae
1986 2159 2121 2201 con-

92 2228 380 2287 ficiuntur
412 2225 502 2283 iis.
560 2242 759 2282 semen
794 2223 934 2282 lenti
974 2224 1160 2283 simile
1194 2243 1323 2282 cum
1355 2242 1464 2283 uva
1495 2224 1789 2299 rubescit,
1830 2225 1985 2301 quod
2017 2243 2118 2283 vo-

33 2322 70 2362 '5
94 2319 271 2371 catur
302 2308 474 2381 rhuS,
498 2307 934 2366 medicamentis
968 2309 1384 2366 necessarium.

233 2395 295 2451 7.
337 2391 506 2469 (14.)
551 2390 627 2464 Et
655 2391 931 2469 Aegypto
958 2391 1131 2451 multa
1153 2408 1376 2467 genera
1405 2408 1555 2468 quae
1594 2407 1709 2450 non
1742 2391 1943 2468 aliubi,
1980 2401 2112 2452 ante
2136 2403 2205 2458 56

92 2477 301 2538 omnia
341 2475 482 2533 ficus
516 2475 591 2534 ob
624 2476 681 2535 id
711 2475 1006 2553 Aegyptia
1036 2476 1457 2552 cognominata.
1523 2474 1697 2534 arbor
1727 2492 1891 2534 moro
1918 2478 2118 2537 similis

87 2562 250 2623 folio
270 2603 288 2634 ,
323 2558 746 2635 magnitudine,
780 2560 1063 2638 adspectu
1082 2605 1099 2634 ,
1134 2576 1366 2637 pomum
1398 2576 1512 2617 non
1542 2560 1715 2618 ramis
1745 2559 1850 2619 sed
1878 2561 2117 2620 caudice

89 2647 220 2708 fert
251 2646 388 2721 ipso
407 2688 425 2718 ,
468 2643 644 2719 idque
678 2642 821 2712 ficus
854 2651 945 2702 est
973 2643 1305 2722 praedulcis
1339 2644 1464 2702 sine
1495 2645 1691 2720 granis
1722 2644 2111 2719 interioribus,

33 2744 389 2811 toperquam
423 2726 676 2787 fecundo
711 2737 1028 2804 proventu,
1075 2728 1395 2805 scalpendo
1427 2735 1640 2787 tantum
1668 2727 1879 2787 ferreis
1912 2730 2114 2805 ung-ui-

86 2817 234 2888 bus,
262 2812 434 2871 aliter
454 2828 569 2871 non
593 2812 945 2871 maturescit.
981 2812 1241 2871 sed-cum
1263 2810 1375 2869 hoc
1399 2811 1611 2870 factum
1636 2820 1757 2888 est,
1785 2820 1990 2889 quarto
2014 2812 2107 2871 die
2130 2820 2200 2875 5⁷

87 2897 418 2960 demetitur
448 2895 565 2954 alio
590 2893 975 2954 subnascente
993 2940 1011 2969 ,
1044 2905 1291 2973 septeno
1322 2896 1400 2954 ita
1431 2912 1738 2955 numerosa
1767 2903 1933 2973 partu
1954 2941 1972 2970 ,
2006 2914 2114 2973 per

86 2979 367 3058 singulas
404 2987 659 3039 aestates
689 2978 868 3038 multo
899 2979 1051 3038 lacte
1082 2978 1424 3039 abundante.
1477 2978 1861 3054 subnascitur,
1894 2981 2117 3039 etiamsi

85 3084 219 3129 non
243 3062 562 3141 scalpatur,
599 3063 753 3123 fetus
777 3072 981 3140 quater
1004 3072 1229 3123 aestate
1254 3064 1629 3141 prioremque
1660 3063 1908 3141 expellit
1939 3065 2112 3123 inma-

33 3171 66 3210 s
88 3151 316 3212 turum.
348 3148 620 3206 materies
647 3148 871 3225 proprii
893 3148 1132 3224 generis
1164 3148 1313 3206 inter
1340 3147 1689 3207 utilissimas.
1727 3165 1900 3208 caesa
1923 3150 2111 3208 statim

89 3232 330 3310 stagnis
344 3230 621 3307 mergitur
635 3264 719 3274 —-
731 3230 847 3291 hoc
861 3240 951 3291 est
965 3232 1089 3290 eius
1107 3232 1314 3291 siccari
1331 3267 1433 3306 —,
1454 3240 1511 3291 et
1528 3233 1713 3309 primo
1731 3232 1884 3308 sidit,
1903 3241 2112 3313 postea

86 3318 333 3382 fluitare
378 3314 612 3391 incipit,
658 3325 938 3395 certoque
983 3332 1110 3375 eam
1154 3316 1555 3392 sugitalienus
1589 3334 1754 3376 umor
1801 3320 1895 3395 qui
1941 3318 2111 3379 aliam
2207 3324 2212 3330 '

88 3416 335 3464 omnem
350 3398 519 3475 rigat.
547 3417 677 3460 cum
693 3400 953 3463 innatare
971 3401 1255 3479 coeperit,
1267 3400 1647 3479 tempestivae
1668 3401 1846 3463 habet
1866 3404 2111 3482 signum.
