2320 3650
544 101 707 149 NAT.
742 100 924 149 ms'r.
958 102 1070 180 xl,
1102 98 1310 154 4—10.
1351 92 1625 171 (3—,10.)
1967 96 2079 160 161

80 251 185 314 sed
212 252 478 315 favorum
514 256 997 332 stabilimentum,
1042 274 1154 336 qua
1186 274 1389 319 omnes
1432 259 1668 337 frigoris
1713 271 1809 322 aut
1848 263 2087 325 iniuriae

79 340 265 399 aditus
296 339 688 416 obstruuntur,
722 341 907 402 odore
932 350 991 400 et
1013 343 1137 421 ipsa
1163 343 1486 404 etiamnunc
1515 347 1702 422 gravi,
1735 355 1797 406 ut
1820 364 1931 427 qua
1962 349 2084 428 ple-

78 425 241 501 rique
276 441 385 501 pro
413 425 668 502 galbano
697 432 942 485 utantur.

200 507 336 587 (7.)
379 508 623 569 Praeter
653 509 801 569 haec
841 509 1182 570 convehitur
1214 512 1504 589 erithace,
1541 530 1709 590 quam
1740 515 1915 593 aliqui
1952 533 2080 577 san·
2103 525 2167 582 17

76 590 378 667 daracam,
427 593 524 653 alii
557 594 877 667 cerinthum
910 604 1140 654 vocant.
1204 595 1298 656 hic
1325 597 1435 656 erit
1460 598 1648 676 apium
1681 598 1811 659 dum
1840 617 2086 680 operan-

76 685 161 734 tur
195 676 398 752 cibus,
433 678 538 755 qui⁴
562 693 744 756 saepe
775 679 1060 738 invenitur
1088 681 1144 738 in
1174 679 1435 740 favorum
1464 682 1828 743 inanitatibus
1860 686 2085 762 seposi-

74 770 197 835 tus,
258 770 321 820 et
364 763 494 841 ipse
541 764 718 822 amari
762 763 1013 841 saporis.
1096 765 1352 840 gignitur
1388 774 1762 826 autem·rore
1801 785 1984 827 verno
2026 770 2086 828 et

73 843 342 903 arborum
383 862 562 921 suco,
609 846 907 905 cummium
934 847 1108 907 modo
1153 849 1422 926 capitur,
1451 849 1615 909 africi
1644 851 1862 926 minor,
1906 854 2084 912 austri

74 928 202 988 flatu
232 931 479 1005 nigrior,
508 929 873 1008 aquilonibus
902 929 1110 990 melior
1140 941 1201 991 et
1225 932 1461 1008 rubeuS,
1490 932 1784 1012 plurumas
1816 937 1871 994 in
1903 935 2081 996 Grae-

57 1014 152 1071 1cis
186 1013 454 1076 nucibus.
515 1012 886 1073 Menecrates
920 1014 1123 1075 florem
1158 1034 1295 1075 esse
1331 1017 1469 1076 dicit
1505 1017 1728 1077 futurae
1762 1020 1969 1079 messis
1999 1021 2079 1079 in-

73 1097 309 1173 dicium,
350 1099 456 1158 sed
499 1116 669 1158 nemo
708 1108 943 1176 praeter
975 1117 1122 1158 eum.

189 1181 251 1241 8.
315 1182 441 1261 (8.)
492 1180 676 1243 Geras
719 1201 794 1241 ex
840 1184 1086 1243 omnium
1127 1184 1397 1243 arborum
1438 1192 1810 1265 satorumque
1838 1187 2078 1247 floribus
2103 1197 2169 1252 18

73 1266 403 1343 confingunt
447 1276 702 1344 excepta
744 1269 961 1327 rumice
1009 1278 1066 1327 et
1114 1267 1501 1346 echinopode.
1586 1269 1894 1330 herbarum
1935 1272 2083 1332 haec

72 1369 304 1425 genera.
384 1350 538 1413 falso
570 1351 861 1429 excipitur
890 1360 949 1410 et
979 1362 1267 1431 spartum,
1313 1353 1529 1429 quippe
1563 1371 1690 1413 cum
1721 1355 1778 1413 in
1807 1347 2083 1434 Hispania

55 1434 234 1497 'multa
268 1435 328 1495 in
359 1437 659 1515 spartariis
698 1434 874 1496 mella
897 1434 1137 1496 herbam
1175 1453 1303 1496 eam
1335 1437 1580 1514 sapiant.
1640 1437 1790 1497 falso
1823 1447 1881 1497 et
1918 1437 2081 1499 oleas

71 1523 252 1600 excipi
278 1520 553 1596 arbitror,
583 1522 801 1599 quippe
827 1520 1019 1580 olivae
1045 1530 1332 1599 proventu
1356 1520 1616 1598 pluruma
1640 1522 1902 1582 examina
1922 1523 2083 1599 gigni

69 1614 282 1665 certum
307 1609 430 1664 θεῖ.
483 1604 787 1664 Fructibus
811 1606 983 1665 nullis
1007 1614 1270 1672 nocetur.
1326 1606 1566 1663 mortuis
1588 1624 1663 1665 ue
1693 1605 1933 1665 floribus
1959 1608 2080 1684 qui·

71 1689 219 1765 dem,
255 1708 376 1749 non
406 1690 582 1750 modo
624 1689 1009 1767 corporibus,
1044 1689 1315 1772 insidunt.
1372 1687 1699 1769 operantur
1728 1691 1873 1752 intra
1906 1703 2166 1758 sexa—19

71 1775 212 1849 ginta
245 1779 481 1855 passus.
544 1773 788 1834 subinde
813 1776 1166 1853 consumptis
1199 1775 1253 1833 in
1284 1792 1566 1856 proxumo
1599 1775 1839 1837 floribus
1872 1769 2080 1855 sp'ecu-

52 1857 279 1920 ·latores
304 1858 382 1919 ad
404 1858 618 1937 pabula
649 1858 925 1920 ulteriora
947 1861 1188 1920 mittunt.
1246 1871 1420 1920 noctu
1450 1861 1855 1940 deprehensae
1888 1864 1948 1921 in
1983 1881 2081 1922 ex-

71 1944 362 2019 peditione
396 1943 689 2002 excubant
717 1944 992 2022 supinae,
1026 1953 1087 2003 ut
1119 1944 1243 2004 alas
1276 1963 1307 2004 a
1340 1963 1476 2005 rore
1512 1955 1839 2024 protegant.

175 2029 235 2089 9.
288 2029 422 2106 (9.)
469 2027 560 2086 Ne
592 2028 721 2105 quis
751 2030 990 2087 miretur
1039 2046 1237 2088 amore
1295 2046 1490 2089 earum
1525 2039 1731 2108 captos
1761 2029 2078 2091 Aristoma-

71 2110 219 2173 chum
252 2112 571 2173 Solensem
603 2112 1102 2189 duodesexaginta
1135 2113 1298 2173 annis
1328 2111 1466 2172 nihil
1498 2113 1652 2173 aliud
1684 2115 1915 2190 egisse,
1947 2113 2075 2174 Phi-

70 2195 253 2257 liscum
300 2214 449 2256 vero
494 2194 764 2256 Thasium
820 2199 875 2254 in
922 2198 1174 2257 desertis
1216 2197 1340 2273 apis
1385 2196 1675 2257 colentem
1707 2197 1946 2274 Agrium
1979 2214 2077 2256 co·

53 2283 469 2356 gnominatum.
539 2281 636 2358 qui
672 2279 841 2339 ambo
879 2282 1174 2359 scripsere
1211 2281 1284 2340 de
1319 2280 1428 2339 his.

181 2367 279 2426 10.
335 2364 511 2442 (10.)
575 2363 741 2423 Ratio
779 2366 1007 2442 operis:
1053 2364 1309 2424 Interdiu
1341 2365 1510 2423 statio
1556 2365 1627 2423 ad
1663 2374 1863 2442 portas
1905 2376 2161 2429 morem

72 2460 404 2509 castrorum.
463 2448 628 2525 quies
660 2449 715 2507 in
745 2449 1094 2525 matutinum,
1132 2449 1324 2509 donec
1345 2466 1455 2507 una
1486 2449 1702 2507 excitet
1724 2450 1956 2525 gemino
1981 2458 2078 2510 aut

70 2533 268 2612 triplici
323 2532 540 2591 bombo
583 2542 642 2592 ut
694 2532 905 2592 bucino
938 2533 1153 2612 alique.
1226 2543 1360 2592 tunc
1401 2533 1709 2591 universae
1745 2524 2072 2610 provolant,

70 2617 110 2676 si
138 2618 262 2679 dies
302 2617 457 2676 mitis
486 2616 706 2676 futurus
741 2626 848 2677 est.
906 2619 1305 2697 praedivinant
1334 2617 1481 2675 enim
1520 2623 1728 2674 ventos
1758 2615 2075 2694 imbrisque

53 2712 117 2760 ¹et
154 2721 214 2762 se
276 2703 581 2761 continent
622 2703 815 2760 tectis.
892 2703 971 2762 ita
1023 2720 1173 2780 quae
1222 2701 1536 2778 temperies
1591 2700 1739 2760 caeli
1786 2718 1911 2759 cum
1959 2701 2073 2759 hoc

68 2788 197 2846 iuter
223 2786 529 2866 praescita
562 2783 797 2845 habent.
876 2804 1002 2846 cum
1027 2804 1231 2862 agmen
1261 2786 1331 2844 ad
1363 2802 1544 2862 opera
1567 2786 1887 2863 processit,
1923 2784 2072 2843 aliae

68 2870 222 2931 flores
264 2869 557 2946 adgerunt
585 2869 867 2947 pedibus,
902 2871 1051 2930 aliae
1088 2887 1293 2948 aquam
1325 2886 1430 2928 ore
1463 2877 1771 2946 guttasque
1805 2869 2071 2944 lanugine

65 2957 219 3015 totius
260 2955 557 3031 corporis.
626 2953 830 3031 quibus
865 2964 955 3013 est
993 2971 1187 3013 earum
1219 2953 1615 3013 adulescentia
1647 2952 1720 3012 ad
1750 2968 1931 3029 opera
1966 2969 2063 3009 ex·
2087 2962 2151 3014 21

70 3048 186 3099 eunt
214 3048 281 3099 et
311 3036 645 3115 supradicta
671 3038 1020 3112 convehunt,
1056 3040 1322 3096 seniores
1349 3038 1499 3097 intus
1523 3042 1855 3114 operantur.
1920 3052 2067 3113 quae

68 3122 222 3184 flores
260 3130 643 3200 conportent,
689 3122 978 3200 prioribus
1010 3121 1258 3200 pedibus
1301 3121 1510 3181 femina
1554 3128 2070 3198 onerantvpropter

66 3207 113 3267 id
138 3192 346 3269 natura
381 3205 620 3281 scabra,
662 3207 846 3283 pedes
879 3208 1109 3284 priores
1139 3214 1365 3279 rosim,
1400 3214 1679 3282 totaeque
1708 3214 1947 3262 onustae
1978 3222 2068 3262 re·

65 3286 237 3353 meant
265 3291 497 3351 sarcina
520 3290 825 3368 pandatae.
871 3291 1168 3368 excipiunt
1198 3307 1297 3348 eas
1327 3299 1527 3348 ternae
1554 3296 1988 3366 quaternaeque
2012 3297 2070 3346 et

65 3383 399 3438 exonerant.
480 3383 608 3433 sunt
670 3376 819 3434 enim
881 3376 1032 3435 intus
1065 3391 1322 3454 -quoque
1381 3373 1572 3433 officia
1631 3373 1830 3433 divisa.
1917 3373 2063 3432 aliae
2086 3380 2152 3433 22

137 3485 273 3522 prm.
306 3481 437 3519 NAr.
468 3480 602 3522 msr.
638 3464 700 3519 11.
1668 3458 1741 3518 >11
2254 3536 2255 3539 Ἴ

2138 3546 2256 3610 Α
