2320 3650
600 72 790 149 ‘NA'L
824 66 1008 149 lawr.
1041 103 1193 150 1111.
1233 103 1283 154 1.
1319 54 1388 185 us
1409 95 1639 175 (2—3).
2015 94 2138 156 233

120 258 244 319 utri
278 255 431 330 mel,
463 255 603 315 salis
628 254 864 331 florem,
896 257 1282 335 omphacium,
1312 259 1636 335 agni'folia,
1668 277 1978 338 panacem.
1989 278 1990 283 ¹
2018 260 2133 320 Ex·
2155 271 2228 324 15
2258 284 2264 290 ·

120 349 299 402 terna
334 342 523 400 omnia
565 347 625 398 et
654 299 992 416 prodigiosa
1029 343 1445 401 cinnamomino
1468 344 1673 422 pretia.
1737 330 1981 407 adicitur
2021 346 2136 406 cin-

119 441 301 484 namo
333 422 662 483 balaninum
699 422 912 499 oleum,
950 424 1446 502 xylobalsamum,
1486 428 1771 502 calamus,
1806 429 1988 503 iunci,
2015 427 2136 490 bal-

104 510 276 569 sami
301 508 556 582 semina,
586 524 812 582 murra,
841 507 967 567 mel·
1000 508 1321 569 odoratum.
1388 520 1803 587 unguentorum
1837 511 1951 570 hoc
1982 530 2138 572 cras-

72 610 99 648 5
119 593 439 652 sissimum.
504 592 689 669 pretia
722 592 801 650 ei
808 609 843 651 a
870 589 925 649 X
952 606 1150 652 xxxv
1178 591 1249 652 ad
1279 591 1336 652 X
1367 605 1511 657 ccc.
1552 593 1863 655 Nardinum
1894 597 2018 654 sive
2051 596 2136 654 fo-

116 677 326 738 liatum
361 683 589 735 constat
629 674 934 752 omphacio
968 685 1064 737 aut
1095 675 1397 752 balanino,
1431 679 1606 737 iunco
1632 721 1649 751 ,
1684 686 1884 752 costo,
1931 679 2133 753 nardo,

116 776 391 834 amomo*
427 776 653 834 murra,
702 758 984 818 balsam0.
1044 759 1109 819 In
1146 759 1261 820 hoc
1299 778 1520 837 genere
1569 762 1877 819 conveniet
1932 763 2127 821 memi-
2155 772 2230 827 16

114 846 286 904 nisse
311 841 623 904 herbarum
659 860 809 920 quae
836 842 1072 903 nardum
1097 842 1355 904 Indicum
1381 846 1736 905 imitarentur
1760 844 1998 921 species
2033 862 2134 903 no·

112 946 258 988 vem
309 945 343 987 a
386 925 556 986 nobis
603 940 739 985 esse
783 927 986 986 dictas.
1050 936 1205 986 tanta
1245 929 1483 988 materia
1529 928 1885 987 adulterandi
1931 936 2039 986 est.
2073 927 2220 1014 4⁸¹}‹1q

48 1029 98 1069 ιο
116 1013 321 1072 omnia
352 1019 544 1071 autem
578 1011 835 1070 acutiora
870 1010 1010 1070 fiunt
1040 1019 1239 1086 costo,
1274 1028 1529 1087 amomo,
1569 1029 1717 1088 quae
1742 1020 2006 1070 maxume
2034 1030 2133 1071 na-

115 1097 209 1156 ris
247 1095 498 1168 feriunt,
544 1095 834 1154 crassiora
873 1111 1064 1153 murra
1099 1096 1519 1174 suavioraque‚
1572 1095 1892 1155 medicinae
1944 1106 2132 1156 autem

115 1180 364 1239 utiliora
396 1194 605 1252 croco,
637 1179 918 1237 acerrima
949 1195 1055 1255 per
1085 1196 1149 1237 se
1184 1195 1427 1239 amomo.
1481 1178 1610 1238 hoc·
1633 1190 1689 1247 et
1732 1180 1936 1256 capitis
1969 1180 2131 1240 dolo-

113 1282 221 1323 res
264 1261 427 1322 facit.
488 1261 714 1339 quidam
748 1262 887 1321 satis
933 1260 1146 1322 habent
1177 1261 1539 1340 adspergere
1576 1280 1724 1340 quae
1758 1272 1887 1321 sunt
1920 1266 2135 1341 pretio-

115 1346 359 1407 sissima
391 1346 611 1404 ceteris
639 1344 932 1419 decoctiS,
963 1346 1237 1423 inpendio
1260 1354 1602 1422 parcenteS,
1634 1346 1740 1404 sed
1774 1363 1888 1404 non
1922 1356 2011 1406 est
2042 1366 2137 1407 ea-

45 1448 103 1488 15
116 1432 259 1493 dem
290 1430 383 1487 vis
426 1429 535 1487 nisi
563 1446 670 1488 una
700 1429 986 1498 decoctis.
1045 1427 1238 1489 Murra
1279 1437 1342 1487 ¹et
1377 1447 1482 1506 per
1507 1447 1573 1491 se
1606 1438 1955 1504 unguentum
1996 1430 2228 1492 facit17'

114 1517 252 1574 sine
286 1512 460 1587 olen,
495 1521 679 1573 stacte
716 1513 1040 1586 dumtaxat,
1078 1513 1296 1589 alioqui
1327 1514 1552 1571 nimiam
1584 1513 2012 1584 amaritudinem
2041 1513 2135 1573 ad-

112 1599 258 1658 fert.
317 1597 559 1674 cyprino
583 1595 766 1656 viride
791 1597 872 1670 iit,
908 1599 1102 1656 susino
1128 1598 1531 1672 unguinosum,
1562 1595 1864 1655 Mendesio
1890 1598 2133 1673 nigrum,

112 1681 374 1743 rhodino
411 1680 746 1756 candidum,
776 1697 964 1739 murra
1009 1679 1301 1758 pallidum.
1366 1679 1527 1740 Haec
1567 1689 1695 1739 sunt
1739 1682 2007 1758 antiquae
2053 1682 2134 1739 in-

111 1765 418 1825 ventionis
443 1781 663 1839 genera
695 1773 755 1823 et
777 1770 986 1841 postea
1012 1764 1369 1825 officinarum
1392 1763 1562 1823 furta.
1612 1781 1761 1822 nunc
1792 1764 2013 1823 dicetur
2038 1762 2134 1823 cu'·

40 1849 317 1912 aemulus
347 1849 476 1925 ipse
511 1847 845 1907 deliciarum
877 1857 936 1907 et
962 1867 1177 1908 summa
1208 1849 1519 1910 auctoritas
1547 1849 1656 1907 rei.

252 1932 313 1991 2.
349 1930 509 2009 Ergo
541 1932 743 2008 regale
775 1942 1122 2008 unguentum
1165 1933 1551 2011 appellatum,
1598 1932 1867 2009 quoniam
1893 1931 2129 1992 Partho·
2150 1940 2224 1994 18

108 2036 249 2079 rum
308 2015 551 2091 regibus
601 2016 679 2074 ita
726 2024 1114 2092 temperatur,
1181 2025 1409 2075 constat
1456 2015 1873 2113 myrobalano,
1942 2025 2131 2091 costo,

108 2116 391 2174 amomo,
440 2100 700 2159 cinnamo
737 2115 1011 2173 comaco,
1054 2099 1455 2173 cardamomo,
1505 2100 1665 2157 nardi
1710 2100 1906 2176 spica,
1947 2116 2131 2173 maro,
2228 2130 2236 2136 -

106 2201 351 2257 murra,
383 2184 578 2255 casia,
610 2191 880 2257 styrace,
918 2182 1162 2256 ladano,
1209 2182 1621 2260 opobalsamo,
1668 2182 1891 2240 calamo
1935 2184 2131 2240 iunco-

41 2285 242 2349 nque
279 2266 509 2341 SyriiS,
541 2265 861 2341 oenanthe,
877 2265 1282 2364 malobathro,
1321 2264 1633 2339 serichat0,
1668 2281 1873 2341 cypro,
1908 2264 2133 2341 aspala-

104 2353 262 2426 tho,
319 2366 577 2427 panace,
625 2366 838 2425 croco,
884 2351 1124 2427 cypiro,
1168 2365 1470 2423 amaraco,
1513 2347 1669 2422 loto,
1718 2346 1926 2420 melle,
1974 2349 2129 2406 vino.

103 2434 399 2510 nihilque
417 2434 542 2492 eius
570 2434 656 2491 rei
700 2451 875 2492 causa
917 2435 974 2492 in
1006 2431 1166 2492 Italia
1205 2434 1447 2492 victrice
1478 2433 1760 2505 omnium,
1804 2432 1861 2488 in
1892 2430 2128 2510 Europa

100 2534 267 2580 vero
304 2523 425 2592 tota
450 2525 684 2595 praeter
716 2517 839 2576 irim
863 2517 1159 2591 Illyricam
1188 2525 1248 2575 et
1269 2516 1506 2575 nardum
1544 2513 1826 2576 Gallicum
1855 2516 2128 2591 gignitur.

100 2619 250 2665 nam
292 2601 495 2672 vinum¹
526 2608 585 2658 ct
630 2616 766 2660 rosa
812 2610 870 2659 et
909 2601 1077 2675 myrti
1116 2598 1262 2658 folia
1308 2598 1616 2675 oleumque
1652 2600 1970 2657 communia
2002 2597 2131 2656 fere

35 2705 81 2745 so
101 2685 375 2750 omnium
403 2692 682 2743 terrarum
711 2683 1137 2760 intellegantur.

249 2767 361 2846 (3)
401 2766 586 2826 Siccis
621 2766 898 2826 odoribus
942 2774 1208 2826 constant
1239 2783 1388 2843 quae
1435 2764 1790 2843 diapasmata
1829 2773 2126 2824 vocantur.
2148 2767 2221 2827 19

97 2870 248 2917 nam
276 2851 508 2910 faecem
546 2851 823 2927 unguenti
854 2867 1078 2926 magma
1121 2848 1440 2927 appellant.
1519 2850 1666 2908 inter
1711 2850 1893 2908 omnis
1928 2857 2132 2925 poten-

97 2936 378 3001 tissimus
414 2933 561 2994 odor
589 2934 847 3012 quisquis
894 2934 1206 2992 novissime
1246 2932 1488 2993 additur.
1563 2941 1851 3009 unguenta
1894 2941 2130 3010 optume

98 3025 432 3085 servantur
454 3018 510 3076 in
533 3017 862 3090 alabastris,
877 3017 1093 3078 odores
1112 3019 1173 3078 in
1197 3017 1355 3091 oleo,
1379 3015 1535 3093 quod
1559 3016 1910 3077 diuturnitati
1933 3033 2131 3075 eorum

36 3112 279 3172 mame
320 3100 515 3164 utilius
547 3111 758 3179 quanto
793 3101 1092 3179 pinguius,
1137 3111 1200 3161 ut
1230 3119 1309 3160 ex
1341 3100 1691 3177 amygdalis.
1756 3109 1814 3159 et
1854 3101 1982 3178 ipsa
2027 3118 2128 3159 un-

99 3195 338 3269 guenta
379 3193 667 3244 vetustate
723 3185 984 3245 meliora.
1060 3185 1153 3245 so}
1194 3186 1455 3244 inimicus
1496 3184 1619 3260 his,
1662 3184 2036 3263 quamobrem
2072 3185 2132 3243 in

98 3271 326 3337 umbra
373 3268 693 3332 conduntur
739 3269 1025 3348 plumbeis
1056 3271 1231 3329 vasis.
1295 3268 1753 3365 experimentum
1806 3286 2006 3330 eorum
2045 3270 2128 3327 in·

98 3374 301 3419 versu
332 3370 502 3416 manu
539 3355 797 3431 capitur,
828 3372 901 3414 ne
933 3370 1216 3415 carnosae
1250 3352 1431 3432 partis
1464 3353 1628 3412 calor
1654 3354 1837 3413 vitiet.
