2320 3650
592 88 753 134 NAT.
798 87 979 135 ms‘r.
1018 86 1167 134 v111.
1200 84 1439 137 10—15.
1477 75 1782 154 (lo—16.)
2115 75 2197 147 49

198 239 449 317 phantos
488 238 563 298 ab
610 241 679 298 iis
713 240 866 300 ebibi
904 241 1274 319 siccatosque
1314 240 1625 303 concidere
1663 250 1723 300 et
1753 242 2037 301 dracones
2077 243 2195 301 ine-

199 323 419 384 briatos
451 324 697 401 opprimi
740 326 1155 404 conmorique.-
1205 379 1208 381 ,

333 406 426 465 13.
467 407 634 486 (13.)
678 407 931 466 Generat
960 407 1271 485 Aethiopia
1308 408 1515 469 Indicis
1557 425 1766 488 pareS,
1807 411 2071 467 vicenum
2103 419 2281 468 cu·35

197 489 465 549 b'itorum.
502 490 558 549 id
589 492 760 551 modo
792 494 1011 565 mirum,
1043 492 1192 551 unde
1229 494 1497 552 cristatos
1521 492 1660 553 Iuba
1690 491 2018 551 crediderit.
2053 492 2197 551 Asa-

152 594 179 634 5
201 574 369 633 chaei
399 570 677 635 vocantur
702 575 1025 653 Aethiopes
1059 576 1209 653 apud
1242 592 1387 653 quos
1416 593 1679 636 maxume
1710 584 2036 650 nascuntur,
2071 594 2196 634 nar·

197 667 443 736 rantque
492 660 548 716 in
601 660 893 718 maritimis
950 676 1150 717 eorum
1206 668 1519 737 quaternos
1571 661 1892 738 quinosque
1945 662 2092 718 inter
2133 676 2198 717 se

198 744 440 801 cratium
486 743 660 801 modo
696 742 967 821 inplexos
1008 745 1223 801 erectis
1270 740 1551 821 capitibus
1596 743 1937 804 velificantis
1970 743 2040 802 ad
2080 761 2195 801 me·

199 824 348 887 liora
379 825 589 903 pabula
621 826 874 885 Arabiae
906 826 1040 884 vehi
1076 826 1364 885 fluctibus.

335 911 429 969 14.
470 911 638 989 (14.)
685 909 1097 986 Megasthenes
1149 909 1352 969 scribit
1398 913 1453 969 in
1483 909 1641 970 India
1674 911 1961 987 serpentis
1993 911 2049 968 in
2076 917 2195 968 tan·
2213 920 2282 972 36

124 1008 179 1050 ιο
199 1002 315 1053 tam
344 994 788 1069 magnitudinem
819 993 1168 1053 adolescere
1199 1002 1260 1052 ut
1291 995 1514 1053 solidos
1540 994 1802 1053 hauriant
1834 1010 2043 1053 cervos
2078 1002 2195 1051 tau-

198 1092 441 1155 rosque.
511 1076 878 1136 Metrodorus
910 1078 1065 1136 cirea
1096 1076 1471 1152 Rhyndacum
1504 1094 1726 1137 amnem
1773 1080 1829 1137 in
1869 1078 2050 1136 Ponto
2106 1096 2197 1135 su·

189 1161 562 1239 pervolantis
607 1162 865 1239 quamvis
906 1160 1025 1220 alte
1072 1163 1502 1239 perniciterque
1551 1162 1720 1220 alites
1758 1161 1962 1219 haustu
2007 1169 2065 1218 ut
2097 1161 2195 1220 ab·

199 1254 403 1322 reptas
431 1244 801 1304 absorbeant.
858 1243 1007 1303 Nota
1052 1253 1144 1303 est
1193 1246 1248 1303 in
1286 1245 1513 1303 Punicis
1548 1244 1720 1305 bellis
1751 1245 1822 1304 ad
1854 1245 2061 1304 flumen
2091 1244 2195 1304 Ba·
2213 1252 2281 1306 37

202 1329 438 1406 gradam
473 1326 705 1405 Regulo
736 1330 1090 1406 imperatore
1125 1327 1372 1387 ballistis
1401 1330 1900 1405 tormentisque-ut
1926 1328 2200 1407 oppidum

126 1429 183 1471 15
205 1412 442 1490 aliquod
472 1421 801 1489 expugnata
837 1429 1085 1489 serpens
1127 1424 1268 1471 cxx
1313 1413 1523 1491 pedum
1568 1410 1955 1488 longitudinis.
2013 1411 2199 1489 pellis

200 1498 328 1555 eius
379 1496 766 1575 maxillaeque
826 1513 1010 1573 usque
1064 1496 1136 1555 ad
1201 1496 1416 1556 bellum
1464 1493 1861 1554 Numantinum
1913 1495 2197 1555 duravere

200 1578 423 1639 Romae
457 1580 773 1658 intemplo.
800 1580 1034 1639 faciunt
1063 1579 1153 1638 his
1176 1581 1394 1639 fldem
1376 1598 1431 1638 in
1457 1578 1619 1638 Italia
1651 1577 1980 1656 appellatae
2011 1578 2200 1638 bovae

201 1664 260 1720 iu
306 1671 516 1723 tautam
565 1663 993 1743 amplitudinem
1037 1674 1319 1723 exeuntes
1363 1672 1424 1722 ut
1463 1662 1599 1722 dive
1659 1660 1920 1729 Claudio
1939 1662 2198 1741 principe

201 1748 438 1806 occisae
473 1749 530 1806 in
559 1746 837 1807 Vaticano
871 1748 1090 1807 solidus
1123 1749 1180 1806 in
1210 1748 1342 1807 alvo
1376 1755 1669 1825 spectatus
1702 1747 1775 1805 sit
1801 1745 2007 1805 infans.
2042 1746 2198 1805 alun-

124 1852 181 1893 ω
201 1841 294 1892 tur
327 1834 494 1891 trimo
526 1832 726 1892 bubuli
755 1833 924 1892 lactis
958 1848 1120 1909 suco,
1157 1833 1310 1891 unde
1341 1849 1548 1891 nomen
1578 1840 1829 1891 traxere.

334 1916 428 1975 15.
476 1916 642 1994 (15.)
699 1914 1041 1981 Ceterorum
1086 1916 1442 1991 animalium,
1503 1932 1652 1994 quae
1699 1915 1871 1975 modo
1921 1922 2284 1977 convectam

202 2000 455 2078 undique
486 1996 704 2058 Italiam
737 2002 1039 2076 contigere
1071 2001 1335 2077 saepius,
1381 2000 1597 2059 formas
1640 1999 1778 2059 nihil
1809 2001 2010 2059 attinet
2039 2016 2197 2058 scru-

202 2083 412 2162 pulose
453 2083 700 2142 referre.
776 2085 1123 2162 paucissima
1163 2083 1399 2158 Scythia
1442 2084 1627 2161 gignit
1668 2084 1864 2162 inopia
1907 2083 2196 2156 fruticum,

202 2185 389 2245 pauca
419 2168 770 2226 contermina
799 2167 881 2226 illi
912 2166 1234 2241 Germania,
1261 2167 1508 2242 insignia
1533 2174 1721 2225 tamen
1748 2166 1921 2224 boum
1944 2165 2196 2225 ferorum

127 2268 185 2308 25
204 2269 445 2328 genera,
483 2250 711 2310 iubatos
745 2250 987 2309 bisontis
1025 2250 1456 2327 excellentique
1503 2251 1558 2307 vi
1602 2259 1660 2308 et
1690 2249 2005 2309 velocitat'e
2036 2266 2196 2323 uros,

205 2335 413 2413 quibus
454 2336 760 2412 inperitum
810 2335 1018 2410 volgus
1060 2333 1400 2392 bubalorum
1440 2349 1648 2405 nomen
1689 2334 1941 2409 inponit,
1987 2349 2114 2392 cum
2144 2332 2196 2391 id

203 2419 403 2494 gignat
428 2418 626 2476 Africa
654 2417 814 2476 vituli
846 2419 1036 2494 potius
1072 2419 1347 2496 cervique
1388 2416 1629 2494 quadam
1664 2416 2048 2493 similitudine.

330 2501 499 2580 (16.)
545 2502 879 2578 Septentrio
915 2501 1030 2559 fert
1076 2510 1443 2578 et.equorum
1472 2517 1693 2576 greges
1723 2500 2000 2575 ferorum,
2051 2501 2199 2561 sicut
2214 2510 2282 2562 39

204 2585 491 2644 asinorum
545 2586 683 2643 Asia
729 2593 786 2643 et
830 2584 1059 2658 Africa,
1095 2594 1401 2661 praeterea
1432 2583 1601 2642 alcen
1636 2585 1884 2645 iuvenco
1932 2583 2197 2656 similem,

133 2686 190 2729 ³0
208 2669 264 2726 ni
308 2669 632 2745 proceritas
678 2670 892 2728 aurium
941 2676 1001 2726 et
1048 2670 1293 2727 cervicis
1339 2669 1662 2745 distinguat.
1730 2669 1867 2725 item
1906 2675 2094 2725 natam
2144 2667 2199 2723 in

208 2752 584 2812 Scandin'avia
628 2752 811 2811 insula
854 2768 962 2810 nec
1006 2769 1267 2829 umquam
1311 2754 1488 2810 visam
1534 2753 1592 2810 in
1646 2752 1756 2811 hae
1788 2751 1954 2831 urbe,
2008 2748 2201 2808 multis

206 2845 395 2894 tamen
438 2846 720 2895 narratam
766 2835 971 2894 achlim
1015 2835 1149 2894 haut
1198 2836 1527 2895 dissimilem
1560 2835 1674 2909 illi,
1734 2835 1838 2893 sed
1881 2833 2039 2892 nullo
2085 2832 2197 2891 suf·

204 2919 489 2994 fraginum
520 2920 708 2994 flexu,
759 2920 1011 2996 ideoque
1044 2935 1157 2977 non
1190 2919 1511 2993 cubantem,
1557 2918 1662 2979 sed
1685 2919 1976 2979 adclinem
2009 2916 2200 2977 arbori

207 3004 264 3061 in
298 3020 520 3078 somno,
560 3021 745 3081 eaque
775 3005 956 3063 incisa
988 3003 1057 3063 ad
1088 3004 1322 3063 insidias
1353 3003 1504 3081 capi,
1552 3003 1692 3062 alias
1724 3002 2049 3061 velocitatis
2082 3004 2222 3059 me-'

132 3110 190 3151 ss
206 3094 483 3146 moratae.
549 3087 765 3148 labrum
810 3090 863 3146 ei
908 3089 1172 3165 superius
1207 3087 1588 3164 praegrande.
1636 3086 1710 3144 ob
1754 3086 1810 3145 id
1850 3084 2199 3161 retrogradi-

202 3180 296 3230 tur
326 3174 381 3227 in
412 3170 729 3248 pascendo,
761 3189 833 3230 ne
867 3173 921 3229 in
954 3173 1146 3249 priora
1181 3172 1422 3231 tendens
1460 3172 1802 3229 involvatur
1841 3168 2114 3228 Tradunt
2144 3169 2285 3228 in40

207 3246 454 3315 Paeonia
486 3256 663 3315 feram
687 3272 834 3333 quae
862 3255 1113 3315 bonasus
1137 3263 1382 3314 vocetur
1404 3256 1611 3332 equina
1636 3254 1787 3328 iuba,
1815 3263 2012 3313 cetera
2035 3262 2197 3333 tauro

209 3338 482 3413 similem,
529 3339 799 3397 cornibus
843 3340 922 3398 ita
950 3341 1006 3397 in
1049 3357 1114 3398 se
1142 3339 1311 3399 flexis
1348 3348 1405 3399 ut
1444 3355 1556 3398 non
1602 3339 1713 3398 sint
1753 3339 1910 3398 utilia
1951 3328 2196 3415 pugnae.

295 3441 434 3480 pun.
466 3443 590 3481 uxr.
622 3443 761 3480 msr.
792 3427 856 3480 ΙΙ.
1841 3422 1881 3480 4

2127 3492 2130 3505 l
