2320 3650
167 55 283 116 174
907 65 969 115 C.
1005 66 1197 115 PLIm
1225 64 1524 116 summm

161 221 322 282 lacus
367 218 561 298 Buges
604 220 764 282 fossa
816 220 1061 286 emissus
1101 220 1158 279 in
1202 237 1380 280 mare.
1442 217 1578 299 Ipse
1621 217 1816 297 Buges
1854 238 1888 281 a
1931 217 2166 283 Coreto

159 303 424 364 Maeotae
457 304 619 365 lacus
653 306 779 364 sinu
822 313 1059 384 petroso
1103 303 1443 364 discluditur
1482 303 1683 363 dorso..
1734 304 1946 383 recipit
1973 306 2169 367 amnis

159 387 400 465 Bugem,
435 387 696 464 Gerrum,
731 387 1042 468 Hypanim,
1076 406 1153 447 ex
1185 387 1418 454 diverso
1447 387 1732 447 venientis
1761 396 1965 448 tractu.
2029 407 2170 450 nam

161 470 377 531 Gerrus
405 470 688 534 Basilidas
720 480 779 531 et
805 470 1095 532 Nomadas
1125 480 1392 550 separat,
1442 468 1698 549 Hypanis
1727 489 1838 550 per
1865 469 2169 535 Nomadas
2296 471 2301 610 1

162 564 221 614 et
247 554 507 629 Hylaeos
536 556 658 617 fluit
688 573 853 616 manu
885 556 1038 615 facto
1069 553 1242 615 alveo
1274 555 1332 613 in
1353 555 1577 632 Bugen,
1608 554 1851 616 naturali
1877 556 1936 615 in
1971 551 2165 616 Core-
2188 584 2218 623 5

77 645 293 699 85tum.
341 640 509 716 regio
542 638 776 715 Scythia
807 639 1040 699 Sindice
1070 640 1407 699 nominatur.
1468 638 1587 700 Sed
1620 656 1655 698 a
1685 636 1976 700 Carcinite
2009 639 2163 700 Tau·

81 767 88 774 .
159 723 279 783 rica
322 724 520 801 incipit
564 723 849 802 quondam
891 723 1032 794 mari
1075 721 1420 783 circumfusa
1463 731 1523 781 et
1562 723 1688 800 ipsa
1733 740 1966 802 quaque
2007 742 2166 790 nunc

160 808 348 884 campi
376 808 586 867 iacent.
619 806 753 867 dein
781 807 959 868 vastis
990 805 1266 867 attollitur
1289 805 1456 883 iugis.
1510 805 1764 883 Triginta
1797 816 1929 867 sunt
1956 825 2166 868 eorum
2302 857 2303 910 1

160 889 380 970 populi.
431 892 605 951 exiis
634 891 1040 952 mediterranei
1062 887 1275 965 XXIII,
1307 889 1387 950 VI
1417 890 1630 969 oppida
1654 888 1981 991 Orgocyni,
2008 890 2164 953 Cha·
2298 917 2303 968 ι

159 975 391 1049 raceni,
448 972 765 1051 Lagyrani,
824 972 1112 1049 Tractari,
1165 973 1584 1049 Arsilachitae‚
1631 971 1909 1035 Caliordi.
1963 976 2162 1053 iugum
2184 995 2240 1037 ιιι

160 1059 344 1136 ipsum
389 1057 757 1133 Scythotauri
800 1066 1016 1118 tenent.
1078 1056 1381 1117 cluduntur
1422 1057 1497 1118 ab
1546 1049 1853 1119 occidente
1902 1056 2163 1120 Cherro-

157 1158 338 1215 nes0,
381 1140 453 1201 ab
502 1150 630 1202 ortu
672 1141 906 1217 Scythis
949 1141 1232 1201 Sataucis.
1293 1140 1357 1201 In
1390 1158 1494 1201 ora
1539 1160 1573 1201 a
1603 1140 1893 1203 Carcinite
1938 1144 2164 1222 oppida

158 1223 460 1304 Taphrae,
502 1226 558 1285 in
588 1226 730 1304 ipsis
763 1226 1041 1302 angustiis
1069 1217 1442 1303 peninsulae,
1483 1242 1619 1285 mox
1645 1224 1940 1287 Heraclea
1972 1224 2163 1288 Cher-

158 1326 402 1369 ronesus
445 1307 720 1370 libertate
761 1325 794 1369 a
825 1308 1097 1369 Romanis
1141 1309 1427 1370 donatum.
1458 1343 1465 1352 ·
1497 1307 1794 1386 Megarice
1835 1310 2165 1371 vocabatur

159 1402 356 1469 antea,
405 1393 703 1472 praecipui
733 1393 935 1453 nitoris
968 1394 1026 1452 in
1055 1402 1179 1453 toto
1216 1410 1290 1454 eo
1320 1401 1505 1454 tractu
1537 1393 1839 1462 custoditis
1872 1393 2162 1456 Graeciae
2182 1412 2234 1456 ιι

72 1476 448 1553 861'noribus,
494 1479 746 1556 quinque
774 1476 928 1537 milia
962 1494 1117 1555 pass.
1148 1477 1437 1538 ambiente
1479 1494 1661 1538 muro.
1724 1477 1868 1539 Inde
1919 1478 2162 1539 Parthe-

157 1563 308 1621 nium
329 1563 800 1640 promontorium,
828 1558 1141 1622 Taurorum
1171 1562 1370 1628 civitas
1393 1560 1620 1634 Placia,
1649 1560 1986 1637 Symbolum
2021 1580 2163 1642 por·

159 1655 280 1721 tus,
327 1643 776 1725 promontorium
806 1642 1219 1724 Criumetopon
1255 1645 1559 1706 adversum
1593 1642 1935 1707 Carambico
1977 1646 2164 1707 Asiae

159 1731 586 1807 promontorio,
610 1747 719 1808 per
739 1729 984 1790 medium
1004 1727 1286 1792 Euxinum
1307 1746 1658 1808 procurrens
1678 1727 1887 1790 CLXX
1908 1729 1968 1789 Μ
1994 1747 2159 1809 pass.

159 1814 498 1889 interva110,
541 1831 689 1892 quae
719 1832 982 1877 maxume
1013 1814 1160 1876 ratio
1193 1812 1448 1891 Scythici
1478 1832 1648 1877 arcus
1677 1814 1919 1879 formam
1953 1814 2156 1875 efficit.
2176 1832 2229 1874 ιο

160 1896 232 1957 ab
274 1915 346 1957 eo
384 1896 697 1963 Taurorum
744 1907 945 1976 portus
974 1898 1133 1959 multi
1180 1907 1240 1958 et
1280 1899 1461 1959 lacus.
1515 1899 1791 1978 oppidum
1820 1898 2156 1960 Theodosia

162 2001 195 2042 a
230 1978 604 2060 Criumetopo
648 1979 859 2041 CXXV
888 1981 947 2042 Μ
977 2000 1169 2061 pass.,
1215 2000 1248 2042 a
1280 1980 1651 2044 Cherroneso
1686 1999 1831 2043 vero
1870 1981 2075 2043 CLXV
2097 1981 2158 2043 M

161 2083 318 2143 pass.
383 2065 545 2125 Ultra
576 2064 741 2125 fuere
776 2067 991 2145 oppida
1021 2064 1238 2142 Cytae,
1282 2058 1661 2166 Zephyrium,
1704 2066 1932 2143 Acrae,
1977 2065 2156 2141 Nym·

76 2159 144 2215 87
164 2148 439 2227 phaeum,
483 2148 612 2209 Dia.
664 2157 846 2210 restat
887 2151 1064 2228 longe
1102 2149 1562 2211 validissimum
1545 2170 1602 2210 ιιι
1630 2152 1758 2229 ipso
1789 2150 2042 2227 Bospori
2074 2153 2156 2210 in·

161 2234 331 2294 troitu
373 2234 814 2313 Panticapaeum
841 2232 1227 2311 Milesiorum,
1286 2252 1330 2308 a„
1365 2233 1697 2297 Theodosia
1736 2232 2060 2297 LXXXVII
2099 2233 2228 2295 112⁵

55 2339 63 2347 ·
161 2317 211 2376 D
238 2335 418 2396 pass.,
453 2337 486 2379 a
517 2315 824 2380 Cimmerio
855 2335 999 2379 vero
1031 2319 1251 2397 oppido
1285 2327 1443 2385 trans
1471 2319 1679 2383 fretum
1708 2319 1818 2378 sito
1842 2317 1963 2381 MM
1983 2318 2062 2395 D,
2100 2328 2160 2380 ut

101 2401 435 2477 ⁷,ssdiximus
481 2419 637 2482 pass.
697 2400 858 2463 Haec
899 2402 980 2462 ibi
1021 2401 1263 2467 latitudo
1293 2404 1491 2465 Asiam
1522 2403 1597 2464 ab
1626 2402 1866 2483 Europa
1895 2412 2156 2482 separat,

160 2503 345 2563 eaque
375 2487 503 2564 ipsa
528 2484 774 2565 pedibus
804 2486 1146 2565 plerumque
1176 2488 1378 2566 pervia
1399 2487 1652 2565 glaciato
1677 2487 1850 2557 freto
1901 2486 2156 2566 Bospori

162 2566 450 2629 Cimmerii
484 2570 722 2630 latitudo
753 2568 860 2632 XII
882 2568 939 2629 M
961 2569 1010 2629 D
1036 2589 1307 2649 passuum
1331 2571 1545 2651 oppida
1571 2570 1751 2632 habet
1786 2570 2153 2646 Hermisium,

161 2652 529 2730 Myrmecium
565 2662 624 2713 et
667 2654 817 2714 intus
861 2654 1099 2716 insulam
1128 2654 1457 2733 Alopecen.
1517 2673 1628 2734 per
1660 2650 1931 2716 Maeotim
1965 2658 2152 2717 autem
2173 2667 2225 2708 ³0

161 2736 232 2798 ab
265 2747 526 2801 extremo
558 2736 788 2814 isthm0,
819 2739 915 2816 qui
937 2738 1102 2799 locus
1124 2738 1390 2818 Taphrae
1411 2748 1674 2815 vocatur,
1704 2740 1777 2801 ad
1805 2756 1874 2800 os
1901 2739 2152 2818 Bospori

74 2819 358 2882 SSCCLX
386 2822 444 2882 Μ
474 2839 629 2900 pass.
663 2822 963 2899 longitudo
993 2823 1304 2901 colligitur.
1357 2822 1407 2884 A
1441 2822 1687 2902 Taphris
1714 2841 1823 2904 per
1855 2824 2151 2885 continen-

161 2915 274 2965 tem
330 2906 611 2967 introrsus
663 2914 861 2967 tenent
904 2906 1205 2979 Auchetae
1255 2907 1406 2986 apud
1452 2925 1599 2985 quos
1642 2907 1898 2986 Hypanis
1946 2908 2151 2983 oritur,

162 2988 395 3050 Neuroe
427 2989 578 3069 apud
601 3007 747 3068 quos
770 2989 1186 3067 Borysthenes,
1221 2991 1447 3066 Geloni,
1480 2990 1901 3083 Thyssagetae,
1924 2991 2151 3067 Rudini,

161 3071 448 3133 Basilidae
481 3082 538 3132 et
571 3074 845 3134 caeruleo
878 3075 1093 3153 capillo
1123 3074 1457 3152 Agathyrsi.
1491 3093 1666 3154 super
1696 3093 1803 3136 eos
1835 3074 2227 3147 Nomadessts

161 3155 372 3215 deinde
403 3155 916 3236 Anthropophagi,
966 3177 999 3219 a
1040 3159 1206 3237 Buge
1251 3178 1396 3220 vero
1429 3178 1607 3238 super
1633 3157 1905 3220 Maeotim
1936 3161 2155 3220 Sauro·

162 3246 346 3297 matae
382 3248 440 3298 et
474 3238 830 3301 Essedones.
868 3251 924 3303 at
953 3260 1061 3322 per
1090 3261 1249 3304 oram
1279 3244 1351 3303 ad
1383 3242 1614 3304 Tanaim
1646 3261 1829 3321 usque
1858 3241 2155 3324 Maeotae,

164 3337 196 3380 a
227 3320 460 3400 quihus
465 3321 627 3383 lacus
657 3341 864 3386 nomen
896 3328 1160 3406 accepit,
1195 3328 1489 3406 ultimique
1521 3347 1565 3395 a
1588 3338 1756 3413 tergo
1789 3344 1995 3392 eorum
2023 3331 2156 3393 Ari-
