2320 3650
215 96 337 157 234
832 152 839 157 ,
869 76 928 153 e.
957 106 1153 152 amm
1188 104 1490 152 sacuam

127 276 197 328 20
338 262 394 322 3.
445 260 568 339 (4.)
614 257 774 319 Haec
805 268 897 319 est
925 260 1164 318 materia
1207 259 1374 317 luxus
1405 274 1440 316 e
1474 258 1695 316 cunctis
1724 258 1996 316 maxume
2027 272 2215 335 supet·-

218 346 401 406 vacui.
450 344 794 419 margaritae
818 345 967 402 enim
991 358 1373 420 gemmaeque
1413 341 1485 401 ad
1519 341 1801 400 heredem
1821 351 2020 401 tamen
2043 351 2217 400 trans-

216 436 385 502 eunt,
429 437 631 486 vestes
682 436 1005 504 prorogant
1040 436 1301 504 tempus,
1357 434 1648 501 unguenta
1696 425 1863 484 illico
1931 427 2219 503 exspirant

215 530 284 573 ac
342 513 463 570 suis
515 512 830 569 moriuntur
882 511 1059 569 horis.
1157 526 1375 568 samma
1431 509 1856 568 commendatio
1916 526 2115 568 eorum
2163 508 2220 566 ιιι

213 603 546 655 transeunte
578 595 787 653 femina
819 595 966 653 odor
999 594 1199 652 invitet
1230 595 1399 652 etiam
1423 592 1579 652 alind
1609 595 1875 668 agentis,
1899 592 2253 652 <excedunt-s

217 697 330 758 que
388 679 818 757 quadringenos
874 678 1141 736 denarios
1197 677 1398 736 librae.
1498 680 1640 736 tanti
1695 680 1904 736 emitur
1953 677 2219 755 vol-aptas

124 772 192 826 21
217 765 435 838 aliena,
474 764 683 821 etenim
716 762 955 820 odorem
988 761 1084 839 qui
1114 763 1276 837 gerit*
1298 763 1426 837 ipse
1456 762 1572 819 no‘n
1602 761 1798 819 sentit.
1865 763 1918 818 si
1948 770 2140 819 tamen
2169 770 2220 818 et

213 848 361 907 haec
394 840 583 924 aliqua
612 845 937 905 differentia
980 844 1261 921 signanda
1292 853 1452 919 sunt,
1497 846 1552 902 in
1581 843 1656 902 M.
1701 841 2014 903 Ciceronis
2052 845 2216 904 moni·

212 933 416 991 mentis
464 931 748 988 invenitur
781 937 1070 1006 unguenta
1111 930 1366 1004 gratiora
1420 945 1557 987 esse
1600 945 1749 1005 quae
1795 938 2017 988 terram
2063 944 2219 1007 quam

216 1033 362 1094 qaae
397 1009 630 1072 cr'ocum
663 1015 921 1090 sapiant,
971 1012 1197 1090 quando
1229 1008 1402 1071 etiam'
1434 1012 1878 1089 corruptissimo
1910 1015 1969 1071 in
2003 1028 2215 1089 genere
2229 1025 2262 1065 ιι

116 1114 119 1117 ’
212 1101 395 1174 magis
420 1107 609 1157 tamen
642 1098 798 1155 iuvat
843 1095 1122 1173 quaedam
1167 1097 1347 1174 ipsius
1385 1097 1486 1155 viti
1532 1098 1840 1156 severitas.
1899 1097 2012 1155 sed
2057 1112 2217 1176 qnos·

216 1184 345 1243 dam
371 1181 692 1240 crassitudo
727 1197 991 1239 maxume
1018 1179 1278 1239 delectat
1305 1181 1553 1257 spissam
1586 1181 1975 1257 appellantis,
2014 1180 2218 1258 linique

128 1276 201 1328 22
214 1268 356 1340 iam,
393 1281 507 1323 non
541 1265 727 1324 solum
763 1264 1060 1342 perfundi,
1106 1264 1412 1341 unguentis
1440 1264 1714 1340 gaudent.
1771 1264 2030 1323 vidimus
2062 1267 2217 1324 etiam

210 1350 458 1425 vestigia
489 1348 702 1426 pedum
732 1349 944 1424 tingui,
988 1347 1147 1426 quod
1179 1357 1534 1406 monstrasse
1571 1346 1648 1406 M.
1686 1346 1979 1408 Othonem
2010 1348 2219 1408 Neroni

212 1433 461 1513 principi
490 1432 785 1507 ferebant,
820 1448 1042 1510 quaeso
1072 1440 1134 1490 ut
1166 1431 1412 1510 qualiter
1441 1433 2128 1511 sentirem-«iuvaretque
2157 1431 2264 1490 aba

215 1535 286 1577 ea
332 1526 498 1595 parte
553 1514 863 1594 corporis?
933 1533 1047 1574 nec
1093 1533 1209 1574 non
1260 1515 1508 1592 aliquem
1554 1533 1632 1574 ex
1675 1518 1921 1594 privatis
1970 1518 2219 1577 andimus

213 1603 454 1660 iussisse
501 1602 700 1677 spargi
751 1602 1009 1678 parietes
1069 1598 1405 1659 balnearum
1457 1609 1749 1675 unguento
1806 1609 1986 1678 atque
2035 1601 2219 1661 Gaium

218 1686 539 1763 principem
571 1683 720 1743 solia
750 1685 1062 1762 temperari
1092 1702 1184 1759 ac,
1218 1700 1291 1742 ne
1323 1683 1650 1761 principale
1676 1684 1948 1744 videatur
1977 1684 2102 1744 hoc
2127 1685 2217 1743 bo-

124 1777 378 1844 23num‚
429 1777 488 1827 et
527 1776 734 1846 postea
774 1769 1055 1847 quendam
1096 1785 1132 1825 e
1176 1769 1362 1827 servis
1393 1765 1663 1828 Neronis.
1724 1784 1997 1828 maxume
2044 1778 2217 1831 tam

215 1856 413 1911 mirum
440 1861 529 1911 est
558 1852 708 1911 hanc
729 1854 970 1930 gratiam
995 1862 1338 1930 penetrasse
1364 1862 1423 1911 et
1451 1853 1509 1910 in
1531 1861 1744 1912 castra.
1797 1853 2040 1931 aquilae
2071 1862 2265 1913 certe*

215 1954 286 1996 ac
316 1937 512 2012 signa,
551 1936 952 2014 pulverulenta
996 1937 1093 1996 illa
1136 1946 1196 1995 et
1237 1935 1575 2015 cuspidibus
1617 1935 1892 2013 horrida,
1942 1947 2219 2014 unguntur

213 2019 382 2080 festis
438 2019 674 2096 diebnS,
728 2022 1054 2098 utinamque
1098 2021 1298 2081 dicere
1342 2035 1647 2098 possemus
1699 2022 1828 2098 quis
1874 2022 2104 2099 primus
2148 2023 2216 2079 in-

213 2104 523 2163 stituisset!
577 2106 654 2163 ita
696 2113 821 2180 est,
866 2105 1123 2163 nimirum
1163 2105 1274 2164 hae
1319 2103 1595 2163 mercede
1639 2114 1960 2184 corruptae
2029 2106 2218 2165 orben

212 2197 497 2248 terrarum
538 2188 815 2248 devicere
860 2188 1106 2266 aquilae.
1172 2189 1279 2247 ista
1316 2188 1638 2265 patrocinia
1670 2190 2216 2267 quaerimusvitiis,

114 2267 117 2274 ’
212 2281 273 2331 ut
296 2290 407 2350 per
431 2273 547 2332 hoc
581 2274 669 2332 ius
701 2272 808 2332 sub
840 2272 1069 2332 casside
1102 2280 1394 2348 unguenta
1423 2280 1734 2331 sumantur.
2229 2285 2263 2325 s

126 2364 197 2418 24
345 2356 471 2433 (5.)
529 2355 773 2429 Quando
820 2356 876 2415 id
925 2356 1168 2434 primum
1211 2356 1283 2415 ad
1327 2355 1619 2415 Romanos
1663 2359 2075 2434 penetraverit
2116 2373 2216 2416 non

212 2439 388 2501 facile
424 2440 684 2499 dixerim.
765 2437 983 2499 certum
1017 2449 1106 2499 est
1137 2439 1430 2499 Antiocho
1465 2456 1612 2517 rege
1648 2439 1915 2518 Asiaque
1958 2441 2214 2512 devictis,

215 2522 373 2582 urbis
409 2537 556 2582 ιιιιιιο
587 2521 838 2600 DLXV„
870 2523 930 2583 P.
964 2523 1240 2583 Licinium
1282 2522 1553 2583 Crassum
1583 2522 1644 2582 L.
1671 2523 1882 2583 Iulium
1915 2522 2216 2585 Caesarem

217 2623 498 2666 censores
542 2607 799 2668 edixisse
850 2626 923 2667 ne
977 2610 1105 2685 quis
1151 2606 1433 2667 venderet
1475 2616 1767 2683 unguenta
1810 2609 2072 2669 exotica.
2139 2609 2217 2667 sic

124 2701 195 2753 25
217 2693 364 2751 enim
410 2691 806 2770 appellavere.
851 2700 938 2766 at,
970 2692 1291 2766 Herculea,
1347 2693 1458 2751 iam
1488 2692 1715 2769 quidam
1746 2694 1924 2751 etiam
1956 2694 2018 2751 in
2053 2701 2264 2773 pota-

215 2775 459 2850 addnnt,
498 2777 755 2852 tantique
786 2785 876 2834 est
907 2776 1226 2835 amaritudo
1267 2784 1330 2833 ut
1361 2775 1545 2835 odore
1580 2776 1829 2853 prodigo
1859 2776 2126 2836 fruantur
2153 2794 2217 2834 ex

162 2867 165 2868 ’
214 2868 459 2937 utraque
503 2868 670 2937 parte
715 2862 1003 2937 corporis.
1068 2858 1129 2918 L.
1163 2860 1441 2935 Plotium,
1484 2858 1543 2917 L.
1592 2858 1790 2917 Planci
1821 2858 1917 2918 bis
1971 2860 2216 2920 cous-as

215 2945 596 3021 censorisque
624 2942 898 3018 fratrem,
935 2943 1321 3022 proscriptum
1362 2960 1393 3002 a
1424 2943 1733 3002 triumviris
1775 2944 1833 3000 in
1861 2945 2216 3005 Salamin

214 3026 439 3086 latebra
475 3027 748 3102 unguenti
780 3027 962 3086 odore
998 3027 1284 3105 proditum
1317 3034 1574 3101 constat,
1622 3041 1738 3104 qno
1767 3026 2081 3088 dedecere
2109 3035 2214 3088 ta·

217 3106 479 3169 absoluta
507 3111 878 3250 proscriptio
911 3120 1020 3171 est.
1087 3112 1216 3188 quis
1247 3113 1397 3170 enim
1437 3126 1554 3169 non
1581 3112 1792 3170 merito
1831 3109 2064 3173 indicet
2093 3123 2259 3192 per-⁸

212 3189 332 3246 isse
361 3192 492 3250 talis

128 3275 199 3328 26
344 3271 469 3348 (6.)
496 3273 712 3335 cetero
726 3286 1010 3337 terrarum
1030 3279 1274 3337 omnium
1291 3277 1606 3376 Aegyptus
1623 3279 2206 3341 accomodatam·

218 3355 554 3430 unguentis,
600 3358 672 3417 ab
705 3376 775 3418 ea
808 3359 1121 3438 Campania
1152 3371 1244 3420 est
1277 3363 1449 3439 copia
1477 3378 1674 3422 rosae.
1715 3365 1785 3423 4.
1831 3362 2060 3426 Iudaea
2085 3375 2204 3423 vm
