2320 3650
505 131 668 178 NAT.
713 130 894 178 ms'r.
931 132 999 177 x.
1039 125 1280 183 42—47.
1322 117 1625 194 (59—67.)
1948 115 2066 177 143

63 283 350 358 candidis,
398 283 657 346 tradens.
717 284 863 341 duos
910 300 1145 360 semper
1186 284 1257 341 iis
1303 282 1516 357 duces,
1562 282 1805 341 alterum
1850 283 2065 343 ducere

65 385 285 443 agmen,
318 367 839 443 alterum·cogere.
902 365 1128 425 scrobis
1156 382 1444 425 excavare
1476 374 1691 440 rostro,
1742 365 1876 425 inde
1908 376 2066 426 crate

65 457 436 510 consternere
480 459 540 509 et
571 452 807 528 operire
839 459 996 509 terra
1044 468 1194 529 quae
1231 459 1362 509 ante
1401 451 1575 510 fuerit
1615 459 1839 526 egesta.
1901 451 1956 508 in
1979 451 2066 509 his

63 535 365 595 fetificare.
421 533 584 593 fores
614 534 778 593 binas
826 535 1073 593 omnium
1115 533 1444 593 scrobibus.
1479 534 1761 593 orientem
1793 544 2066 612 spectare

65 618 260 696 quibus
307 627 519 678 exeant
563 619 621 676 in
663 635 908 696 pas-cua,
965 635 1238 678 occasum
1274 618 1498 696 ‘quibus
1549 618 1810 678 redeant.
1876 619 2066 680 alvom

63 711 472 762 exoneraturas
504 702 819 761 subvolare
860 719 1095 780 semper
1135 712 1195 762 et
1220 704 1512 762 contrario
1553 702 1707 762 flatu.
1764 719 1878 760 uno
1916 702 2027 762 hoc
2052 710 2151 765 127

61 788 110 844 in
139 787 273 846 loco
317 788 495 846 totius
541 785 702 844 orbis
746 788 1027 862 visuntur,
1065 786 1336 846 ininsula
1370 804 1538 864 quam
1574 785 1819 844 diximus
1861 786 2020 845 nobi·
2037 807 2070 848 a,
2084 805 2149 840 ιιι

60 869 166 929 lem
212 869 512 930 Diomedis
557 869 778 929 tumulo
829 879 1003 957 atque
1046 870 1314 945 delubro,
1355 879 1555 929 contra
1601 870 1850 948 Apuliae
1885 888 2064 945 oram,

62 953 353 1014 fulicarum
376 954 616 1013 similes,
673 934 926 1013 advenas
949 953 1234 1014 barbaros
1267 955 1544 1030 clangore
1570 954 1860 1028 infestant,
1889 953 2064 1015 Grae-

66 1038 141 1096 cis
170 1047 385 1097 tantum
420 1037 721 1098 adulantur
747 1038 892 1097 miro
941 1038 1292 1114 discrimine,
1343 1038 1505 1097 velut
1535 1040 1738 1114 generi
1767 1038 2066 1098 Diomedis

61 1122 166 1181 hoc
194 1122 543 1197 tribuentes,
576 1121 898 1200 aedemque
932 1140 1058 1181 eam
1096 1123 1310 1182 cotidie
1345 1122 1523 1199 pleno
1560 1131 1792 1221 gutture
1833 1124 2063 1183 maden-

62 1205 202 1264 tibus
247 1208 456 1284 pennis
500 1206 771 1303 perluunt
813 1214 986 1283 atque
1036 1206 1373 1283 purificant,
1422 1206 1573 1266 unde
1624 1208 1790 1308 origo
1836 1207 2065 1281 fabulae

62 1288 351 1351 Diomedis
385 1291 584 1349 socios
616 1292 671 1348 in
696 1307 893 1349 earum
926 1289 1156 1367 effigies
1188 1298 1457 1349 mutatos.
1572 1297 1577 1300 ’

171 1377 272 1434 45.
326 1373 495 1452 (62.)
543 1372 674 1433 Νοιι
702 1374 1072 1433 omittendum
1104 1382 1214 1449 est,
1251 1391 1379 1432 cum
1405 1373 1478 1432 de
1511 1375 1758 1450 ingeniis
1796 1374 2030 1433 disseri·
2052 1385 2150 1438 128

61 1474 206 1533 muS,
239 1478 273 1519 e
304 1458 646 1518 volucribus
699 1458 1033 1517 hirundines
1081 1458 1348 1517 indocilis
1392 1474 1558 1532 esse,
1608 1476 1642 1517 e
1686 1457 2066 1516 terrestribus

63 1544 257 1619 muris,
311 1561 443 1602 cum
475 1542 770 1620 elephanti
818 1544 974 1602 iussa
1004 1541 1251 1616 faciant,
1300 1542 1505 1600 leones
1550 1544 1745 1618 iugum
1799 1541 2062 1617 subeant,

63 1625 112 1683 in
136 1627 276 1687 mari
307 1626 472 1686 vituli
502 1634 706 1704 totque
739 1627 983 1704 piscium
1015 1644 1237 1703 genera
1269 1627 1593 1685 mitescant.

172 1712 274 1773 46.
327 1710 495 1789 (63.)
541 1710 749 1769 Bibunt
785 1728 929 1770 aves
964 1720 1130 1770 suctu
1162 1728 1238 1769 ex
1271 1710 1362 1770 his
1406 1710 1614 1789 quibus
1644 1711 1840 1786 ‘longa
1872 1710 2028 1771 c'ol‘la
2050 1721 2151 1775 129

65 1792 491 1855 intermittentes
533 1804 592 1854 et
629 1795 825 1872 capite
896 1796 1231 1874 resupinato
1292 1793 1452 1855 velut
1503 1795 1869 1856 infundentes
1934 1795 2061 1855 sibi.

56 1882 371 1957 »porphyrio
397 1879 559 1938 solus
582 1896 776 1938 morsu
800 1879 962 1938 bibit.
1009 1881 1163 1940 idem
1190 1888 1279 1939 est
1303 1881 1544 1958 proprio
1571 1897 1814 1957 genere,
1842 1898 2066 1940 omnem

66 1963 235 2023 cibum
270 1970 425 2042 aqua
455 1963 716 2022 subinde
713 1964 1026 2040 tinguenS,
1065 1964 1275 2024 deinde
1313 1965 1466 2043 pede
1503 1964 1573 2024 ad
1606 1973 1854 2024 rostrum
1886 1967 2064 2026 veluti

63 2062 209 2107 manu
260 2048 558 2108 adferens
637 2046 1014 2107 laudatissimi
1070 2049 1127 2107 in
1175 2047 1584 2125 Commagene.
1647 2059 1836 2131 rostra
1892 2051 1962 2108 iis
2007 2059 2066 2109 et

64 2133 370 2208 praelonga
405 2149 572 2191 crura
602 2130 828 2190 rubent.

172 2220 273 2277 47.
313 2215 483 2314 (645)
542 2214 701 2274 Haec
756 2215 986 2292 quidem
1029 2223 1089 2274 et
1136 2214 1528 2293 himantopodi
1575 2217 1753 2276 multo
1804 2218 2152 2290 minor1,130

65 2313 391 2379 quamquam
426 2301 480 2357 in
512 2299 717 2359 eadem
750 2317 976 2358 crurum
1008 2298 1322 2358 altitudine.
1384 2301 1638 2360 nascitur
1670 2302 1730 2361 in
1763 2300 2059 2378 Aegypto,

67 2382 254 2444 insistit
286 2385 471 2442 ternis
501 2383 715 2459 digitis.
776 2386 1095 2462 praecipue
1131 2384 1188 2442 ei
1230 2382 1503 2461 pabulum
1533 2400 1788 2444 muscae.
1848 2387 1972 2444 vita
2007 2386 2064 2443 in

63 2463 206 2527 ltalia
239 2469 449 2546 paucis
484 2467 710 2526 diebuS.

171 2553 349 2631 (65.)
398 2550 728 2613 Graviores
744 2568 944 2610 omnes
986 2551 1156 2649 fruge
1191 2559 1537 2625 vescuntur,
1572 2551 1847 2612 altivolae
1891 2571 2064 2614 carne

65 2639 281 2695 tantam.
352 2636 504 2694 inter
541 2636 837 2712 aquaticas
880 2637 1064 2712 mergi
1112 2636 1224 2695 soli
1278 2636 1542 2695 dicuntur
1583 2637 1868 2743 devorare
1915 2655 2063 2714 quae

68 2729 290 2780 ceterae
322 2719 590 2779 reddunt.

173 2804 352 2889 (66.)
397 2801 637 2862 Olornm
685 2802 1107 2862 similitudinem
1138 2804 1466 2864 onocrotali
1505 2804 1750 2878 habent,
1801 2821 1913 2863 nec
1947 2804 2026 2862 di·
2049 2812 2149 2866 131

67 2893 203 2948 stare
237 2882 726 2948 existimarentur
761 2888 1011 2962 omnino,
1044 2889 1151 2946 nisi
1189 2888 1453 2950 faucibus
1494 2889 1636 2966 ipsis
1667 2890 1889 2947 inesset
1919 2888 2062 2947 alte·

66 2970 166 3030 rius
188 2973 345 3033 uteri
379 2989 586 3047 genus.
644 2972 758 3032 huc
788 2974 973 3030 omnia
999 2973 1357 3050 inexplebile
1381 2972 1586 3032 animal
1611 2974 1898 3070 congerit,
1924 2973 2065 3031 mira

64 3062 116 3111 ut
145 3058 216 3117 sit
248 3057 569 3134 capacitas.
631 3073 766 3115 mox
796 3057 1060 3134 perfecta
1090 3058 1292 3134 rapina
1335 3057 1547 3117 sensim
1566 3057 1708 3116 :inde
1745 3058 1803 3115 in
1834 3073 1902 3116 os
1930 3055 2063 3115 red-

65 3135 167 3199 dita
197 3142 266 3200 <in
313 3157 514 3199 veram
563 3140 753 3199 alvum
777 3178 786 3185 -
810 3141 1141 3199 ruminantis
1188 3141 1372 3200 -modo
1435 3140 1636 3200 refert.
1676 3139 1893 3200 ¹Gallia
1956 3140 2066 3201 hos

68 3224 498 3300 septentrionali
529 3240 810 3301 proxuma
842 3239 1070 3283 oceano
1098 3226 1283 3283 mittit.
1990 3257 2011 3271 κ

181 3309 354 3387 (67.)
403 3307 468 3366 Ιιι
498 3307 790 3382 Hercynio
823 3306 1164 3368 Germaniae
1197 3310 1345 3368 saltn
1369 3309 1654 3369 invisitata
1679 3327 1896 3387 genera
1928 3309 2029 3368 ali·
2050 3318 2150 3371 132

69 3395 168 3452 tum
206 3392 1048 3471 accipimusquarum·plumae
1089 3393 1301 3470 ignium
1331 3392 1504 3453 modo
1541 3394 1886 3454 conluceant
1925 3411 2062 3453 noc-
