2320 3650
101 81 214 142 118
841 92 902 142 c.
939 93 1130 148 PLINI
1171 92 1472 143 summm

99 248 317 309 coloris
362 247 546 309 omnis
596 248 845 308 ostendit
886 250 1097 328 piscis,
1148 249 1288 309 nihil
1332 258 1494 310 extra
1537 249 1693 310 illam
1740 269 1945 332 aquam
1987 251 2103 315 dif-

14 343 116 400 232
139 333 401 394 ferentis,
449 323 525 392 'In
570 330 843 392 Comensi
888 334 1044 393 iuxta
1089 332 1314 393 Larium
1364 334 1552 393 lacum
1589 335 1719 394 fons
1763 336 1961 413 largus
1989 337 2099 397 ho·
2206 407 2221 414 ,

94 419 181 479 ris
209 418 450 493 singulis
482 430 714 495 semper
744 417 1068 477 intumescit
1101 436 1173 477 ac
1202 418 1439 478 residet.
1503 417 1568 478 In
1602 417 1879 493 Cydonea
1908 420 2101 481 insula

97 509 230 562 ante
261 500 510 561 Lesbum
543 501 674 560 fons
710 501 930 561 calidus
976 519 1119 561 vere
1164 510 1375 562 tantum
1417 501 1556 562 fluit.
1617 501 1802 568 Lacus
1834 505 2097 564 Sannaus

95 587 156 644 in
178 584 318 645 Asia
346 586 499 645 circa
531 594 806 645 nascente
837 585 1122 646 absinthio
1146 586 1412 646 inlicitur.
1459 583 1806 664 Colophone
1830 588 1887 646 in
1911 587 2098 667 Apol·
2122 614 2149 654 5

97 670 230 730 linis
262 667 436 730 Clarii
478 687 660 748 specu
700 669 904 729 lacuna
943 678 1033 728 est
1074 672 1236 730 cuius
1269 678 1409 748 potu
1438 671 1580 729 mira
1621 671 1937 731 redduntur
1967 689 2098 732 ora·

99 754 261 829 cula,
312 753 626 814 bibentium
661 752 935 813 breviore
966 755 1101 813 vita.
1163 754 1363 813 Amnis
1392 763 1552 832 retro
1584 754 1768 814 fluere
1805 765 1864 815 et
1897 765 2101 816 nostra

96 838 236 898 vidit
276 847 436 897 aetas
478 837 731 897 Neronis
774 838 1052 916 principis
1096 838 1410 917 supremis,
1456 840 1604 898 sicut
1646 839 1705 898 in
1747 839 1925 900 rebus
1970 840 2101 899 eius

12 934 117 990 233
139 921 455 983 retulimus.
517 921 633 981 Iam
666 922 847 981 omnis
891 921 1065 982 fontis
1098 931 1321 983 aestate
1356 940 1523 1001 quam
1553 922 1741 983 hieme
1776 923 2100 1001 gelidiores

102 1024 236 1069 esse
269 1023 440 1083 quem
472 1002 662 1065 fallit?
721 1006 883 1066 Sicut
921 1005 1021 1066 illa
1063 1007 1313 1085 permira
1359 1015 1594 1066 naturae
1641 1024 1853 1086 opera,
1903 1025 2005 1068 aes
2037 1014 2101 1066 et
2119 1026 2174 1069 1o

97 1088 392 1172 plumbum
408 1090 465 1148 in
487 1107 676 1150 massa
697 1091 906 1167 mergi,
941 1090 1233 1151 dilatatum
1262 1090 1507 1167 fluitare,
1545 1092 1920 1170 eiusdemque
1952 1106 2098 1170 pon-

100 1174 259 1236 deris
288 1174 400 1234 alia
434 1173 628 1233 sidere
675 1173 785 1234 alia
826 1174 1037 1235 invehi.
1094 1191 1273 1234 onera
1314 1176 1372 1234 in
1414 1193 1563 1255 aqua
1596 1174 1824 1235 facilius
1852 1175 2096 1235 moveri.

100 1257 366 1333 Scyrium
394 1256 645 1336 lapidem
673 1260 930 1337 quamvis
954 1258 1234 1336 grandem
1261 1258 1537 1334 innatare,
1573 1259 1933 1339 eundemque
1959 1275 2098 1318 con·

99 1344 367 1402 minutum
405 1343 610 1419 mergi.
663 1344 919 1403 recentia
964 1342 1252 1404 cadavera
1290 1342 1364 1403 ad
1407 1343 1614 1404 vadum
1660 1342 1812 1418 labi,
1859 1343 2098 1402 intume-

102 1428 325 1488 scentia
355 1426 556 1487 attolli.
618 1427 804 1487 inania
836 1444 977 1486 vasa
1018 1427 1154 1488 haut
1185 1426 1413 1488 facilius
1444 1444 1614 1506 quam
1647 1426 1820 1505 plena
1851 1425 2097 1487 extrahi.
2119 1442 2174 1486 1⁵

101 1511 328 1591 pluvias
373 1511 569 1571 salinis
614 1529 792 1591 aquas
823 1511 1086 1571 utiliores
1118 1529 1252 1571 esse
1301 1519 1469 1589 quam
1497 1511 1786 1589 reliquas,
1830 1528 1941 1571 nec
1973 1510 2102 1570 lieri

15 1603 125 1661 234
145 1597 326 1657 salem
347 1596 457 1655 uisi
481 1595 746 1655 admixtis
770 1594 1054 1655 dulcibus.
1081 1597 1328 1656 marinas
1351 1595 1563 1655 tardius
1585 1594 1812 1672 ge'lare,
1846 1594 2103 1658 celerius

103 1681 365 1741 accendi.
412 1679 601 1739 hieme
631 1697 788 1739 mare
822 1679 1062 1740 calidius
1094 1698 1252 1755 esse,
1289 1679 1613 1739 autumnale
1644 1678 1873 1739 salsius.
1929 1696 2104 1739 omne

105 1762 666 1842 oleo'tranquillari,
717 1772 777 1824 et
823 1763 897 1823 ob
929 1763 987 1823 id
1021 1764 1295 1824 urinantis
1326 1780 1429 1824 ore
1469 1780 1786 1843 spargere,
1833 1763 2104 1845 quoniam

103 1847 333 1926 mitiget
368 1857 624 1908 naturam
673 1865 938 1926 asperam
983 1849 1292 1929 lucemque
1344 1848 1633 1926 deportet.
1689 1848 1836 1907 nivis
1878 1848 1936 1907 in
1981 1847 2170 1909 altoao

103 1935 246 1992 mari
280 1949 396 1992 non
429 1931 661 1992 cadere.
716 1950 844 1992 cum
875 1935 1055 1993 omnis
1084 1952 1235 2012 aqua
1264 1932 1545 1992 deorsum
1563 1931 1814 2007 feratur,
1859 1931 2102 1991 exsilire

103 2017 314 2094 fontis,
352 2025 524 2095 atque
562 2016 732 2077 etiam
760 2017 817 2075 in
849 2016 1075 2077 Aetnae
1105 2016 1428 2093 radicibus,
1476 2016 1768 2093 flagrantis
1799 2017 1856 2075 in
1887 2024 2102 2075 tantum

105 2108 169 2159 ut
198 2102 635 2182 quinquagena,
685 2110 930 2162 centena
969 2100 1125 2164 milia
1171 2118 1443 2181 passuum
1472 2100 1717 2161 harenas
1748 2099 2103 2161 flammarum

107 2185 288 2260 globo
322 2194 565 2246 eructet.

18 2274 125 2330 235
246 2271 455 2350 (107.)
487 2268 721 2349 Iamque
754 2278 814 2330 et
843 2269 1075 2348 ignium,
1107 2267 1264 2347 qnod
1298 2277 1389 2328 est
1417 2277 1654 2329 naturae
1686 2276 1946 2347 quartum
1978 2267 2174 2337 ele-25

105 2364 376 2430 mentum,
414 2354 718 2415 reddamus
749 2354 942 2434 aliqua
971 2353 1270 2429 miracula,
1310 2352 1414 2413 sed
1448 2355 1689 2432 primum
1720 2371 1799 2413 ex
1828 2352 2015 2431 aquis.

239 2438 375 2498 104.
412 2436 619 2518 (108.)
652 2437 716 2499 Iu
740 2437 889 2497 urbe
920 2434 1341 2514 Commagenes
1373 2438 1671 2497 Samosata
1715 2445 1979 2513 stagnum
2013 2442 2111 2511 est

108 2522 374 2584 emittens
405 2522 597 2583 limum
631 2522 928 2601 (maltham
956 2524 1199 2601 vocant)
1232 2521 1587 2599 flagrantem.
1647 2519 1787 2580 Cum
1811 2520 1947 2598 quid
1977 2521 2105 2603 atti-

105 2609 191 2687 git
220 2606 420 2682 solidi,
474 2607 766 2667 adhaeret.
822 2615 1132 2685 praeterea
1177 2614 1334 2666 tactu
1365 2607 1623 2684 sequitur
1663 2604 1956 2681 fugientis.
2018 2604 2110 2663 sic

108 2692 430 2753 defendere
460 2708 653 2751 muros
693 2699 1059 2769 oppugnante
1088 2688 1350 2765 Lucullo,
1384 2688 1780 2768 flagrabatque
1812 2688 1983 2747 miles
2013 2705 2103 2746 ar-
2126 2709 2183 2752 ao

107 2777 213 2836 mis
244 2776 383 2836 suiS.
443 2776 608 2855 aquis
642 2776 812 2835 etiam
854 2775 1207 2835 accenditur.
1255 2783 1410 2834 terra
1447 2780 1661 2833 tantum
1689 2773 1972 2850 restingui
2003 2771 2108 2832 do-

110 2879 286 2920 cuere
318 2863 730 2940 experimenta.

241 2944 379 3004 105.
416 2944 623 3023 (109.)
674 2942 887 3003 Similis
930 2951 1021 3002 est
1051 2950 1253 3003 natura
1293 2939 1602 3019 naphthae.
1658 2941 1734 3000 ita
1775 2938 2115 3021 appellatur

112 3028 266 3087 circa
294 3027 666 3103 Babyloniam
701 3037 759 3087 et
787 3028 845 3086 in
866 3026 1173 3086 Astacenis
1205 3026 1467 3085 Parthiae
1498 3024 1790 3104 profluens
1821 3021 2116 3083 bituminis

111 3110 311 3189 liquidi
343 3111 536 3170 modo.
594 3110 741 3171 Huic
769 3129 972 3187 magua
1004 3110 1272 3187 cognatio
1305 3110 1547 3187 ignium,
1583 3108 2187 3186 transiliuntqueincs
2262 3184 2268 3187 ¹

115 3212 241 3254 eam
288 3194 548 3272 protinus
602 3195 1001 3273 undecumque
1043 3196 1245 3254 visam.
1305 3196 1387 3265 ita
1424 3194 1610 3256 fertur
1637 3209 1670 3252 a
1699 3189 1909 3251 Medea
1939 3191 2113 3270 pelli-

117 3294 245 3337 cem
286 3286 625 3352 crematam,
670 3287 976 3357 postquam
1019 3278 1413 3339 sacrificatura
1457 3276 1531 3339 ad
1572 3293 1703 3338 aras
1745 3282 2115 3353 accesseratS

118 3376 333 3421 corona
364 3360 497 3437 igne
528 3369 712 3439 rapta.
