2320 3650
599 114 762 161 ΝΑΤ.
795 112 978 161 ms‘r.
1017 112 1062 159 1.
1112 97 1294 182 (xm.
1331 112 1512 161 x1111.
1545 96 1690 177 XV.)
2056 71 2079 87 ’
2122 96 2199 155 27

185 273 429 352 primum
460 269 578 335 vini
610 278 880 349 quattuor
908 286 1128 345 genera
1159 266 1369 346 posita.
1434 267 1578 346 (18)
1618 286 1694 327 ex
1737 267 2007 331 labrusca
2040 284 2197 340 usuS,

184 366 243 416 et
278 357 411 434 quis
454 352 1097 431 frigidissimus-natura
1129 371 1321 411 sucus.
1394 351 1539 430 (19)
1575 352 1691 411 vini
1746 352 1942 411 ficticii
1976 368 2200 428 genera

182 440 385 501 LXVI.
444 438 592 519 (20)
618 436 945 513 hydromeli
976 439 1102 497 sive
1132 436 1496 510 melicraton,
1552 436 1697 515 (21)
1724 436 1996 511 oxymeli.
2052 434 2197 513 (22)

179 526 297 584 vini
345 522 673 602 prodigiosi
712 540 933 599 genera
962 519 1089 582 XII.
1163 520 1308 601 (23)
1359 520 1568 600 quibus
1608 522 1755 580 vinis
1800 521 1871 581 ad
1920 538 2087 581 sacra
2123 519 2199 578 uti

134 632 162 670 ⁵
183 628 300 671 non
326 611 399 668 sit
431 607 541 668 fae.
587 606 722 685 (24.
753 605 889 684 25.)
927 606 1134 686 quibus
1165 605 1483 682 generibus
1528 613 1711 665 musta
1748 605 2015 665 condiant
2050 598 2194 688 [25.

146 695 254 754 ‘de
292 695 468 772 pice,
500 686 778 777 resinis).
847 690 992 769 (26)
1031 691 1105 751 de
1137 699 1342 765 aceto,
1381 691 1454 750 de
1486 689 1677 749 faece.
1746 688 1890 768 (27)
1924 689 1997 748 de
2040 690 2198 748 vasis

176 779 452 851 vinariis,
491 777 568 836 de
601 775 788 836 celliS.
844 773 989 854 (28)
1027 775 1101 834 de
1139 774 1444 835 ebrietate.
1522 773 1666 853 (29)
1702 793 1776 834 ex
1812 791 1959 853 aqua
1992 780 2048 832 et
2079 772 2193 832 fru-

177 863 355 940 gibus
385 861 503 920 vini
536 861 652 920 vim
682 860 827 919 fieri.
890 860 1151 920 Summa:
1208 877 1307 919 res
1340 867 1398 919 et
1428 858 1704 920 historiae
1739 868 1798 919 et
1832 857 2193 918 observatio·

178 966 288 1008 nes
329 945 459 1006 DX.
1485 950 1498 973 ⁸

109 1054 161 1094 10
308 1030 403 1091 Ex
435 1029 800 1090 auctoribus:
845 1027 1122 1089 Cornelio
1153 1021 1490 1103 Valeriano,
1524 1027 1826 1105 Vergilio,
1848 1025 2049 1102 Celso,
2085 1023 2193 1087 Ca-

177 1127 318 1178 tone
354 1116 665 1189 censorio,
710 1114 980 1174 Sasernis
1024 1123 1189 1191 patre
1228 1121 1287 1172 et
1316 1112 1467 1187 filio,
1513 1113 1754 1188 Scrofa,
1789 1110 1865 1170 M.
1903 1112 2191 1185 Varrone,

176 1202 252 1262 l).
286 1201 523 1276 Silano,
572 1197 752 1258 Fabio
798 1197 1064 1272 Pictore,
1118 1197 1353 1273 Trogo,
1398 1196 1662 1274 Hygino,
1708 1196 1925 1257 Flacco
1955 1196 2190 1269 Verrio,

179 1286 506 1358 Graecino,
553 1283 697 1348 Iulio
729 1282 959 1358 Attico,
1005 1280 1363 1356 Columella,
1401 1279 1684 1341 Massurio
1717 1280 1969 1357 Sabino,
2007 1279 2192 1340 Fene-

179 1369 391 1444 stella,
427 1367 716 1444 Tergilla,
751 1365 978 1426 Maccio
1009 1366 1243 1440 Plauto,
1278 1365 1517 1440 Flavio,
1551 1365 1846 1440 Dossen0,
1879 1365 2192 1437 Scaevola,

108 1472 160 1513 15
177 1453 379 1528 Aelio,
414 1451 589 1511 Ateio
624 1450 940 1530 Capitone,
977 1448 1145 1510 Cotta
1178 1449 1516 1524 Messalino,
1547 1449 1610 1509 L.
1646 1450 1878 1524 Pisone,
1912 1449 2192 1527 Pompeio

174 1538 438 1612 Lenaeo,
472 1535 758 1610 Fabiano,
794 1536 994 1595 Sextio
1027 1534 1243 1613 Nigro,
1276 1533 1451 1594 Vibio
1485 1532 1657 1593 Rufo.
1721 1533 2026 1593 Externis:
2077 1531 2191 1592 He·

177 1623 385 1697 siodo,
434 1618 874 1699 Theophrasto,
915 1620 1276 1694 Aristotele,
1315 1618 1689 1694 Democrito,
1734 1619 1990 1680 Hierone
2020 1635 2189 1694 rege,

177 1705 377 1767 Attalo
401 1723 572 1782 rege,
599 1703 987 1765 Philometore
1012 1723 1181 1781 rege,
1209 1703 1489 1780 Archyta,
1516 1702 1929 1782 Xenophonte,
1953 1702 2190 1780 Amphi·

175 1790 357 1852 locho
395 1789 725 1866 Athenaeo,
757 1789 1071 1868 Anaxipoli
1098 1788 1334 1866 Thasio,
1369 1788 1737 1867 Apollodoro
1770 1788 2029 1864 Lemnio,
2063 1787 2190 1847 Ari-

104 1897 159 1939 ιο
182 1876 472 1955 stophane
495 1874 745 1950 Milesio,
769 1872 1060 1951 Antigono
1087 1872 1365 1950 Cymaeo,
1392 1873 1723 1950 Agathocle
1750 1872 1917 1949 Chio,
1943 1872 2191 1954 Apollo-

175 1963 274 2020 nio
309 1960 702 2037 Pergameno,
739 1958 1081 2018 Aristandro
1116 1957 1459 2033 Athenaeo,
1491 1959 1707 2033 Botrye
1737 1958 1895 2034 item,
1937 1956 2191 2017 Bacchio

176 2045 435 2120 Milesio,
466 2044 648 2103 Bione
679 2041 965 2117 Solense,
987 2041 1253 2103 Chaerea
1282 2042 1665 2118 Atheniense,
1700 2041 2007 2103 Chaeristo
2033 2042 2189 2114 item,

175 2130 442 2191 Diodoro
475 2128 778 2201 Prienaeo,
809 2126 999 2187 Dione
1033 2125 1426 2206 Colophonio,
1461 2126 1728 2205 Epigene
1758 2126 2010 2201 Rhodio,
2041 2124 2190 2184 Eua-

178 2232 337 2291 gone
370 2212 618 2287 Thasio,
664 2209 1002 2289 Euphronio
1033 2210 1373 2289 Athenaeo,
1407 2210 1768 2271 Androtione
1791 2213 1902 2289 -qui
1933 2212 2007 2271 de
2040 2210 2190 2287 agri-

106 2320 160 2361 25
185 2298 411 2358 cultura
449 2297 716 2375 scripsit,
765 2294 1133 2356 Aeschrione
1174 2299 1270 2375 qui
1311 2298 1483 2371 item,
1528 2293 1870 2370 Lysimacho
1902 2296 1998 2373 qui
2029 2296 2188 2370 item,

177 2382 464 2458 Dionysio
499 2382 595 2459 qui
623 2379 931 2456 Magonem
971 2381 1287 2456 transtulit,
1327 2379 1635 2458 Diophane
1668 2381 1770 2460 qui¹¹
1797 2398 1872 2455 ex
1906 2379 2189 2455 Dionysio

78 2463 87 2478 '
178 2470 481 2546 epitomen
512 2465 685 2541 fecit,
722 2464 1084 2543 Asclepiade
1115 2466 1377 2541 medico,
1412 2462 1775 2541 OnesicritO,
1811 2463 1951 2524 Iuba
1980 2482 2146 2540 rege.

304 2551 482 2611 Libro
498 2547 626 2608 XV.
670 2550 1033 2608 continentur
1062 2557 1299 2609 naturae
1330 2549 1737 2625 frugiferarum
1766 2548 2054 2609 arborum.
2117 2546 2184 2624 (1

177 2634 332 2715 —·8)
364 2634 457 2695 De
486 2633 620 2694 olea
649 2627 962 2717 (quamdiu
982 2631 1135 2711 'apud
1162 2633 1424 2694 Graecos
1447 2642 1659 2695 tantum
1682 2634 1911 2695 fuerint.
1957 2630 2186 2709 quando

109 2723 421 2801 aopi-imum
450 2721 510 2778 in
548 2718 747 2792 Italia,
788 2716 1097 2795 Hispania,
1146 2716 1351 2777 Africa
1384 2729 1520 2777 esse
1555 2719 1878 2797 coeperint.
1946 2714 2003 2772 2.
2038 2732 2189 2793 quae

176 2814 415 2865 naturae
462 2802 658 2863 olivae
705 2810 763 2868 et
807 2801 926 2861 olei
971 2793 1319 2880 incipientis
1384 2801 1441 2862 3.
1488 2804 1561 2863 de
1612 2804 1769 2862 oleo.
1816 2799 2081 2860 nationes
2130 2801 2195 2857 et'
2266 2828 2279 2837 -

177 2889 473 2950 bonitates
512 2887 649 2947 olei.
721 2886 782 2946 4.
825 2885 1105 2945 olivarum
1145 2904 1367 2963 genera
1400 2885 1528 2945 XV.
1596 2888 1653 2946 5.
1702 2886 1775 2945 de
1815 2891 2015 2944 natura
2045 2883 2185 2943 olei.

177 2973 235 3034 6.
277 2972 505 3033 cultura
535 2970 813 3051 olearum.
865 2971 938 3030 de
968 2972 1269 3031 servandis
1299 2971 1489 3031 olivis.
1536 2970 1829 3049 quomodo
1862 2968 2188 3028 faciendum

176 3058 248 3117 sit
272 3057 492 3117 oleum.
549 3057 606 3115 7.
635 3055 754 3115 olei
777 3055 973 3114 ficticii
997 3069 1218 3131 genera
1240 3053 1493 3115 XLVIII.
1538 3055 1648 3113 cici
1671 3053 1848 3113 arbor
1871 3053 1995 3112 sive
2021 3061 2185 3113 croto

109 3140 300 3206 mire
335 3140 431 3200 sili
464 3141 590 3200 sive
622 3157 910 3199 sesamon.
966 3136 1024 3197 8.
1057 3139 1130 3198 de
1165 3134 1468 3224 amurca).
1516 3137 1787 3217 (9—34)
1821 3138 2050 3198 Genera
2083 3154 2185 3215 po-

174 3242 399 3286 morum
447 3233 508 3285 et
546 3233 784 3292 naturae
826 3218 1077 3308 (nucum
1110 3225 1417 3303 <pinearum
1449 3240 1669 3299 genera
1699 3221 1827 3299 1111,
1895 3222 1988 3282 10.
2024 3230 2185 3281 coto-

171 3328 420 3371 neorum
449 3317 673 3386 genera
696 3307 823 3384 IIII,
868 3307 1239 3369 struthiorum
1264 3325 1484 3383 genera
1512 3305 1641 3381 1111,
1689 3308 1782 3366 11.
1820 3306 2186 3366 Persicorum

169 3406 397 3471 genera
430 3391 564 3470 VII,
629 3390 723 3451 12.
759 3409 1069 3471 prunorum
1100 3408 1321 3469 genera
1354 3388 1482 3449 XII.
1548 3389 1641 3450 13.
1680 3391 1762 3458 de
1785 3404 2017 3467 persea.
2086 3384 2180 3443 14.
