2320 3650
116 50 237 112 218
584 20 589 38 ⁸
682 73 688 76 ·
738 61 797 109 c.
823 62 1015 110 rum
1044 59 1345 110 suenum

115 229 262 280 cant.
333 217 585 278 creditur
616 225 675 278 et
705 216 977 276 novellae
1019 215 1244 275 arboris
1281 215 1579 282 candidius
1607 234 1776 290 esse,
1823 215 1935 276 sed
1967 227 2139 279 vete·

115 306 196 363 ris
236 302 551 374 odoratius.
616 299 843 378 quidam
890 301 1033 360 etin
1060 299 1265 359 insulis
1291 299 1496 360 meiius
1530 309 1729 378 putant
1755 300 1957 377 gigni,
1990 301 2141 362 Iuba

31 398 87 450 fil
118 389 173 444 in
203 386 404 444 insulis
432 393 610 462 negat
638 385 819 441 nasci.
843 410 849 415 «
875 382 1048 457 Quod
1078 402 1156 443 ex
1187 400 1262 442 eo
1293 384 1642 444 rotunditate
1668 392 1867 461 guttae
1905 403 2138 464 pepen-

115 474 191 528 ilii
225 472 536 530 masculum
572 487 874 543 vocainim,
922 486 1050 528 oum
1087 468 1235 531 alins
1273 485 1391 528 non
1429 468 1560 528 fere
1595 485 1717 527 mas
1749 477 2004 528 vocetur
2035 470 2136 530 ubi

117 574 225 614 nnn
257 558 327 612 sit
359 556 588 613 femina.
652 553 920 628 religioni
961 552 1234 612 tributum
1273 571 1348 612 ne
1392 571 1573 612 sexus
1616 553 1767 612 alter
1812 571 2176 632 usurpare-⁵

115 652 215 698 tur.
279 640 592 698 masculum
638 638 810 714 aliqui
844 645 1039 715 putant
1085 654 1118 695 a
1162 638 1368 715 specie
1397 637 1631 696 testium
1663 637 1894 697 dictum.
1957 655 2148 716 praev

115 729 279 803 eipua
341 733 528 783 autem
586 727 768 799 gratia
822 729 908 780 est
960 737 1312 796 mammnm,
1373 738 1500 781 cum
1547 721 1830 782 haerente
1881 721 2133 784 lacrima

115 813 305 885 priore
337 819 650 867 consecuta
678 809 787 865 alia
820 804 1044 865 miscuit
1071 822 1157 866 se.
1215 804 1443 882 singula
1467 804 1617 864 haec
1640 822 1866 865 manum
1897 806 2129 884 inplere

113 897 279 951 solita
326 895 588 961 inve—nim
638 911 762 949 eum
806 889 1027 948 minore
1062 889 1366 968 diripiendi
1400 888 1673 948 aviditate
1716 889 1929 948 lentius
1965 893 2129 950 nasci

28 989 93 1040 62
115 981 337 1036 liceret.
414 977 625 1034 Graeci
665 973 971 1050 stagonian
1022 981 1081 1032 et
1120 983 1371 1033 atomum
1424 972 1527 1033 tali
1565 972 1740 1033 modo
1797 975 2128 1052 appellant,
2146 978 2198 1026 1⁰

110 1062 389 1120 minorem
421 1067 613 1117 autem
644 1056 907 1117 orobian.
970 1059 1150 1117 micas
1185 1074 1475 1117 concussu
1510 1056 1686 1116 elisas
1721 1074 1989 1119 mannam
2024 1077 2131 1118 vo-
2180 1081 2186 1084 ·
2291 1077 2293 1090 ·

113 1162 328 1204 camus.
423 1143 728 1201 etiamnum
781 1150 973 1202 tamen
1023 1142 1390 1201 inveniuntur
1438 1149 1632 1218 guttae
1691 1159 1840 1219 quae
1894 1145 2131 1202 tertiam

109 1236 334 1318 partem
365 1227 585 1300 minae,
615 1226 731 1286 hoc
774 1234 865 1285 est
895 1239 1122 1294 xxvm
1152 1226 1521 1287 denariorum
1554 1224 1812 1322 pondus,
1845 1237 2125 1305 aequent.

108 1300 447 1372 Alekandro
488 1306 699 1388 Magno
728 1312 787 1370 in
832 1310 1076 1388 pueritia
1119 1311 1245 1370 sine
1275 1309 1635 1388 parsimonia
1667 1318 1793 1370 tura
1832 1312 2129 1388 ingerenti

111 1398 225 1457 aris
262 1395 651 1474 paedagogus
693 1394 983 1472 Leonides
1030 1394 1288 1468 dixerat,
1329 1402 1391 1453 ut
1420 1392 1524 1453 illo
1555 1393 1764 1468 modo,
1802 1413 1933 1454 cum
1964 1395 2217 1473 devi-1s

112 1483 294 1540 cisset
334 1479 607 1539 turiferas
659 1481 884 1556 gentis,
932 1479 1310 1556 supplicaret.
1384 1487 1440 1536 at
1485 1476 1588 1537 ille
1630 1477 1846 1539 Arabia
1906 1482 2130 1557 potitus

109 1573 236 1625 ture
280 1572 542 1623 onustam
573 1581 780 1624 navem
816 1564 1052 1629 misitei
1084 1563 1425 1623 exhortatus
1452 1571 1513 1620 ut
1543 1561 1708 1639 large
1736 1563 1887 1622 deos
1919 1564 2131 1633 adora-

26 1657 92 1714 63
111 1657 217 1708 ret.
275 1647 392 1708 Tus
428 1647 741 1708 collectum
782 1646 1056 1707 Sabotam
1090 1647 1330 1707 camelis
1371 1646 1733 1721 convehitur,
1764 1658 1934 1724 porta
1967 1648 2042 1708 ad
2074 1649 2131 1708 id

109 1751 218 1792 una
263 1739 520 1811 patente.
576 1730 821 1808 degredi
853 1733 945 1791 via
980 1731 1192 1808 capital
1221 1748 1397 1807 reges
1438 1730 1681 1790 fecere.‘
1735 1729 1821 1792 Ibi
1849 1731 2129 1793 decumas

67 1866 73 1880 ,
109 1817 221 1876 deo
260 1834 432 1895 quem
472 1825 687 1877 vocant
717 1815 894 1876 Sabin
922 1833 1235 1891 mensura‚·
1268 1832 1384 1875 non
1429 1814 1725 1893 pondere,
1777 1817 2191 1878 sacerdotesw

109 1902 364 1978 capiunt.
434 1918 545 1960 nec
576 1910 708 1960 aute
743 1900 988 1960 mercari
1026 1900 1185 1959 licet.
1252 1901 1384 1961 inde
1418 1901 1700 1977 inpensae
1729 1900 2006 1978 publicae
2039 1912 2127 1961 to·
2200 1892 2208 1901 ’

109 1985 383 2046 letantur.
439 2002 569 2044 nam
600 1994 670 2044 et.
689 1984 944 2061 benigne
978 1993 1142 2044 certo
1175 1985 1442 2045 itinerum
1473 2001 1714 2045 numero
1746 1985 1892 2044 deus
1923 1985 2132 2065 hospi·

108 2079 199 2130 tes
235 2071 442 2148 pascit.
510 2067 699 2130 Evehi
738 2086 854 2128 non
902 2078 1099 2147 potest
1143 2070 1251 2128 nisi
1300 2086 1407 2147 per
1437 2067 1780 2143 Gebanitas,
1825 2070 2025 2148 itaque
2071 2079 2132 2130 et

24 2164 91 2219 64
112 2154 317 2214 horum
348 2154 477 2232 regi
513 2154 783 2232 penditur
813 2152 1090 2230 vectigal.
1158 2162 1330 2231 caput
1362 2169 1564 2211 eorum
1597 2152 1851 2212 Thomna
1892 2148 2066 2214 abest
2096 2171 2129 2214 a

108 2236 262 2298 Gaza
303 2238 487 2298 nostri
525 2238 713 2298 litoris
767 2239 824 2298 in
870 2236 1083 2298 Iudaea
1125 2238 1346 2315 oppido
1386 2240 1614 2304 ᾖ
1645 2250 1867 2297 xxxvl
1908 2234 2022 2297 MD
2066 2250 2192 2317 pst·

108 2322 265 2399 quod
305 2322 574 2383 dividitur
618 2323 675 2382 in
715 2323 1044 2383 mansiones
1087 2322 1440 2382 camelorum
1483 2336 1645 2383 va.
1709 2322 1853 2381 Sunt
1881 2331 1941 2381 et
1970 2340 2129 2400 quae

104 2405 513 2466 sacerdotibus
545 2406 751 2467 dantur
779 2405 1083 2484 portiones
1111 2406 1444 2485 scribisque
1483 2425 1689 2483 regum
1731 2414 1951 2465 certae.
2017 2407 2128 2466 sed

108 2498 345 2570 praeter
387 2489 498 2549 hos
542 2500 601 2550 et
643 2491 919 2551 custodes
970 2489 1374 2568 satellitesque
1412 2500 1472 2552 et
1516 2490 1738 2551 ostiarii
1779 2498 1837 2549 et
1878 2490 2136 2550 ministri>

24 2582 91 2638 65
109 2573 479 2651 populantur.
543 2573 659 2635 Iam
701 2592 1064 2654 quacumque
1105 2575 1218 2633 iter
1257 2583 1350 2634 est
1388 2574 1565 2635 aliubi
1608 2590 1717 2651 pro
1759 2590 1909 2652 aqua
1943 2573 2126 2634 aliubi

106 2675 215 2735 pro
250 2657 465 2736 pabulo
508 2666 604 2718 aut
646 2675 753 2737 pro
784 2657 1176 2718 mansionibus
1209 2659 1501 2738 variisque
1533 2658 1807 2737 portoriis
1842 2658 2121 2736 pendunt,
2139 2668 2200 2711 ⁸0·
2229 2663 2242 2678 ⁶

105 2752 167 2802 ut
205 2751 468 2821 sumptus
510 2744 568 2801 in
611 2742 876 2819 singulos
910 2743 1169 2803 camelos
1203 2740 1715 2804 X‘DCLxxxvm
1749 2742 1821 2802 ad
1861 2749 2125 2802 nostrum

107 2825 243 2886 litus
277 2826 553 2903 colligat,
602 2828 926 2904 iterumque
975 2828 1180 2904 imperi
1222 2828 1404 2886 nostri
1448 2825 1772 2905 publicanis
1830 2826 2122 2903 penditur.

106 2910 305 2989 itaque
333 2912 552 2988 optumi
595 2912 736 2971 turis
769 2910 923 2971 libra
957 2908 1013 2969 X
1044 2923 1117 2969 vl
1146 2912 1394 2987 pretium
1426 2910 1637 2984 habet,
1675 2907 2144 2987 secundoli-ve
2232 2986 2237 2992 Ι

103 2996 275 3054 tertia
316 2993 371 3054 X
398 3007 499 3055 111.
562 2995 919 3056 adulteratur
958 2994 1109 3071 apud
1153 3012 1262 3054 nos
1290 2995 1522 3055 resinae
1568 2993 1859 3055 candidae
1889 3008 2122 3070 gemma

36 3095 85 3129 so
106 3093 388 3153 perquam
419 3078 625 3153 simili,
671 3078 777 3138 sed
808 3078 1264 3156 deprehenditur
1296 3078 1503 3156 quibus
1537 3077 1755 3139 dictum
1785 3085 1876 3138 est
1904 3077 2113 3138 modis.
2133 3083 2188 3127 δῦ

108 3156 386 3233 probatur
416 3162 709 3237 candore,
741 3162 1146 3239 amplitudine,
1189 3161 1535 3238 fragilitate,
1580 3161 1870 3236 carbone,
1903 3171 1967 3221 ut
2000 3171 2118 3223 sta-

105 3238 477 3376 {irritat-dem,
525 3245 661 3303 item
705 3263 776 3304 ne
818 3245 1048 3305 dentem
1091 3244 1336 3321 recipiat
1376 3247 1569 3322 potius
1610 3262 1783 3324 quam
1831 3246 1889 3305 in
1933 3245 2120 3307 micas

130 3337 212 3376 rie
243 3337 308 3377 ur
1749 3362 1751 3365 Α
1887 3353 1976 3374 m„
2020 3352 2124 3382 „ml
