2320 3650
708 42 868 88 NAT.
899 42 1078 88 Hrs‘r.
1110 42 1233 88 v11.
1267 31 1478 91 9-13.‘
1512 26 1773 112 (7—11.)
1841 59 1870 79 s
2121 29 2204 89 11

199 198 384 256 rietas
431 196 791 256 multiformis
835 206 1000 256 notas
1044 198 1339 274 inprimat‚
1397 214 1522 256 cum
1574 200 1785 257 ceteris
1836 196 2210 256 animantibus

124 357 135 360 Ἰ
201 269 515 339 inmobiles
559 282 669 339 sint
717 282 887 340 animi
931 289 988 339 et
1028 282 1247 341 similes
1291 280 1552 340 omnibus
1585 281 1953 358 singulisque
2004 282 2059 338 in
2104 297 2209 339 suo

203 365 421 442 cuique
450 382 689 441 genere.
747 363 1036 423 Antiocho
1066 366 1191 441 regi
1219 364 1422 439 Syriae
1447 383 1479 423 e
1504 364 1679 442 plebe
1709 366 1937 436 nomine
1971 363 2208 434 Artemo
2227 371 2297 425 53

199 449 259 506 in
294 456 507 507 tantum
542 448 742 506 similis
774 448 877 506 fuit
907 456 967 506 ut
997 447 1249 507 Laodice
1286 450 1495 507 coniux
1526 450 1688 524 regia
1721 457 1927 507 necato
1959 450 2068 507 iam
2095 448 2209 506 An·

145 550 174 589 5
201 531 402 594 tiocho
439 531 663 590 mimum
701 550 809 610 per
852 549 980 591 eum
1027 531 1534 604 commendationis
1566 533 1849 609 regnique
1882 532 2208 590 successio-

200 617 293 673 nis
340 617 659 693 peregerit.
748 613 956 692 Magno
1002 615 1280 693 Pompeio
1323 615 1527 694 Vibius
1578 615 1802 693 quidam
1850 633 1882 673 e
1934 614 2112 692 plebe
2152 625 2210 675 et

200 697 494 758 Publicius
548 700 718 757 etiam
767 701 1047 758 servitute
1089 699 1368 758 liberatus
1413 695 1723 758 indiscreta
1770 716 1957 776 prope
2009 700 2208 774 specie

199 783 370 842 fuere
404 782 652 857 simileS‚
678 782 837 842 =illud
875 785 941 841 cs
973 781 1218 861 probum
1244 783 1556 843 reddentes
1599 784 1900 861 ipsumque
1933 781 2212 840 honorem

201 868 451 925 eximiae
498 866 721 924 frontis.
806 866 991 943 qualis
1031 885 1204 925 causa
1241 868 1388 944 patri
1431 884 1664 945 quoque
1709 867 1832 924 eius
1868 864 2210 940 Menogenis
2227 874 2297 927 54

120 967 182 1007 ιο
203 951 335 1010 coci
366 952 451 1008 sui
485 967 808 1026 cognomen
838 952 1118 1027 inposuit,
1156 952 1265 1009 iam
1297 951 1596 1021 Strabonis
1619 968 1650 1009 a
1680 951 1882 1027 specie
1915 948 2213 1008 oculorum

176 1034 468 1096 ‘habentis
512 1034 706 1093 vitium
742 1035 953 1093 imitata
1000 1042 1059 1092 et
1088 1035 1143 1093 in
1188 1052 1380 1092 servo.
1456 1035 1714 1112 Scipioni
1748 1033 2115 1111 Serapionis,
2160 1033 2209 1090 is

203 1127 330 1177 erat
385 1118 561 1176 suarii
606 1118 986 1194 negotiatoris
1030 1118 1151 1177 vile
1183 1120 1554 1195 mancipium.
1647 1117 1907 1176 eiusdem
1957 1117 2209 1177 familiae

204 1202 463 1278 Scipioni
496 1211 655 1278 post
708 1220 837 1261 eum
894 1219 1218 1277 cognomen
1269 1201 1511 1260 Salvitto
1563 1202 1766 1260 mimus
1820 1201 2007 1275 dedit,
2062 1201 2211 1260 sicut

206 1284 481 1362 Spinther
519 1286 901 1344 secundarum
935 1288 1345 1362 tertiarumque
1380 1284 1713 1361 Pamphilus
1763 1285 2020 1360 collegio
2066 1283 2209 1342 Len-

129 1389 184 1431 15
206 1368 308 1427 tuli
338 1378 394 1428 et
425 1367 646 1428 Metelli
677 1386 866 1443 coss,
907 1370 962 1427 in
991 1386 1104 1446 quo
1135 1383 1413 1450 pequam
1448 1369 1751 1445 inportune
1781 1367 2069 1428 fortuitum
2098 1366 2213 1425 hoc

207 1469 439 1531 quoque
463 1453 569 1512 fuit
587 1498 604 1528 ‚
637 1453 875 1511 duorum
897 1451 1386 1511 simulconsiilum
1412 1453 1465 1510 in
1494 1469 1705 1510 scaena
1728 1452 2007 1526 imagines
2029 1452 2207 1509 cerni.

205 1556 239 1595 e
273 1536 505 1596 diverso
536 1536 595 1597 L.
631 1537 875 1596 Plancus
908 1546 1105 1595 orator
1135 1536 1397 1595 histrioni
1433 1534 1651 1593 Rubrio
1695 1551 2019 1610 cognomen
2050 1536 2293 1611 inpo-55

207 1622 339 1679 suit.
391 1638 588 1679 rursus
617 1617 851 1679 Curioni
880 1622 1030 1698 patri
1057 1620 1432 1694 BurbuleiuS‚
1468 1620 1719 1696 itemque
1751 1616 2043 1677 Messalae
2069 1635 2209 1680 ,cen-

204 1706 363 1762 sorio
395 1702 790 1780 MenogeneS,
828 1705 1067 1782 perinde
1099 1704 1428 1763 histriones,
1484 1704 1667 1762 Surae
1702 1702 1930 1779 quidem
1962 1709 2209 1780 procon-

127 1807 185 1848 πο
205 1787 348 1848 sulis
398 1789 568 1847 etiam
620 1789 820 1869 ric-tum
864 1790 920 1847 in
968 1786 1260 1868 loquendo
1299 1778 1819 1865 intractionemque
1873 1786 2104 1863 linguae
2154 1789 2320 1845 etms*

203 1873 488 1931 sermonis
516 1872 844 1947 tumultum,
886 1889 997 1930 non
1029 1873 1334 1948 imaginem
1363 1872 1536 1931 modo
1556 1917 1571 1946 ‚
1607 1873 1866 1950 piscator
1897 1873 2123 1949 quidam
2155 1871 2210 1929 in

203 1955 419 2027 Sicilia,
441 1955 704 2014 reddidit.
794 1954 999 2015 Cassio
1044 1959 1269 2014 Severo
1322 1956 1544 2016 celebri
1596 1957 1811 2052 oratffii
1864 1955 1915 2013 A
1950 1975 2039 2023 me
2084 1955 2210 2014 tarii

201 2013 560 2098 mii’ffitlib‘ffiss
590 2038 821 2098 obiecta
853 2039 1162 2098 similitudo
1196 2049 1303 2098 est.
1362 2038 1683 2098 Thoranius
1713 2022 1883 2116 ma'iig
1987 1974 2204 2097 “risstlbhio
2227 2049 2295 2101 56

201 2126 310 2182 iam
340 2123 648 2181 triumviro
693 2124 935 2182 eximios
976 2114 1158 2181 for‘ma
1201 2139 1448 2200 ρωπος,
1495 2123 1735 2181 alterum
1767 2123 1824 2179 in
1861 2121 2002 2180 Asia
2048 2123 2207 2199 geni-

127 2225 184 2264 25
206 2217 325 2267 tum
365 2207 608 2265 alterum
656 2214 825 2283 trans*
859 2206 1056 2284 Alpis,
1103 2216 1164 2265 ut
1193 2206 1457 2281 geminos
1501 2205 1773 2275 vendidit.
1835 2214 1988 2264 tanta
2027 2207 2211 2264 unitas

205 2299 348 2350 erat.
420 2299 727 2369 postquam
772 2291 979 2350 deinde
1024 2307 1292 2348 sermone
1329 2306 1637 2366 puerorum
1675 2287 1908 2349 detecta
1940 2288 2141 2347 fraude
2178 2304 2214 2346 a

202 2375 429 2434 furente
461 2374 777 2450 increpitus
810 2374 1060 2432 Antonio
1095 2382 1215 2450 est,
1258 2375 1410 2431 inter
1440 2373 1550 2431 alia
1582 2372 2026 2446 magnitudinem
2059 2372 2210 2450 preti

206 2465 603 2536 conquerente
628 2457 787 2534 (nam
820 2458 1081 2516 ducentis
1114 2465 1238 2515 erat
1260 2466 1547 2515 mercatus
1578 2457 1932 2536 sestertiis),
1966 2474 2208 2534 respon-

204 2542 284 2606 dit
306 2551 576 2600 versutus
606 2542 799 2617 ingeni
828 2559 1036 2616 mango
1079 2541 1135 2601 id
1167 2542 1353 2617 ipsum
1391 2558 1455 2598 se
1485 2539 1625 2598 tanti
1655 2539 2019 2614 vendidisse,
2067 2558 2206 2617 quo·
2291 2528 2306 2545 χ

133 2627 350 2684 soniam
389 2643 503 2684 non
547 2634 710 2688 esset
750 2627 890 2684 mira
933 2624 1243 2683 similitudo
1285 2625 1344 2682 in
1387 2624 1520 2684 ullis
1564 2623 1773 2683 eodem
1807 2632 1973 2682 utero
2018 2623 2208 2698 editis,

207 2709 558 2769 diversarum
590 2698 1101 2786 quideifflgentium
1131 2708 1337 2767 natalis
1368 2718 1481 2767 tam
1517 2707 1799 2767 concordi
1827 2707 2009 2782 figura
2040 2725 2209 2783 repe·

204 2792 306 2851 riri
348 2811 524 2870 super
565 2810 792 2852 omnem
845 2812 979 2852 esse
1023 2794 1391 2851 taxationem.
1481 2791 1748 2869 adeoque
1804 2792 2211 2868 tempestivam

205 2875 633 2936 admirationem
662 2876 878 2957 intulit,
915 2886 976 2936 ut
1007 2876 1105 2935 ille
1137 2878 1505 2954 proscriptor
1533 2875 1750 2935 animus
1777 2875 1950 2936 modo
1982 2882 2039 2932 et
2070 2891 2205 2932 con-

204 2960 436 3020 tumelia
479 2960 677 3020 furens
710 2979 826 3021 non
869 2961 1020 3021 aliud
1058 2961 1114 3018 in
1145 2978 1324 3021 censu
1357 2959 1543 3036 magis
1588 2978 1664 3018 ex
1697 2959 1925 3018 fortuna
1962 2975 2062 3017 sua
2107 2956 2206 3019 du-

96 3098 101 3103 .
130 3059 186 3100 35
207 3054 384 3104 ceret.
814 3119 819 3125 .

331 3127 426 3188 13.
476 3129 642 3208 (11.)
713 3128 819 3188 Est
858 3128 1137 3206 quaedam
1180 3128 1445 3206 privatim
1494 3128 1830 3186 dissociatio
1876 3143 2206 3203 corporum,
2224 3134 2292 3188 57

205 3226 263 3271 et
305 3213 471 3271 inter‘
495 3231 562 3271 se
613 3212 877 3286 steriles,
931 3212 1025 3271 ubi
1066 3230 1202 3288 *cum
1246 3211 1375 3270 aliis
1423 3213 1697 3284 iunxere,
1742 3212 2013 3286 gignunt,
2060 3211 2208 3268 sicut

203 3294 501 3373 Augustus
538 3304 597 3356 et
627 3295 804 3357 Livia.
880 3298 1013 3355 item
1049 3295 1146 3355 alii
1190 3295 1455 3373 aliaeque
1488 3294 1736 3354 feminas
1772 3303 1986 3359 tantum
2027 3311 2204 3370 geue·
