2320 3650
392 99 559 147 NA'r.
598 97 779 146 ms‘r.
814 97 860 145 1.
902 82 1183 164 (mm.
1216 95 1496 144 xxxnn.
1531 46 1779 164 xxiv)
2045 80 2129 141 59

135 270 270 334 gro.·
317 253 422 313 50.
455 251 780 311 medicinae
820 267 900 309 ex
937 247 1172 327 plumbo
1198 245 1324 307 XV.
1376 248 1475 308 51.
1509 248 1829 308 medicinae
1873 265 1952 307 ex
1997 264 2127 306 sco-

132 342 217 400 ria
240 335 463 416 plumbi
486 332 617 394 XV.
670 332 771 393 52.
798 333 1060 411 spodium
1094 350 1171 392 ex
1199 330 1455 409 plumbo.
1498 330 1598 391 53.
1625 332 1697 391 de
1722 330 2124 405 molybdaena.

130 421 455 481 medicinae
489 436 569 476 ex
598 434 670 476 ea
710 415 837 475 XV.
912 416 1011 475 54.
1061 414 1425 493 psimythium
1474 415 1597 473 sive
1643 433 1899 474 cerussa.
1949 414 2128 473 medi-

130 507 292 566 cinae
329 520 411 562 ex
442 519 517 561 ea
548 497 648 558 VI.
707 499 807 558 55.
842 499 1177 559 sandaraca.
1208 497 1530 557 medicinae
1563 516 1639 558 ex
1668 517 1737 558 ea
1765 497 1868 558 XI.
1912 499 2012 559 56.
2040 515 2128 557 ar-

86 581 458 670 menicum).
519 584 779 643 Summa:
813 582 1133 642 medicinae
1165 578 1418 647 CLVIII.
1463 580 1556 640 Ex
1588 582 1660 639 iis
1692 582 1763 642 ad
1791 583 1950 641 canis
1976 598 2128 640 mor-

125 689 259 747 sus,
292 669 369 730 ad
406 675 612 745 caput,
665 664 1000 742 alopecias,
1051 664 1257 724 oculos
1287 663 1483 739 XXV,
1538 665 1721 738 auris,
1775 666 1958 740 naris,
2011 665 2131 723 oris

124 755 284 829 vitia,
321 753 549 829 leprae,
582 749 878 825 gingivas,
912 748 1123 823 dentis,
1156 765 1351 823 uvam,
1384 748 1659 824 pituitam,
1692 747 1898 823 saucia,
1927 747 2127 806 tonsil-

122 836 235 913 las,
272 835 566 911 anginam,
597 831 816 907 tussim,
847 831 1225 905 vomitiones,
1256 839 1495 907 pectus,
1530 830 1903 905 stomachum,
1942 830 2128 908 suspi-

122 921 232 996 ria,
266 918 475 979 lateris
504 915 780 990 dolores,
811 914 1108 991 splenem,
1142 922 1439 990 ventrem,
1470 923 1824 991 tenesmum,
1857 913 2127 988 dysente-

62 1020 110 1066 ιο
123 1005 302 1077 riam,
336 999 578 1073 sedem,
608 996 895 1073 verenda,
929 996 1264 1074 sanguinem
1294 997 1641 1073 sistendum,
1678 996 1990 1075 podagras,
2027 996 2128 1071 hy·

125 1086 434 1164 dropicos,
459 1080 683 1156 ulcera,
708 1079 949 1140 volnera
970 1077 1184 1154 XXVI,
1212 1089 1543 1157 suppurata,
1570 1098 1728 1157 ossa,
1752 1080 2127 1158 paronychia,

124 1170 325 1247 ignem
356 1182 621 1239 sacrum,
656 1163 1125 1239 haemorroidas,
1152 1163 1412 1239 fistulas,
1447 1164 1676 1240 callum,
1713 1164 1970 1242 pusulas,
2002 1181 2129 1224 sca-

124 1250 307 1326 biem,
325 1248 660 1322 cicatrices,
684 1246 932 1322 infantis,
955 1245 1259 1319 muliebria
1279 1247 1436 1322 vitia,
1462 1246 1821 1325 psilothrum,
1838 1246 2131 1307 Venerem

123 1333 527 1407 inhibendam,
558 1329 634 1389 ad
660 1346 891 1405 vocem,
924 1338 1123 1390 contra
1155 1329 1597 1407 lymphationes.
1653 1332 1908 1391 Summa:
1944 1348 2042 1390 res
2073 1339 2132 1389 et

58 1439 104 1482 15
121 1417 412 1481 historiae
444 1423 506 1473 et
532 1411 980 1473 observationes
1009 1410 1398 1472 Dccccxv.

247 1499 348 1561 Ex
379 1495 746 1559 auctoribus:
800 1495 862 1555 1..
899 1496 1142 1570 Pisone,
1180 1495 1436 1571 Antiate,
1466 1495 1700 1571 Verri0,
1730 1494 1807 1555 Μ.
1840 1495 2128 1571 Varrone,

118 1582 411 1645 Cornelio
442 1578 699 1658 Nepote,
729 1576 1003 1655 Messala,
1034 1577 1209 1654 Rufo,
1239 1578 1433 1639 Marso
1467 1588 1664 1657 poeta,
1691 1578 1951 1655 Boccho,
1981 1578 2127 1638 Iulio

115 1667 347 1740 Basso,
396 1664 495 1742 qui
532 1663 608 1722 de
649 1661 934 1723 medicina
979 1661 1206 1723 Graece
1251 1663 1510 1740 scripsit,
1557 1664 1759 1723 Sextio
1801 1661 1984 1740 Nigro
2033 1663 2130 1742 qui

117 1752 283 1827 item,
314 1746 502 1808 Fabio
533 1745 795 1805 Vestale.
858 1745 1162 1807 Externis:
1215 1744 1575 1822 Democrit0,
1612 1746 1947 1806 Metrodoro
1985 1745 2128 1807 Sce-

54 1836 289 1914 wpsio,
338 1829 722 1891 Menaechmo
771 1831 868 1910 qui
904 1831 980 1890 de
1023 1831 1309 1890 toreutice
1346 1831 1611 1909 scripsit,
1661 1830 1993 1891 Xenocrate
2032 1832 2130 1910 qui

112 1921 295 1992 item,
341 1914 639 1990 Antigono
682 1913 779 1994 qui
822 1915 994 1989 item,
1051 1913 1271 1973 Duride
1314 1913 1409 1991 qui
1454 1915 1620 1990 item,
1671 1914 1989 1974 Heliodoro
2032 1915 2130 1993 qni

114 1997 568 2062 Atheniensium
590 1996 947 2057 anathemata
968 1997 1223 2074 scripsit,
1250 1996 1501 2057 Pasitele
1527 1998 1622 2075 qui
1641 1997 1923 2057 mirabilia
1947 2014 2131 2075 opera

117 2082 399 2161 scripsit,
459 2079 696 2140 Timaeo
739 2081 835 2158 qui
877 2080 949 2139 de
990 2079 1276 2140 medicina
1318 2079 1609 2140 metallica
1645 2081 1909 2159 scripsit,
1954 2080 2129 2155 Nym·

115 2166 432 2245 phodoro,
476 2162 657 2237 Iolla,
708 2161 1109 2242 Apollodoro,
1138 2162 1411 2239 Andrea,
1458 2163 1802 2239 Heraclide,
1848 2163 2127 2241 Diagora,

53 2250 382 2323 szotrye,
419 2245 828 2321 Archedemo,
863 2245 1178 2321 Dionysi0,
1211 2245 1594 2325 Aristogene,
1626 2247 1933 2325 Democle,
1968 2244 2127 2307 Mne-

115 2333 273 2405 side,
306 2329 650 2390 Xenocrate
685 2328 968 2405 Zenonis,
1001 2328 1413 2390 Theomnesto.

244 2413 425 2474 Libro
458 2409 695 2471 XXXV.
734 2414 1125 2472 continentur:
1146 2413 1282 2494 ,(1)
1316 2412 1515 2472 Honos
1549 2413 1830 2491 picturae,
1889 2412 1991 2492 (2)
2024 2412 2127 2473 ho-

113 2516 227 2560 nos
262 2497 596 2573 imaginum.
654 2494 756 2574 (3)
792 2496 1020 2574 quando
1067 2496 1309 2574 primum
1340 2496 1531 2573 clupei
1562 2498 1840 2573 imagines
1871 2497 2127 2555 instituti.

116 2580 356 2663 quando
382 2581 628 2657 primum
652 2580 709 2637 in
733 2578 969 2657 publico
995 2580 1189 2657 positi,
1226 2579 1327 2658 (4)
1355 2579 1581 2656 quando
1607 2581 1662 2638 in
1694 2580 1974 2640 domibus.
2022 2580 2126 2659 (5)

51 2685 99 2726 30
118 2667 194 2728 de
222 2666 492 2743 picturae
518 2662 711 2736 initiis,
742 2661 815 2721 de
838 2662 1324 2722 monochromatis
1346 2663 1606 2739 picturis,
1635 2663 1707 2722 de
1726 2663 1921 2740 primis
1941 2663 2126 2739 picto·

115 2748 304 2808 ribus.
362 2746 470 2824 (6)
503 2745 812 2823 antiquitas
844 2737 1200 2823 picturarum
1222 2746 1282 2804 in
1317 2744 1498 2805 Italia.
1563 2745 1665 2823 (7)
1696 2746 1770 2805 de
1805 2745 2128 2823 pictoribus

116 2831 424 2892 Romanis.
483 2826 588 2907 (8)
616 2828 851 2906 quando
893 2831 1138 2907 primum
1168 2829 1425 2888 externis
1457 2827 1697 2906 picturis
1728 2829 1976 2904 dignitas
2007 2826 2124 2888 Ro·

116 2932 275 2975 mae.
306 2913 411 2992 (9)
454 2911 682 2989 quando
709 2912 948 2989 primum
969 2913 1214 2989 dignitas
1238 2913 1495 2990 picturae
1520 2921 1578 2971 et
1601 2910 1809 2990 quibus
1834 2929 1909 2970 ex
1934 2912 2127 2972 causis

116 2997 370 3057 Romae.
448 2994 595 3074 (10)
641 2996 737 3074 qui
771 2996 1047 3055 victorias
1075 3013 1210 3055 suas
1255 2996 1441 3072 pictas
1475 2994 1905 3073 proposuerint.
1976 2997 2122 3077 (11)

50 3079 296 3142 &Ratio
330 3079 633 3156 pingendi.
699 3078 1012 3157 (12—30)
1060 3078 1150 3138 De
1192 3078 1499 3155 pigmentis
1539 3086 1776 3155 praeter
1812 3079 2122 3140 metallica.

120 3164 198 3224 de
234 3161 541 3222 coloribus
572 3161 804 3220 ficticiis
835 3155 978 3245 (13.
1014 3162 1086 3222 de
1118 3161 1416 3239 Sinopide.
1457 3162 1778 3221 medicinae
1814 3179 1891 3220 ex
1922 3181 1993 3221 ea
2021 3161 2121 3222 XI.

128 3245 227 3306 14.
261 3245 341 3306 de
366 3243 624 3304 rubrica.
686 3243 760 3304 de
792 3254 948 3304 terra
984 3243 1235 3304 Lemnia.
1293 3244 1613 3304 medicinae
1648 3262 1725 3303 ex
1754 3262 1825 3305 ea
1854 3244 1957 3304 XI.
2024 3245 2124 3303 15.

126 3328 203 3390 de
234 3328 538 3407 Aegyptia
563 3335 741 3389 terra.
806 3328 903 3390 16.
941 3328 1017 3389 de
1061 3326 1261 3389 ochra.
1292 3325 1615 3388 medicinae
1647 3345 1725 3389 ex
1756 3327 1989 3388 rubrica
2019 3322 2121 3387 111.
