2320 3650
612 97 775 143 NAT.
810 96 993 149 ms'r.
1027 96 1206 143 x1111·.
1245 92 1420 147 6-8,
1460 81 1724 168 (8-10.)
2047 88 2169 151 265

136 254 365 315 liar-ica
390 260 467 311 ex
480 251 692 321 insulis
717 251 1092 311 conferuntur
1116 249 1334 313 Italiae
1349 252 1569 329 primis.
1615 251 1744 313 Nec
1766 254 1975 330 ignoro
1997 235 2174 319 multa

138 332 574 417 praetermiSsa
618 335 938 414 plerosque
972 335 1437 410 existimaturos,
1482 337 1709 415 quando
1754 356 1918 398 suum
1967 343 2175 420 cuique

136 421 390 501 placet,
417 429 476 479 et
499 437 864 498 quocumque
897 427 1062 479 eatur
1081 418 1279 479 fabula
1310 419 1516 481 eadem
1547 422 1854 499 reperitur.
1909 423 2167 486 diviAu-
2192 432 2263 492 72

138 505 316 584 gusti
360 503 701 571 iudiciorum
744 521 817 563 ac
855 503 1032 581 palati
1084 503 1492 580 peritissimum
1525 523 1558 564 e
1596 505 1823 565 libertis
1870 524 2176 570 censuram

91 604 120 643 5
144 590 277 649 vini
305 589 362 648 iu
390 587 597 666 epulas
624 589 749 647 eius
781 587 1092 650 facientem
1115 587 1334 649 dixisse
1366 587 1582 666 hospiti
1612 588 1686 649 de
1732 589 2002 666 indigena
2043 597 2176 654 vino

140 689 371 734 novom
405 672 636 750 quidem
668 670 777 730 sibi
807 680 1036 748 gustum
1069 688 1203 730 esse
1236 688 1365 730 eum
1398 679 1572 749 atque
1609 691 1724 733 non
1753 692 1829 733 ex
1856 675 2173 755 nobilibus,

136 757 264 819 sed
315 753 632 833 Caesarem
680 773 795 815 non
839 754 992 817 aliud
1042 765 1328 834 poturum.
1393 773 1505 815 nec
1555 759 1892 834 negaverim
1952 769 2012 818 et
2063 761 2176 822 alia

144 843 332 918 digna
375 858 510 899 esse
551 840 733 915 fama,
779 839 886 899 sed
929 839 1003 899 de
1049 838 1256 918 quibus
1301 857 1622 900 consensus
1668 843 1798 902 aevi
1834 842 2175 905 iudicaverit

144 928 308 986 haec
338 933 488 984 sunt.
604 934 643 964 ΞΑ

70 1022 124 1064 ιο
290 1007 481 1084 7.(9.
490 1010 517 1085 )
556 1006 725 1067 Nunc
747 1007 916 1067 simili
945 1006 1118 1067 modo
1145 1010 1520 1069 transmarina
1543 1007 1849 1070 dicemus.
1867 1009 1932 1071 In
1959 1029 2174 1073 summa
2192 1023 2268 1079 73

144 1044 350 1171 gloria
386 1101 523 1170 post
553 1090 865 1157 Homerica
894 1090 991 1151 illa
1011 1135 1029 1164 ,
1061 1089 1134 1150 de
1173 1090 1378 1168 quibus
1413 1110 1589 1171 supra
1634 1093 1912 1171 diximus,
1933 1095 2117 1156 fuere
2137 1115 2264 1161 susq.

34 1248 35 1251 Ἴ
148 1177 430 1237 Thasium
468 1172 821 1253 Chiumque,
854 1193 933 1237 ex
965 1173 1110 1237 Chio
1145 1175 1303 1252 quod
1333 1175 1623 1239 Arvisium
1653 1187 1885 1238 vocant.
1952 1179 2043 1239 his
2079 1179 2177 1242 ad-

138 1261 303 1323 -didit
328 1259 600 1319 Lesbium
630 1258 969 1318 Erasistrati
1001 1263 1248 1319 maxumi
1296 1259 1505 1320 medici
1543 1264 1895 1337 auctoritaS,
1944 1264 2181 1323 circiter

138 1356 400 1409 00ch
449 1353 655 1404 annum
712 1343 870 1402 urbis
918 1341 1160 1417 Romae.
1221 1361 1391 1407 ⁴nunc
1443 1346 1629 1419 gratia
1672 1354 1803 1404 ante
1846 1349 2034 1407 omnia
2084 1355 2176 1406 est

70 1448 129 1488 15
153 1427 559 1502 Clazomenio,
587 1437 896 1505 postquam
921 1428 1153 1505 parcius
1176 1428 1318 1487 mari
1344 1427 1633 1487 condiunt.
1675 1427 1949 1490 Lesbium
1972 1440 2181 1509 sponte
2196 1438 2286 1494 74*

136 1530 306 1574 -suae
337 1521 574 1571 naturae
619 1529 778 1571 mare
823 1513 992 1588 sapit.
1058 1523 1169 1569 nec
1202 1511 1434 1573 Tmoliti
1463 1529 1572 1589 per
1606 1531 1671 1571 se
1710 1514 1898 1590 gratia
1928 1524 1990 1574 ut
2018 1515 2176 1590 vino,

140 1597 281 1661 -sed
296 1597 458 1656 cuius
481 1595 635 1656 dulci
661 1595 913 1655 admixto
936 1595 1294 1673 reliquorum
1310 1595 1514 1656 duritia
1540 1597 1881 1657 suavitatem
1905 1599 2176 1676 accipiat,

150 1680 328 1743 simul
354 1689 414 1739 et
436 1689 706 1754 aetatem,
733 1680 1002 1758 quoniam
1023 1680 1347 1739 vetustiora
1371 1681 1632 1757 protinus
1655 1681 1939 1741 videntur.
1971 1680 2067 1740 Ab
2092 1682 2182 1741 his

142 1765 418 1843 *dignatio
449 1774 539 1823 est
562 1764 862 1839 Sicyonio,
894 1761 1134 1842 Cyprio,
1164 1763 1501 1839 Telmisico,
1528 1762 1893 1844 Tripolitico,
1918 1764 2179 1841 BerytiO,

70 1868 129 1910 ιο
156 1849 376 1925 Tyrio,
426 1848 842 1923 Sebennytico.
904 1850 960 1907 in
991 1848 1267 1927 Aegypto
1303 1849 1418 1910 hoc
1448 1851 1703 1910 nascitur
1733 1851 1918 1911 tribus
1948 1852 2179 1928 generi-

149 1936 272 1996 bus
320 1950 558 1992 uvarum
598 1932 676 1991 ibi
707 1932 1116 2007 nobilissimis,
1164 1932 1415 2008 Thasio,
1460 1933 1724 2009 aethalo,
1771 1953 1980 2013 peuce.
2042 1935 2182 1994 Post
2196 1943 2265 1999 75

149 2019 312 2079 haec
353 2018 667 2077 auctoritas
709 2016 1216 2095 hippodamantio,
1271 2016 1554 2093 Mysflco,
1604 2018 1993 2095 cantharitae,
2042 2035 2176 2097 pro-

148 2112 333 2180 tropo
383 2098 622 2175 Cnidio,
679 2097 1295 2176 Catacecaumenitae,
1346 2099 1633 2176 Petritae,
1686 2100 1979 2175 MyconiO.
2051 2120 2181 2162 uam

150 2185 489 2261 Mesogiten
530 2185 736 2263 capitis
781 2184 1020 2244 dolores
1052 2183 1256 2244 facere
1280 2189 1635 2262 conpertum
1670 2194 1789 2258 est,
1837 2204 1950 2244 nec
1979 2184 2175 2262 Ephe-

68 2283 132 2330 25
152 2272 307 2330 sium
342 2267 578 2330 salubre
611 2286 776 2342 esse,
811 2269 1078 2345 quoniam
1106 2267 1249 2328 mari
1282 2275 1340 2325 et
1369 2266 1597 2330 defruto
1630 2268 1951 2330 condiatur.
2018 2268 2198 2347 Apa-

149 2370 388 2414 menum
428 2352 615 2413 mulso
653 2354 973 2431 praecipue
1016 2351 1332 2411 convenire
1366 2351 1603 2424 dicitur,
1650 2351 1798 2411 sicut
1830 2352 2178 2414 Praetutium

150 2441 214 2499 in
246 2436 436 2498 Italia.
494 2446 585 2496 est
631 2437 780 2495 euim
817 2444 877 2495 et
923 2436 1074 2496 haec
1103 2436 1438 2513 proprietas
1476 2453 1775 2511 generum.
1838 2437 2027 2498 dulcia
2070 2437 2174 2495 uti-

153 2540 276 2601 que
317 2523 468 2581 iuter
510 2539 577 2579 se
625 2538 742 2579 non
784 2527 1126 2597 congruunt.
1188 2518 1468 2582 Exolevit
1515 2526 1573 2577 et
1616 2521 1964 2597 protagion,
2013 2520 2168 2598 quod
2194 2527 2267 2583 76

149 2606 379 2667 Italicis
406 2622 744 2684 proxumum
775 2604 1039 2664 fecerant
1068 2602 1443 2682 Asclepiadis
1468 2602 1726 2663 scholae.
1778 2603 2176 2681 Apollodorus

68 2690 420 2751 eomedious
471 2691 556 2748 in
569 2689 861 2750 volumine
903 2705 1018 2766 quo
1071 2688 1276 2748 suasit
1294 2686 1629 2747 Ptolemaeo
1676 2688 1804 2764 regi
1848 2705 1998 2765 quae
2046 2688 2177 2746 vina

152 2774 391 2835 biberet
424 2772 644 2833 Italicis
686 2773 854 2833 etiam
901 2781 1019 2832 tum
1059 2772 1274 2848 ignotis
1318 2765 1573 2831 laudavit
1612 2772 1668 2830 iu
1707 2771 1887 2831 Ponto
1920 2769 2176 2847 Nasper-

155 2860 425 2933 ceniten,
451 2874 596 2917 mox
621 2855 949 2930 Oreticum,
984 2855 1317 2931 Oeneaten,
1348 2854 1728 2931 Leucadium,
1762 2855 2176 2915 Ambracioten

150 2953 220 3004 et
245 2941 403 3021 quod
430 2943 652 3000 cunctis
679 2939 954 3019 praetulit
977 2939 1405 3017 Peparethium,
1431 2938 1538 2999 sed
1566 2939 1803 2999 minoris
1826 2940 2014 2999 famae
2037 2956 2176 2998 esse

134 3027 334 3101 uixit,
369 3026 637 3105 ‘quoniam
669 3034 801 3085 ante
834 3042 944 3086 sex
977 3040 1162 3084 annos
1188 3040 1306 3083 non
1331 3023 1617 3102 placeret.

72 3128 136 3171 ss
289 3071 348 3171 8.
401 3110 535 3209 (10.
540 3111 569 3188 )
615 3108 910 3170 Hactenus
941 3106 1170 3169 bonitas
1194 3109 1309 3168 viui
1333 3108 1657 3168 nationibus
1684 3105 1948 3166 debetur.
2001 3105 2171 3183 Apud
2196 3112 2263 3168 77

162 3196 429 3258 Graecos
460 3195 583 3253 iure
617 3193 994 3253 clarissimum
1026 3210 1238 3252 nomen
1268 3193 1530 3271 accepit,
1556 3191 1710 3271 quod
1735 3190 2249 3304 appellaverunt²⁸

160 3280 335 3358 bion,
382 3278 455 3338 ad
498 3277 795 3355 plurumos
827 3277 1218 3338 valetudinum
1260 3295 1400 3337 usus
1434 3278 1867 3353 excogitatum,
1909 3283 1970 3334 ut
1999 3270 2249 3334 doce-²⁸
2208 3297 2263 3346 »a

156 3364 351 3423 bimus
386 3364 442 3420 in
475 3371 639 3438 parte
660 3362 1011 3422 medicinae.
1068 3362 1131 3421 fit
1160 3371 1354 3422 autem
1374 3361 1491 3422 hoc
1511 3360 1715 3421 modo:
1770 3377 1919 3420 uvae
1950 3357 2180 3446 paulum

2229 3545 2287 3583 A
