2320 3650
553 96 724 144 NAT,
755 94 939 142 nls‘r.
973 97 1041 142 x.
1078 94 1320 147 22—23.
1359 87 1667 166 (27—33.)
2022 89 2138 152 131

93 258 398 328 metopon
443 259 500 309 et
545 248 886 327 Carambin,
931 268 1067 311 mox
1109 251 1351 312 saburra
1401 253 1662 315 stabiliri.
1726 273 1853 315 cum
1897 257 2144 317 medium

102 335 491 410 transierint,
526 333 676 393 abici
708 333 946 412 lapillos
983 355 1015 395 e
1048 336 1331 414 pedibuS,
1366 357 1493 398 cum
1524 340 1816 416 attigerint
1849 342 2143 401 continen-

102 430 255 494 tem,
305 427 363 479 et
398 437 432 475 e
465 427 696 495 gutture
743 419 1031 480 harenam.
1098 419 1406 482 Cornelius
1450 419 1676 501 Nepos,
1723 425 1982 502 qui-divi
2027 425 2141 484 Au-

103 505 271 582 gusti
303 502 630 581 principatu
662 501 834 578 obiit,
876 523 1003 563 cum
1035 505 1325 565 scriberet
1356 506 1557 566 turdos
1586 508 1762 586 paulo
1797 518 1929 568 ante
1963 527 2141 588 coep-

49 599 205 649 5tos
268 589 557 665 saginari,
615 587 834 647 addidit
878 590 1133 650 ciconias
1180 592 1364 668 magis
1423 592 1667 670 placere
1717 611 1884 670 quam
1939 611 2141 670 grueS,

105 691 248 735 cum
271 672 426 732 haec
456 690 606 731 nunc
638 672 766 733 ales
794 674 942 732 inter
982 676 1194 753 primas
1226 685 1567 754 expetatur,
1607 676 1764 737 illam
1800 694 1970 737 nemo
2000 679 2143 738 velit

104 758 410 834 attigisse.

244 841 419 920 (31.)
469 837 748 901 Ciconiae
782 859 1028 921 quonam
1074 862 1108 902 e
1142 844 1279 902 loco
1314 845 1547 904 veniant
1586 854 1684 903 aut
1722 863 1838 925 quo
1887 864 1953 904 se
1985 847 2138 905 refe·
2157 856 2223 910 61

102 935 241 987 rant
289 927 694 1002 inconpertum
726 926 914 986 adhuc
948 936 1057 986 est.
1107 947 1141 986 e
1178 928 1497 1008 longinquo
1532 929 1734 987 venire
1763 947 1878 996 non
1911 929 2141 990 dubium

44 1035 83 1075 ιο
105 1012 332 1071 eodem
364 1026 480 1088 quo
518 1028 697 1086 grues
740 1011 935 1087 mode,
970 1012 1101 1072 illas
1139 1011 1378 1088 hiemiS,
1429 1014 1532 1072 bas
1574 1016 1813 1074 aestatis
1861 1013 2135 1075 advenas.

101 1096 379 1158 abiturae
406 1104 834 1171 congregantur
857 1097 913 1154 in
946 1096 1083 1155 loco
1109 1106 1297 1174 certo,
1326 1100 1754 1176 comitataeque
1784 1100 1871 1159 sic
1893 1107 1953 1157 ut
1983 1100 2140 1159 nulla

100 1182 192 1240 sui
223 1179 473 1258 generis
520 1178 880 1258 relinquatur
922 1181 1031 1239 nisi
1070 1184 1297 1258 captiva
1345 1192 1403 1241 et
1431 1200 1604 1241 serva
1648 1200 1756 1242 ceu
1805 1184 1942 1260 lege
1969 1202 2137 1263 prae·

100 1265 263 1325 dicta
300 1264 396 1323 die
430 1264 732 1322 recedunt.
777 1282 945 1323 nemo
979 1265 1121 1325 vidit
1154 1283 1361 1342 agmen
1384 1265 1832 1342 discedentium,
1868 1285 1995 1326 cum
2027 1265 2138 1327 dis·

102 1366 420 1442 cesgurum
454 1347 753 1426 adpareat,
799 1366 911 1408 nec
944 1350 1145 1408 venire
1190 1350 1295 1409 sed
1316 1350 1553 1408 venisse
1580 1352 1884 1411 cernimus
1926 1361 2137 1410 utrum-

44 1459 82 1498 νῦ
100 1452 218 1514 que
271 1433 577 1492 nocturnis
610 1432 670 1491 fit
711 1432 1102 1511 temporibus,
1154 1443 1215 1492 et
1258 1434 1515 1511 quamvis
1559 1434 1708 1493 ultra
1753 1435 1973 1494 citrave
2004 1454 2135 1513 per-

99 1519 335 1592 volent,
376 1533 682 1594 numquam
712 1526 902 1577 tamen
946 1517 1258 1577 advenisse
1296 1535 1538 1596 usquam
1576 1519 1687 1577 nisi
1710 1527 1885 1578 noctu
1919 1521 2136 1579 existu-

97 1612 355 1662 mantur.
404 1598 701 1676 Pythonos
734 1620 941 1661 comen
964 1612 1179 1662 vocant
1201 1604 1257 1661 in
1282 1602 1424 1661 Asia
1444 1601 1774 1681 patentibus
1802 1605 2019 1681 campis
2045 1604 2223 1669 ubi62

100 1694 513 1765 congregatae
545 1686 698 1744 inter
726 1706 791 1745 se
836 1696 1321 1763 conmurmurant,
1357 1705 1602 1765 eamque
1633 1704 1781 1766 quae
1821 1689 2133 1749 novissima

98 1771 348 1833 advenit
407 1770 667 1829 lacerant
716 1779 890 1850 atque
945 1772 1021 1831 ita
1074 1770 1306 1832 abeunt.
1366 1780 1621 1833 notatum
1671 1780 1807 1852 post
1857 1772 1984 1832 idus
2019 1772 2135 1833 Au-

46 1866 316 1934 zogustas
361 1872 477 1912 non
524 1863 747 1915 temere
793 1856 952 1915 'visas
993 1856 1093 1916 ibi.
1186 1866 1317 1916 sunt
1358 1859 1454 1935 qui
1495 1858 1736 1917 ciconiis
1782 1875 1898 1917 non
1940 1859 2137 1919 inesse

98 1943 366 2020 linguam
399 1939 757 1998 confirment.
826 1940 1013 1999 honos
1056 1942 1126 1999 iis
1158 1944 1515 2020 serpentium
1549 1943 1728 2002 exitio
1760 1951 1951 2004 tantus
1985 1953 2045 2002 ut
2082 1945 2136 2002 in

97 2024 421 2086 Thessalia
468 2024 682 2102 capital
725 2024 901 2084 fuerit
950 2025 1247 2086 occidisse
1296 2025 1619 2106 eademque
1661 2027 1894 2105 legibus
1942 2045 2136 2106 poena

98 2129 251 2190 quae
290 2110 350 2168 in
385 2107 749 2167 homicidam.
981 2166 1001 2175 „

95 2264 104 2279 t
222 2192 408 2273 (32.)
454 2190 636 2251 Simili
669 2211 910 2252 anseres
942 2210 1177 2272 quoque
1211 2203 1269 2252 et
1314 2194 1513 2254 olores
1547 2196 1772 2255 ratione
1805 2205 2134 2272 conmeant,
2152 2205 2220 2258 63

46 2299 79 2339 25
100 2279 205 2338 sed
239 2279 457 2337 horum
489 2277 720 2336 volatus
748 2279 1020 2337 cernitur.
1085 2276 1518 2338 Liburnicarum
1549 2296 1712 2338 more
1747 2287 2001 2339 rostrato
2033 2281 2133 2338 im-

96 2372 239 2440 petu
278 2362 582 2437 feruntur,
618 2358 846 2420 facilius
880 2362 957 2422 ita
982 2363 1267 2422 findentes
1305 2381 1440 2423 aera
1478 2381 1646 2441 quam
1677 2364 1727 2421 si
1752 2372 1917 2424 recta
1940 2363 2134 2427 fronte

96 2447 484 2526 inpellerent,
509 2454 681 2522 tergo
706 2447 923 2505 sensim
950 2447 1226 2506 dilatante
1252 2466 1318 2506 se
1346 2465 1533 2506 cuneo
1560 2447 1879 2526 porrigitur
1902 2466 2132 2525 agmen,

97 2531 397 2611 largeque
434 2528 740 2607 inpellenti
777 2530 1096 2609 praebetur
1132 2549 1329 2592 aurae.
1399 2531 1554 2591 colla
1585 2533 1864 2609 inponunt
1888 2550 2130 2610 praece-

98 2615 407 2690 dentibuS,
452 2613 651 2672 fessos
696 2615 878 2675 duces
925 2615 996 2674 ad
1045 2625 1213 2692 terga
1264 2617 1570 2694 recipiunt.
1645 2614 1924 2675 Ciconiae
1965 2617 2132 2676 nidos

48 2719 80 2759 ιο
100 2700 352 2775 eosdem
385 2706 677 2776 repetunt,
711 2699 1069 2777 genetricum
1103 2710 1397 2760 senectam
1422 2701 1667 2760 invicem
1693 2700 1957 2760 educant.
1994 2699 2130 2759 Olo-

96 2803 216 2844 rum
249 2789 451 2843 morte
483 2793 748 2842 narratur
801 2783 1016 2843 flebilis
1058 2794 1281 2861 cantuS,
1316 2785 1491 2861 fals0,
1527 2794 1586 2844 ut
1607 2847 1610 2850 ,
1631 2783 1879 2844 arbitror
1911 2783 2131 2863 aliquot

99 2867 550 2949 experimentis.
625 2869 799 2928 iidem
831 2877 1021 2927 mutua
1054 2887 1231 2929 carne
1262 2879 1578 2928 vescuntur
1611 2871 1761 2928 inter
1793 2887 1880 2928 se.

223 2952 401 3032 (33.)
447 2949 665 3012 Verum'
689 2950 838 3012 haec
862 2955 1282 3052 conmeantjum
1307 2972 1415 3032 per
1440 2954 1617 3014 maria
1646 2963 1951 3030 terrasque
1986 2970 2117 3031 per·
2144 2962 2214 3016 64

98 3037 395 3115 egrinatio
428 3053 545 3096 non
588 3038 802 3116 patitur
843 3037 1060 3097 differri
1099 3055 1354 3097 minores
1388 3055 1621 3117 quoque
1656 3036 1863 3117 quibus
1910 3045 2000 3096 est
2030 3055 2128 3097 na·

50 3129 222 3183 {stura
257 3120 506 3196 similis,
551 3130 861 3202 utcumque
895 3139 1069 3201 supra
1105 3122 1289 3181 dictas
1334 3123 1666 3200 magnitudo
1713 3131 1772 3181 et
1805 3123 1962 3181 vires
1996 3139 2124 3182 cor·

97 3223 308 3285 porum
347 3206 593 3287 invitare
628 3207 814 3266 videri
845 3208 1087 3285 possint.
1151 3204 1496 3267 Coturnices
1529 3216 1660 3267 ante
1687 3208 1858 3268 etiam
1890 3225 2124 3286 semper
2141 3216 2210 3270 65

97 3291 420 3352 adveniunt
459 3308 624 3368 quam
658 3309 857 3369 grueS,
890 3309 1068 3369 parva
1100 3291 1224 3351 avis
1255 3301 1334 3367 et,
1381 3308 1509 3350 cum
1539 3290 1610 3351 ad
1642 3308 1749 3351 nos
1783 3294 1961 3368 venit,
2008 3301 2120 3350 ter-

95 3378 302 3436 restris
352 3375 546 3453 potius
595 3395 760 3457 quam
801 3375 1080 3436 sublimis.
1151 3375 1424 3437 advolant
1466 3384 1525 3437 et
1568 3376 1678 3437 liae
1723 3376 1891 3436 simili
1921 3376 2117 3450 mode,

1771 3461 1865 3522 9*
2162 3496 2214 3532 Δ
