2320 3650
89 75 207 139 184
656 114 663 117 -
827 88 887 137 c,
921 89 1113 138 PLINI
1146 70 1447 139 securim

86 256 356 304 terraneo
406 230 588 304 altera
632 243 877 320 Augusti
918 244 1278 304 colonia‘est
1319 244 1517 305 Babba
1548 244 1689 325 Iulia
1722 243 2081 324 Campestris

89 328 416 406 appellata,
461 336 520 386 et
561 329 730 386 tertia
760 328 982 388 Banasa
1018 327 1226 387 LXXV
1256 328 1316 388 Μ
1345 329 1611 388 Valentia
1653 332 2076 405 cognominata.

89 411 161 472 ab
188 429 257 471 ea
283 409 501 470 XXXV
518 409 576 469 Μ
593 428 880 489 passuum.
914 411 1188 471 Volubile
1227 412 1496 490 oppidum
1530 414 1857 472 tantundem
1880 432 1911 473 a
1935 415 2080 474 mari

90 504 339 572 utroque
373 494 607 553 distans.
643 502 699 553 at
729 496 785 553 in
817 512 920 554 ora
955 513 987 554 a
1014 494 1157 554 Lixo
1183 495 1225 554 L
1252 495 1312 554 M
1340 497 1518 555 amnis
1547 496 1814 563 Sububus
1843 507 2081 575 praeter

89 579 367 638 Banasam
401 578 685 636 coloniam
717 578 1007 659 defluenS,
1041 579 1467 655 magnificus-et
1497 579 1857 656 navigabilis.
1896 581 1967 640 ab
2004 590 2119 641 eo⁵

89 662 327 721 totidem
356 659 414 719 M
454 679 608 739 pass.
657 661 928 739 oppidum
969 660 1109 721 Sala
1139 663 1396 722 eiusdem
1439 665 1676 722 nominis
1709 664 1882 723 fluvio
1914 665 2076 743 inpo-

90 747 291 820 situm,
347 745 457 803 iam
509 743 907 804 solitudinibus
936 746 1182 804 vicinum
1214 745 1765 824 elephantorumque
1798 748 2075 824 gregibus

88 829 383 903 infestum,
414 827 613 887 'multo
660 836 849 888 tamen
893 829 1076 904 magis
1126 827 1460 889 Autololum
1505 839 1712 906 gente,
1760 848 1867 908 per
1909 849 2076 910 quam

32 923 65 976 6
89 914 196 972 iter
227 921 317 972 est
347 910 417 971 ad
449 920 699 970 montem
730 910 968 973 Africae
1006 912 1103 971 vel
1138 912 1619 973 fabulosissimum
1650 913 1959 977 Atlantem.
2022 913 2072 974 E

88 997 293 1055 mediis
334 994 484 1055 hunc
523 994 751 1055 harenis
807 997 862 1054 in
914 995 1137 1055 caelum
1182 996 1363 1055 attolli
1409 997 1752 1074 prodidere,
1805 1015 2071 1074 asperum
2096 1009 2151 1052 10

89 1079 448 1157 squalentem
492 1097 604 1157 qua
650 1088 851 1155 vergat
885 1079 956 1139 ad
1001 1080 1170 1139 litora
1200 1081 1406 1163 oceani
1439 1081 1528 1139 cui
1559 1098 1883 1157 cognomen
1910 1083 2074 1159 inpo-

90 1163 232 1238 suit,
293 1162 536 1221 enndem
589 1179 829 1240 opacum
874 1180 1356 1240 nemorosumque
1409 1172 1466 1223 et
1513 1164 1797 1224 scatebris
1840 1164 2077 1224 fontium

89 1248 312 1322 riguum
376 1263 485 1322 qua
537 1255 768 1323 spectet
823 1245 1111 1323 Africam,
1168 1247 1448 1306 fructibus
1503 1249 1745 1311 omnium
1797 1266 2076 1324 generum

91 1338 298 1407 sponte
348 1330 424 1387 ita
477 1328 955 1389 subnascentibus
1011 1338 1072 1389 ut
1119 1348 1421 1407 numquam
1466 1332 1639 1390 satias
1689 1331 2076 1409 voluptatibus

34 1420 66 1475 7
95 1413 260 1472 desit.
318 1410 634 1479 incolarum
674 1415 956 1475 neminem
997 1414 1242 1473 interdiu
1274 1415 1464 1490 cerni,
1518 1414 1693 1473 silere
1726 1416 1911 1474 omnia
1944 1414 2078 1475 haut
2098 1425 2150 1466 ¹⁵

91 1496 205 1557 alio
256 1514 423 1573 quam
466 1495 829 1556 solitudinum
871 1497 1146 1572 horrore,
1206 1496 1401 1557 subIre
1455 1499 1686 1557 tacitam
1735 1497 2077 1573 religionem

91 1581 309 1639 animos
353 1580 594 1657 propius
643 1580 1041 1640 accedentium
1074 1589 1432 1657 praeterque
1475 1579 1778 1640 horrorem
1818 1582 1954 1642 elati
1985 1600 2076 1641 su-

91 1682 200 1741 per
237 1661 429 1722 nubila
467 1671 639 1740 atque
684 1665 740 1722 in
785 1664 969 1723 vicina
1013 1662 1226 1723 lunaris
1256 1664 1476 1725 circuli.
1535 1665 1779 1724 eundem
1811 1664 2082 1725 noctibus

89 1749 303 1806 micare
358 1745 578 1804 crebris
620 1746 878 1822 ignibuS,
930 1745 1292 1824 Aegipanum
1338 1747 1789 1827 satyrorumque
1842 1749 2079 1808 lascivia

89 1830 327 1908 inpleri,
378 1829 641 1888 tibiarum
688 1848 757 1890 ac
791 1830 1019 1890 fistulae
1067 1840 1233 1911 cantu
1278 1840 1788 1910 tympanorumque
1835 1841 1893 1892 et
1924 1851 2076 1907 cym-
2093 1852 2152 1894 20

89 1913 349 1973 balorum
381 1913 568 1971 sonitu
599 1922 885 1991 strepere.
955 1912 1115 1973 Haec
1152 1912 1430 1975 celebrati
1461 1925 1731 1976 auctores
1765 1915 2077 1994 prodidere

91 2006 324 2075 praeter
373 1994 607 2054 Herculi
661 2006 718 2056 et
768 1996 988 2056 Perseo
1040 1996 1301 2058 laborata
1356 1998 1455 2057 ibi.
1528 2000 1772 2077 spatium
1825 1998 1897 2058 ad
1951 2017 2079 2058 eum

33 2088 69 2140 8
93 2083 404 2139 inmensum
432 2080 845 2159 incertumque.
900 2080 1089 2140 Fuere
1120 2090 1178 2141 et
1206 2081 1497 2142 Hannonis
1528 2080 2080 2159 Carthaginiensium

91 2164 252 2224 ducis
325 2165 724 2223 commentarii>¹
765 2163 995 2223 Punicis
1047 2165 1222 2224 rebus
1285 2165 1704 2225 florentissimis
1766 2165 2079 2243 explorare

92 2246 359 2305 ambitum
389 2245 628 2306 Africae
671 2248 844 2323 iussi,
890 2266 1060 2326 quem
1103 2250 1290 2308 secuti
1330 2249 1597 2327 plerique
1629 2267 1661 2308 a
1694 2248 1932 2309 Graecis
1974 2265 2074 2309 no·
2094 2266 2151 2308 25

90 2330 340 2407 strisque
378 2338 436 2388 et
469 2330 580 2389 alia
612 2330 842 2408 quidem
884 2332 1151 2392 fabulosa
1197 2340 1256 2391 et
1298 2331 1453 2390 urbis
1485 2331 1694 2391 multas
1721 2331 1793 2392 ab
1833 2349 1906 2391 eo
1939 2349 2080 2392 con·

91 2414 234 2473 ditas
285 2413 364 2472 ibi
398 2414 762 2489 prodidere,
812 2433 1048 2492 quarum
1088 2432 1202 2474 nec
1252 2415 1527 2474 memoria
1568 2415 1704 2474 ulla'
1739 2433 1850 2475 nec
1899 2416 2077 2475 vesti·

34 2499 242 2573 9gium
275 2505 481 2555 exstat.
551 2497 829 2575 Scipione
870 2497 1194 2558 Aemiliano
1224 2517 1323 2558 res
1365 2500 1421 2556 in
1451 2497 1651 2558 Africa
1681 2507 1925 2575 gerente
1967 2497 2077 2558 Po-

92 2580 280 2655 lybius
340 2580 621 2638 annalium
677 2582 943 2641 conditor
1005 2581 1076 2641 ab
1130 2598 1203 2640 eo
1258 2591 1501 2658 accepta
1549 2581 1739 2640 classe
1785 2581 2079 2641 scrutandi

91 2663 243 2722 illius
296 2663 454 2722 orbis
511 2664 696 2739 gratia
755 2666 1174 2724 circumvectus
1239 2664 1490 2741 prodidit
1550 2682 1582 2724 a
1626 2674 1821 2723 monte
1875 2682 1948 2725 eo
2001 2663 2151 2730 adso

93 2764 364 2818 occasum
419 2765 625 2806 versus
684 2747 863 2806 saltus
915 2749 1122 2824 plenos
1188 2747 1333 2806 feris
1386 2765 1527 2825 quas
1583 2756 1830 2824 generat
1875 2747 2078 2809 Africa

91 2830 163 2889 ad
194 2829 403 2889 flumen
433 2828 660 2889 Anatim
694 2826 1160 2889 CCCCLXXXV
1189 2828 1248 2888 M
1291 2848 1580 2907 passuum.
1648 2830 1720 2890 ab
1770 2847 1841 2889 eo
1879 2829 2079 2890 Lixum

93 2911 245 2972 CCV
285 2912 343 2972 M
382 2930 655 2990 passuum
706 2911 1002 2990 Agrippa,
1060 2911 1259 2978 Lixum
1306 2931 1340 2972 a
1383 2913 1659 2974 Gaditano
1710 2913 1868 2972 freto.
1920 2911 2081 2975 CXII

90 2994 151 3053 M
179 3013 449 3072 passuum
482 2996 713 3055 abesse.
767 2997 899 3056 inde
931 2997 1113 3056 sinum
1146 2997 1241 3073 qui
1270 3005 1516 3055 vocetur
1543 2997 1773 3074 Sagigi,
1806 2996 2081 3076 oppidum

92 3077 574 3155 inpromontorio
617 3077 975 3152 Mulelacha,
1021 3078 1246 3139 flumina
1289 3078 1582 3138 Sububam
1615 3088 1674 3138 et
1703 3079 1891 3154 Salat,
1943 3096 2078 3157 por·
2094 3099 2148 3142 35

93 3169 210 3219 tum
239 3160 480 3219 Rutubis
512 3180 543 3220 a
573 3161 714 3220 Lixo
746 3158 981 3220 CCXIII
1012 3160 1069 3220 M
1099 3180 1283 3238 pass,
1324 3162 1456 3221 inde
1485 3163 1937 3240 promontorium
1968 3162 2077 3221 So-

93 3244 195 3317 lis,
245 3252 468 3321 portum
514 3243 868 3324 Rhysaddir,
918 3243 1195 3304 Gaetulos
1238 3243 1575 3319 AutoteleS,
1634 3245 1843 3305 flumen
1894 3243 2075 3304 Cose-

94 3344 255 3403 num,
300 3335 507 3403 gentes
542 3327 816 3387 Selatitos
849 3335 908 3387 et
940 3326 1227 3405 Masatos,
1269 3325 1476 3412 numen
1506 3327 1822 3407 Masathat,
1868 3328 2078 3391 flumen
