2320 3650
169 81 290 142 222
714 132 719 137 .
896 93 956 143 c.
979 94 1173 143 rum
1202 94 1500 143 succum

85 261 154 315 29
347 250 441 310 10.
477 249 642 330 (11.)
674 248 785 310 Per
805 251 1095 329 planitiem
1118 266 1341 310 omnem
1365 269 1396 311 a
1414 248 1569 325 Cyro
1596 266 1780 328 usque
1804 248 2184 312 Albanorum
2319 240 2320 319 i

168 353 315 411 gens
339 339 532 410 tenet,
567 344 703 394 mox
732 333 958 401 Iberum
983 334 1233 394 discreta
1261 334 1331 394 ab
1357 335 1444 394 his
1474 351 1639 396 amne
1663 333 1923 393 Alazone
1951 335 2013 393 in
2045 333 2182 411 Cy·
2319 332 2320 339 ’

167 436 291 485 rum
319 416 612 478 Caucasiis
651 418 936 478 montibus
978 417 1287 495 defluente.
1365 417 1703 495 prae-valent
1734 417 1949 496 oppida
1977 417 2180 478 Alba·

168 503 300 561 niae
327 500 635 577 Cabalaca‚
661 500 1243 562 IberiaevHermastus
1270 501 1424 560 iuxta
1451 501 1680 576 flumen,
1706 499 1935 560 Neoris.
1986 503 2180 578 regio

170 584 381 645 Thasie
418 594 477 645 et
512 585 715 645 Triare
746 602 930 663 usque
962 584 1034 645 ad
1071 584 1459 647 Parteodo'ros
1511 584 1760 655 montis.
1826 583 2005 667 Ultraj
2030 594 2231 646 sunta

171 667 485 729 Colchicae
529 669 906 743 solitudines,
954 686 1190 747 quarum
1235 686 1267 728 a
1303 668 1489 728 latere
1523 669 1593 729 ad
1630 666 2179 728 Ceraunios-'verso

169 751 720 827 Armenochalybes·
755 750 1008 811 habitant
1059 760 1116 811 et
1139 749 1506 811 Moschorum
1553 750 1897 812 tractus-:ad
1928 750 2181 811 Iberum

168 854 388 896 amnem
441 836 507 895 -in
574 833 786 910 Cyrum
846 834 1191 895 defluentem
1250 844 1309 895 et
1369 834 1522 895 infra·
1576 838 1702 911 eos?
1739 835 2047 894 Sacassaui
2109 843 2180 894 et

167 919 377 979 deinde
406 917 752 978 Macerones
802 917 874 978 ad
917 918 1126 979 flumen
1163 918 1496 979 Absarrum.
1547 918 1674 979 'Sic
1705 917 1877 996 plana
1919 927 2020 977 aut
2060 919 2174 978 de·
2319 980 2320 995 χ

167 1020 320 1063 vexa
363 1003 719 1080 optinentur.
783 1010 980 1062 rursus
1022 1002 1094 1063 ab
1120 1001 1432 1064 Mbaniae
1452 1000 1699 1062 confinio
1733 1009 1855 1062 tota
1889 1003 2188 1061 montium
2191 1022 2245 1063 ιο

168 1084 356 1146 fronte
378 1093 586 1162 gentes
610 1085 895 1183 Silv'orum
919 1085 1104 1164 ferae,
1130 1095 1189 1147 et
1210 1086 1355 1146 infra
1377 1084 1777 1203 Lupeniorum,
1800 1102 1946 1146 mox
1957 1085 2174 1146 Diduri

168 1178 226 1228 et
253 1169 461 1228 Sodii.
936 1204 937 1207 κ
1370 1196 1376 1203 ·

83 1261 154 1316 30
343 1251 438 1311 11.
506 1252 672 1333 (12.)
743 1253 859 1313 Ab
872 1255 942 1314 iis
978 1262 1110 1322 sunt
1147 1261 1352 1332 portae
1380 1220 1698 1314 Caucasiae
1718 1270 1926 1330 magno
1953 1267 2170 1315 errore
2247 1258 2250 1259 ’

165 1335 356 1396 multis
396 1333 644 1415 Caspiae
684 1337 909 1415 dictae,
954 1338 1162 1415 ingens
1196 1347 1431 1405 naturae
1465 1355 1634 1416 opus
1658 1336 1945 1397 montibus
1979 1337 2168 1397 inte'r-

164 1421 348 1499 ruptis
371 1430 638 1498 repente,
675 1421 772 1481 ubi
795 1422 955 1482 fores
984 1422 1217 1483 obditae
1239 1421 1471 1482 ferratis
1497 1420 1800 1496 trabibus,
1814 1419 2016 1479 subter
2034 1438 2162 1480 me·
2187 1436 2238 1478 ιι

165 1505 288 1566 dias
325 1522 489 1563 amne
523 1504 629 1563 diri
665 1505 860 1565 odoris
895 1505 1106 1566 fluente
1149 1506 1407 1583 citraque
1435 1506 1494 1564 in
1532 1522 1679 1583 rupe
1702 1504 1961 1564 'castello
1989 1503 2165 1582 'quod

164 1596 406 1648 vocatur
441 1587 710 1648 Cumania
753 1591 1076 1648 conmunito
1116 1588 1188 1648 ad
1231 1590 1515 1649 arcendas
1561 1589 1800 1647 transitu
1840 1588 2046 1664 gentis
2076 1589 2164 1647 in·

165 1689 464 1745 numeras»,
502 1671 581 1730 ibi
610 1673 726 1732 loci
761 1679 1042 1732 terrarum
1077 1671 1220 1731 orbe
1253 1674 1439 1751 portis
1462 1671 1754 1747 discluso,
1798 1686 1874 1730 ex
1906 1670 2163 1731 adverso

82 1779 86 1783 ·
163 1756 408 1815 maxime
431 1753 716 1815 Hermasti
746 1756 943 1834 oppidi
971 1755 1219 1815 Iberum.
1271 1755 1324 1814 A
1341 1757 1528 1835 portis·
1550 1753 1847 1815 Caucasiis
1873 1772 1979 1833 per
1998 1770 2163 1813 mon·

163 1839 238 1898 tis
263 1837 589 1913 Gordynios
612 1839 813 1914 Valli,
833 1839 1041 1914 suani,
1077 1839 1614 1916 indomitaegentes
1632 1883 1649 1914 ‚
1678 1836 2017 1899 auritamen
2037 1857 2161 1898 me·
2179 1853 2234 1894 20

166 1920 304 1981 talla
332 1921 593 1991 fodiunt«
629 1921 815 1982 abbis
842 1924 916 1984 ad
936 1923 1176 1983 Pontum
1191 1933 1382 2001 'usque
1407 1922 1832 1983 Heniochorum
1855 1922 2160 1999 plura-‚ge-

163 2022 325 2081 nera,
354 2022 489 2064 mox
509 2005 894 2067 Achaeorum.
939 2006 1025 2067 Ita
1055 2025 1119 2066 se
1142 2007 1319 2067 habet
1347 2016 1627 2067 terrarum
1651 2008 1810 2066 sinus
1842 2023 1876 2063 e
1907 2004 2159 2064 clarissi-

81 2098 147 2151 31
171 2088 296 2147 mis.
341 2088 539 2167 Aliqui
558 2090 706 2150 inter
729 2089 967 2150 Pontum
991 2099 1048 2150 et
1063 2089 1329 2169 Caspium
1350 2108 1507 2150 mare
1525 2087 1881 2149 CCCLXXV
1902 2087 2158 2164 Mpass.‚'

163 2188 278 2238 non
313 2172 553 2272 amplius
579 2175 865 2234 interesse
899 2174 1287 2250 tradiderunt,
1337 2172 1644 2233 Cornelius
1672 2169 2050 2250 Nepos'CCL
2078 2170 2156 2230 M.-

162 2256 339 2316 tantis
357 2258 561 2317 iterum
581 2259 859 2334 angustiis
883 2259 1184 2319 infestatur
1197 2219 1354 2317 Asia.
1412 2254 1684 2317 Claudius
1700 2254 1919 2315 Caesar
1940 2272 1974 2315 a
2003 2251 2152 2313 Cim·
2173 2279 2228 2319 25

162 2340 344 2399 merio
374 2340 655 2419 Bosporo
676 2342 755 2402 ad
777 2340 1047 2421 Caspium
1072 2360 1237 2404 mare
1262 2339 1353 2400 CL
1374 2339 1442 2399 M
1457 2340 1738 2432 prodidit,
1789 2349 1996 2415 eaque
2019 2355 2153 2416 per·-

163 2423 369 2483 fodere
406 2427 697 2500 cogitasse
733 2425 1066 2487 Nicatorem
1102 2426 1412 2492 Seleucum
1443 2439 1556 2501 quo
1585 2431 1852 2500 tempore
1894 2440 1927 2481 a
1962 2420 2154 2481 Ptole·

161 2522 327 2566 maeo
359 2505 621 2569 Cerauno
661 2511 734 2570 sit
781 2510 1141 2570 interfectus.
1185 2527 1247 2569 a
1282 2508 1465 2587 portis
1490 2504 1787 2622 Caucasiis
1826 2505 1898 2566 ad
1918 2505 2154 2565 Pontum

166 2588 262 2649 CC
289 2588 347 2649 M
367 2608 523 2667 pass.
554 2610 689 2653 esse
715 2603 951 2654 constat
961 2593 1108 2653 fere.
1437 2619 1442 2626 ¹
1487 2619 1491 2626 ·

79 2682 148 2735 32
341 2672 436 2733 12.
490 2676 657 2756 (13)
708 2677 935 2737 Insulae
971 2678 1030 2737 in
1067 2676 1254 2737 Ponto
1274 2645 1543 2736 Planctae
1565 2676 1695 2734 sive
1733 2673 2004 2748 Cyaneae
2026 2672 2148 2732 sive
2167 2689 2220 2732 ao

163 2757 631 2836 Symplegades.
666 2760 891 2821 deinde
927 2760 1239 2839 Apollonia
1262 2759 1512 2835 Thynias
1535 2758 1721 2832 dicta,
1749 2765 1809 2817 ut
1843 2757 2149 2832 distingue·

164 2850 322 2901 retur
344 2840 415 2902 ab
437 2861 504 2903 ea
524 2851 680 2922 quae
704 2854 795 2904 est
818 2845 876 2904 in
898 2843 1151 2922 Europa
1199 2844 1368 2903 distat
1389 2861 1422 2902 a
1445 2843 1770 2904 continente
1791 2837 2148 2918 passibusM

167 2926 413 3001 cingitur
433 2924 541 2987 1111
564 2926 638 2987 M.
662 2935 733 2988 et
759 2937 956 2987 contra
966 2927 1354 2987 Pharnaceam
1367 2924 1735 3024 Chalceritis‚
1765 2940 1932 3001 quam
1946 2921 2149 2982 Graeci

165 3007 360 3068 Ariam
387 3010 651 3071 dixerunt
677 3011 963 3090 Martique
1006 3019 1263 3086 sacram,
1304 3013 1363 3070 et
1394 3011 1449 3106 in
1480 3026 1552 3068 ea
1585 3007 1859 3069 volucres
1892 3023 2034 3065 cum
2051 3004 2145 3066 ad-

161 3092 326 3150 venis
353 3110 642 3170 pugnasse
673 3096 967 3174 pinnarum
1003 3095 1138 3153 ictu.
2162 3109 2212 3150 8⁵

76 3182 147 3237 33
339 3174 435 3235 13.
477 3177 642 3257 (14.)
687 3178 850 3238 Nunc
866 3177 1132 3238 omnibus
1162 3194 1309 3255 quae
1334 3184 1459 3236 sunt
1480 3176 1658 3235 Asiae
1685 3173 1970 3235 interiora
1985 3172 2143 3232 dictis

162 3256 418 3335 Ripaeos
446 3264 656 3321 montis
678 3255 1044 3322 transcendat
1065 3262 1282 3321 animus
1306 3260 1625 3337 dextraque
1648 3259 1817 3318 litore
1842 3257 2045 3317 oceani
2066 3256 2141 3314 iu-

165 3341 351 3401 cedat.
442 3342 647 3404 Tribus
678 3344 772 3405 bic
801 3364 835 3406 e
885 3344 1143 3424 partibus
1182 3344 1330 3416 caeli
1364 3343 1614 3405 adluens
1627 3342 1823 3403 Asiam
1843 3338 2196 3426 Scythicus
