2320 3650
566 117 725 166 mr.
761 115 942 164 ms'r.
971 116 1048 164 11.
1092 110 1328 166 37—41.
1364 99 1658 185 (37—-41.)
1805 124 1844 138 ··
2058 102 2137 164 87

160 273 233 334 ad
264 288 428 332 suam
458 271 665 350 cuique
697 278 953 331 naturam
980 269 1206 330 fertilis.
1266 270 1378 331 alia
1412 279 1541 348 sunt
1569 271 1625 329 in
1658 270 1940 348 liquorem
1970 269 2140 329 soluti

160 357 375 416 umoris
406 354 688 429 fecunda,
737 353 848 413 alia
895 355 1153 413 concreti
1197 355 1256 412 in
1296 354 1527 431 pruinas
1570 363 1664 413 aut
1718 355 1904 413 coacti
1952 354 2009 411 in
2055 354 2137 411 ni·

159 441 248 500 vis
278 449 376 499 aut
411 437 644 515 glaciati
665 438 722 496 in
750 437 1080 514 grandines,
1119 437 1231 498 alia
1255 435 1453 512 flatus,
1486 437 1598 496 alia
1622 439 1862 514 teporiS,
1900 437 2009 497 alia
2041 455 2138 496 va-

160 524 357 603 poris,
403 521 516 581 alia
548 523 735 597 rorist,
777 520 890 580 alia
934 521 1162 597 rigoris.
1222 519 1349 580 Nec
1378 538 1521 580 vero
1554 520 1701 580 haec
1744 529 1896 581 tanta
1926 520 2140 579 debent

115 606 492 667 sexistumari
540 614 746 683 quanta
790 614 1120 680 cernuntur,
1182 623 1306 664 cum
1345 623 1479 664 esse
1535 621 1728 663 eorum
1775 603 1985 662 nullum
2038 605 2138 662 mi-

155 710 260 765 nus
297 690 429 749 luna
479 696 590 747 tam
642 689 934 747 inmensae
974 687 1281 747 altitudinis
1331 690 1478 748 ratio
1510 688 1785 747 declaret.
1839 685 2015 763 Igitur
2046 689 2101 745 in
2124 697 2222 749 106

155 791 262 834 sno
298 790 563 852 quaeque
594 780 749 830 motu
778 780 1032 830 naturam
1064 789 1220 830 suam
1253 780 1562 848 exercent,
1600 772 1754 850 quod
1784 771 2157 830 manifestum·

154 857 390 918 Saturni
432 872 695 914 maxume
741 855 1013 913 transitus
1057 854 1330 914 imbribus
1375 856 1607 915 faciunt.
1668 854 1794 914 Nec
1838 854 2139 914 meantium

156 941 334 1001 modo
368 940 621 998 siderum
649 938 798 998 haec
827 940 916 996 vis
949 947 1037 997 est
1067 939 1173 998 sed
1195 939 1494 998 multorum
1518 940 1690 999 etiam
1714 937 2140 999 adhaerentium

90 1041 138 1083 ιο
163 1023 356 1098 caelu,
391 1023 656 1100 quotiens
693 1023 998 1081 errantium
1028 1039 1272 1081 accessu
1303 1023 1524 1101 inpulsa
1548 1031 1642 1083 aut
1666 1023 1928 1082 coniectu
1950 1021 2137 1080 radio·
2192 1096 2196 1099 γ

153 1126 282 1169 rum
317 1105 677 1166 exstimulata
709 1114 866 1181 sunt,
917 1104 1163 1183 qualiter
1200 1106 1259 1164 in
1300 1106 1513 1165 suculis
1544 1109 1814 1165 sentimus
1844 1105 2136 1179 accidere,

157 1209 304 1271 quas
328 1189 539 1250 Graeci
565 1187 640 1248 ob
665 1189 721 1248 id
743 1189 940 1267 pluvio
965 1189 1194 1248 nomine
1216 1190 1526 1268 appellant.
1567 1191 1700 1270 quin
1723 1199 1781 1249 et
1804 1208 1907 1253 sua
1932 1197 2138 1267 sponte

155 1273 442 1355 quaedam
475 1275 747 1350 statisque
779 1272 1165 1350 temporibus,
1213 1283 1271 1332 ut
1298 1273 1612 1334 haedorum
1644 1283 1895 1334 exortus.
1930 1273 2139 1332 arcturi

153 1375 304 1419 vero
328 1356 486 1416 sidus
519 1374 633 1416 non
666 1356 849 1416 ferme
885 1357 1009 1415 sine
1046 1355 1380 1434 procellosa
1408 1358 1684 1434 grandine
1712 1357 1969 1434 emergit.

88 1462 137 1504 ιε»
280 1441 384 1501 40.
429 1440 597 1519 (40.)
629 1439 772 1499 Nam
804 1440 1100 1500 caniculae
1143 1450 1353 1500 exortu
1392 1441 1634 1501 accendi
1669 1441 1812 1500 solis
1841 1449 2093 1518 vapores
2122 1446 2222 1500 107

155 1524 286 1604 quis
321 1525 579 1602 ignorat,
634 1525 794 1582 cuius
839 1524 1048 1583 sideris
1091 1523 1335 1584 effectus
1376 1525 1703 1603 amplissimi
1733 1525 1788 1583 in
1822 1533 1975 1582 terra
2010 1520 2137 1581 seh-

152 1605 407 1669 tiuntur?
463 1606 714 1667 Fervent
743 1608 920 1666 maria
953 1609 1255 1668 exoriente
1287 1625 1381 1684 ec,
1414 1609 1683 1668 fluctuant
1713 1609 1770 1667 in
1802 1606 1967 1666 cellis
1986 1608 2137 1679 vina,

154 1701 462 1752 moventur
496 1698 713 1767 stagna.
768 1709 1007 1768 orygem
1037 1691 1295 1770 appellat
1325 1692 1628 1771 Aegyptus
1673 1692 1854 1751 feram
1887 1708 2051 1768 quam
2084 1690 2140 1748 in

157 1784 368 1838 exortu
400 1776 525 1836 eius
561 1784 758 1836 contra
793 1785 947 1835 stare
989 1784 1048 1835 et
1091 1779 1352 1837 contueri
1382 1778 1551 1838 tradit
1584 1795 1652 1837 ac
1678 1775 1838 1836 velut
1871 1775 2136 1847 adorare,

87 1882 140 1924 ιο
157 1879 285 1922 cum
329 1861 654 1919 sternuerit.
713 1878 889 1919 canes
931 1860 1160 1944 quidem
1202 1870 1324 1923 toto
1374 1880 1447 1922 eo
1479 1862 1664 1942 spatio
1696 1862 1935 1921 maxime
1964 1860 2021 1918 in
2049 1876 2136 1917 ra-

153 1944 308 2004 biem
338 1945 435 2020 agi
463 1962 578 2004 non
608 1951 697 2002 est
731 1937 978 2003 dubium.

274 2028 378 2087 41.
417 2028 582 2107 (41.)
622 2025 817 2099 Quin
800 2046 856 2086 ιιι
886 2027 1144 2106 partibus
1171 2046 1403 2128 quoque
1433 2030 1722 2107 signorum
1739 2028 2096 2108 quorundam
2121 2036 2222 2090 108

153 2129 257 2171 sua
286 2111 378 2169 vis
412 2113 580 2187 inest,
613 2120 674 2169 nt
704 2112 1011 2171 autumnali
1042 2115 1409 2190 aequinoctio
1442 2112 1785 2193 brumaque,
1830 2131 1956 2172 cum
1997 2121 2137 2171 tem-

153 2192 478 2274 pestatibus
526 2194 734 2254 confici
781 2196 937 2254 sidus
983 2196 1399 2272 intellegimuS,
1448 2215 1560 2257 nec
1605 2160 1880 2256 imbribus
1931 2206 2138 2255 tantum

89 2278 733 2359 ιᾱῑοιιιρθειιιιίὴιιεᾳιιε
754 2280 860 2339 sed
907 2279 1097 2338 multis
1143 2288 1202 2338 et
1245 2297 1551 2357 corporum
1602 2289 1660 2340 et
1711 2282 1859 2340 ruris
1909 2281 2136 2359 experi—

152 2363 381 2421 mentis.
442 2361 721 2422 adflantur
751 2363 847 2423 alii
876 2363 1104 2440 sidere,
1157 2363 1253 2423 alii
1289 2373 1698 2423 conmoventur
1727 2366 1887 2423 statis
1917 2372 2136 2441 tempo·

154 2445 315 2505 ribus
360 2445 528 2520 alvu,
576 2447 803 2520 nerviS,
849 2448 1072 2525 capite,
1116 2456 1328 2507 mente.
1384 2448 1514 2507 olea
1547 2457 1605 2508 et
1638 2448 1887 2527 populus
1917 2447 2047 2508 alba
2080 2457 2141 2506 et

156 2529 374 2589 salices
415 2530 663 2589 solstitio
704 2530 844 2590 folia
892 2532 1303 2608 circumagunt.
1367 2530 1534 2591 floret
1576 2533 1710 2610 ipso
1758 2531 1996 2591 brumali
2043 2531 2137 2590 die

158 2629 445 2691 suspensa
486 2614 543 2671 in
586 2615 757 2674 tectis
799 2616 1011 2673 arentis
1055 2614 1238 2676 herba
1280 2615 1456 2694 pulei.
1515 2624 1840 2694 rumpuntur
1884 2617 2134 2674 intentae

87 2706 137 2748 ³⁰
157 2697 361 2775 spiritu
388 2695 774 2758 membranae.
828 2696 1062 2757 Miretur
1091 2698 1205 2758 hoc
1236 2701 1330 2778 qui
1362 2716 1476 2758 non
1503 2699 1778 2759 observet
1809 2699 2095 2759 cotidiano
2119 2709 2221 2762 109

154 2781 554 2857 experimento
579 2780 815 2840 herbam
830 2795 1018 2857 unam,
1047 2800 1193 2860 quae
1214 2792 1454 2843 vocatur
1474 2783 1897 2862 heliotropium,
1923 2781 2134 2842 abeun-

151 2873 270 2924 tem
314 2864 500 2923 solem
543 2866 751 2924 intueri
791 2883 1024 2943 semper
1071 2867 1448 2946 omnibusque
1489 2867 1647 2927 horis
1697 2885 1821 2926 cum
1866 2883 1938 2925 eo
1989 2867 2136 2924 verti

152 2947 251 3007 vel
282 2947 481 3007 nubilo
515 2947 923 3024 obumbrante,
971 2950 1080 3009 iam
1125 2951 1355 3029 quidem
1386 2951 1565 3011 lunari
1596 2958 1883 3029 potestate
1916 2958 2134 3008 ostrea-

153 3049 281 3090 rum
313 3031 866 3110 conchyliorumque
901 3042 958 3092 et
990 3034 1339 3093 concharum
1374 3038 1617 3094 omnium
1654 3051 1901 3113 corpora
1935 3034 2135 3109 augeri

90 3134 138 3177 35
156 3132 225 3174 ac
260 3133 459 3174 rursus
488 3116 678 3174 minui.
748 3115 896 3189 Quin
928 3125 985 3176 et
1015 3119 1263 3177 soricum
1297 3118 1471 3178 fibras
1500 3119 1862 3196 respondere
1899 3134 2133 3176 numero

155 3198 324 3258 lunae
358 3200 729 3278 exquisivere
762 3201 1192 3277 diligentioreS,
1219 3202 1653 3281 minumumque
1685 3202 1907 3277 animal,
1942 3200 2132 3261 formi-

154 3298 300 3356 cam,
335 3285 551 3342 sentire
582 3284 720 3342 viris
755 3285 961 3344 sideris
985 3284 1286 3344 interlunio
1312 3304 1544 3363 semper
1571 3296 1909 3347 cessantem.
1966 3283 2092 3357 Quo
2118 3294 2217 3345 110

152 3368 377 3446 turpior
406 3366 617 3428 homini
644 3369 869 3429 ‘inscitia
905 3369 1219 3429 est·fatenti
1253 3370 1564 3448 praecipue
1596 3372 1969 3431 iumentorum
1994 3384 2129 3445 quo-

2211 3553 2295 3565 Α
